4784 7068
647 547 1477 624 uov.1usr1u.rru.xv111.
1778 531 1785 543 ‘
1924 555 2001 628 scs

247 735 384 840 [d'.]⁵⁶)
425 744 544 830 θεῖος·
559 736 812 840 πραγματικὸς
843 737 960 830 τύπος
989 767 1052 815 κα·
1196 738 1348 838 (Consi.
1380 742 1443 840 d.)
1490 739 1606 818 Sacra
1641 744 1854 844 pragmatica
1892 745 2002 820 forma

165 837 376 938 ταπεινωθεὶς
397 846 403 932 l
426 842 473 919 ⁵⁷)
504 841 669 940 Δομνίκιρ
708 840 851 940 ἐπάρχῳ
891 850 958 916 τοῦ
988 842 1052 916 Ἰλ-
1093 843 1265 918 Domuico
1284 844 1463 944 praesecto
1483 843 1620 944 liiyrici
1636 845 1744 918 missa
1765 869 1882 920 eorum
1899 869 2005 920 caus·

164 945 291 1042 λυρικοῠ
313 939 422 1041 χάριν
446 949 518 1014 τῶν
544 943 580 1028 ἐξ
601 941 855 1046 ένοιπογριὶφοο
876 941 936 1018 καὶ
958 946 1051 1018 ι’·λευ-
1094 971 1152 1038 sa,
1186 944 1244 1042 qui
1269 968 1317 1019 ex
1342 944 1569 1046 adscriptieio
1601 957 1638 1021 et
1663 947 1772 1021 libera
1802 957 2003 1042 rasennam,

163 1047 261 1144 δέρας
279 1043 495 1138 τικτομένων
512 1039 572 1116 καλ
592 1041 675 1144 περὶ
693 1053 801 1144 γονῆς
823 1047 951 1125 cov⁵⁸t
974 1050 1053 1120 ένα-
1096 1057 1134 1122 et
1173 1043 1219 1122 de
1257 1043 1558 1149 adscripticiorum
1588 1048 1688 1152 prole
1727 1055 1763 1124 et
1794 1047 1874 1122 aliie
1905 1047 2003 1150 eapi-

162 1143 341 1245 noypdproa
371 1141 432 1217 καὶ
456 1147 585 1245 ἑτέρων
611 1149 820 1247 κεφαλαίων.
1095 1147 1190 1222 iulio.

166 1415 173 1436 ε
212 1331 242 1432 ’β
250 1326 677 1488 ρῦρδςξβρσιλεῦςΔομνλιῳὸθ).
697 1329 880 1398 'elatione
897 1334 1052 1416 ῆμῦνῦθ)
1178 1338 1260 1400 Idem
1281 1337 1439 1412 inperator
1458 1337 1609 1397 oomnico.
1638 1339 1839 1414 Ιπιτιτορουῦι
1859 1353 1916 1398 ποι
1933 1340 2002 1412 ςέο·
2020 1345 2080 1389 sov.
2098 1342 2153 1388 ¹⁶⁸·

160 1441 232 1498 ιγση
271 1441 284 1478 ν
313 1439 329 1478 ο
359 1439 451 1497 οτης.
1096 1428 1146 1485 ria
1167 1432 1230 1484 toa.

231 1547 296 1614 ’Eds
322 1551 438 1628 τίςθῑ),
473 1547 566 1632 ἁπλῆν
577 1553 625 1632 ⁶²)
652 1549 759 1634 δωρεὰν
787 1555 870 1634 law)
900 1559 1055 1618 συνεστῶτι
1180 1559 1317 1631 siquis,
1345 1571 1412 1614 cum
1440 1561 1592 1614 constante
1614 1557 1796 1616 matrimonio
1820 1557 1909 1614 uxori
1931 1573 2005 1614 suae

159 1633 285 1720 ydppos)
318 1641 357 1708 εἰς
383 1631 433 1714 τῆν
463 1639 535 1697 λδέαν
564 1643 712 1718 ἐκθέμενος
734 1637 870 1720 γαμετήν,
899 1637 938 1720 μὴ
961 1642 1053 1720 τραδι-
1096 1643 1258 1718 simplicem
1281 1643 1466 1699 donationem
1487 1643 1624 1716 iecisset,
1645 1659 1694 1699 res
1716 1645 1839 1700 donatas
1861 1659 1918 1698 non
1939 1649 2004 1699 tra·
2052 1665 2059 1679 ·

159 1719 234 1800 ardep
262 1721 311 1800 pia
339 1717 376 1780 τὰ
403 1723 582 1800 δωρηθέντα,
615 1723 837 1804 ἐφῆσυγάσρθὸ)
867 1725 896 1785 δῦ
916 1727 995 1806 μέχρι
1006 1721 1053 1798 ⁶⁰)
1097 1729 1222 1802 diderit,
1252 1727 1378 1784 tacuerit
1413 1733 1510 1782 autem
1544 1743 1639 1798 usque
1665 1727 1703 1784 ad
1730 1733 1850 1786 mortem
1879 1726 2005 1802 (suam),
2167 1795 2179 1818 ⁰

159 1808 292 1883 τελευτῆς,
325 1807 487 1885 βεβαιοῦται
513 1803 530 1883 ἡ
559 1807 674 1886 τοιαύτη
702 1806 794 1892 δωρεαὶ
821 1807 880 1872 ἀπὸ
909 1816 961 1870 τοῦ
989 1802 1053 1890 χρό·
1097 1815 1165 1871 talis
1192 1812 1309 1869 donatio
1331 1811 1529 1882 confirmatur,
1567 1828 1585 1866 a
1612 1817 1741 1884 tempore
1763 1813 1926 1883 scripturae
1947 1829 2006 1868 va-
2084 1826 2092 1835 ·

159 1889 256 1968 moti)
284 1895 334 1969 τῆς
362 1889 526 1969 γραφῆςθθ)
557 1888 608 1970 τὴν
629 1889 768 1954 σῦστασιν
795 1893 904 1976 ἔχουσα
941 1896 987 1954 καὶ
1009 1887 1054 1953 ov'-
1096 1899 1186 1957 iorem
1211 1897 1323 1954 habens
1344 1912 1440 1952 suum.
1482 1897 1530 1952 Ac
1551 1895 1656 1954 mulier
1686 1913 1749 1954 cam
1776 1903 1877 1970 petere
1899 1901 2005 1968 potest,

158 1997 234 2037 ναται
254 1973 270 2053 ῆ
291 1969 358 2054 γυνὴ
379 1973 506 2034 ἀπαιτεῖν
524 1972 613 2055 αὐτὴν
634 1973 650 2056 ἢ
670 1977 771 2058 καὶθθ)
793 1983 924 2060 νεμομένη
933 1976 979 2055 ²⁰)
1001 1999 1055 2038 πο·
1097 1989 1149 2040 aut
1176 1983 1281 2064 etiam,
1316 1981 1343 2038 si
1373 1980 1537 2054 possideat,
1568 1995 1637 2056 eos,
1668 1983 1718 2052 qui
1752 1998 1815 2038 eam
1848 1983 2005 2038 convenire

158 2055 353 2140 perpatesceret
377 2054 444 2129 τοὺς
471 2053 574 2138 διάγειν
602 2057 745 2142 atriae)
773 2067 963 2144 βουλομένους.
1007 2084 1055 2140 on·
1097 2069 1217 2141 volunt,
1245 2066 1418 2139 exceptione
1446 2079 1638 2122 summovere.
1679 2067 1758 2123 Nota
1778 2067 1819 2140 id,
1848 2065 1924 2138 qnod
1948 2081 2006 2136 op-

158 2143 321 2224 patmcoa⁷¹J
336 2141 450 2220 ὡραῖον,
472 2137 525 2216 ὅτι,
547 2145 627 2224 εέῦθ)
648 2147 750 2223 natu)
771 2144 915 2210 ῦπόῦεται
930 2153 970 2220 (v.
985 2141 1055 2208 ὑπό·
1096 2157 1221 2226 portuno
1248 2151 1313 2208 ioco
1336 2151 1459 2218 dicitur,
1487 2151 1543 2206 etsi
1564 2150 1677 2224 virid,
1707 2151 1783 2224 quod
1811 2149 1925 2207 mulieri
1948 2149 2006 2206 do-

159 2227 308 2308 opcar)⁷⁵)
335 2227 437 2306 nato>
466 2229 692 2308 isaxvplcceffl)
722 2230 738 2293 ὁ
766 2228 838 2314 α’νῆρ
863 2229 897 2294 τὸ
925 2229 1055 2312 δωρηθλν
1097 2241 1197 2294 natum
1226 2242 1282 2311 est,
1303 2235 1488 2307 hypothecae
1513 2239 1544 2290 et
1570 2235 1688 2308 pignori
1715 2236 1873 2310 obligavit,
1902 2241 1934 2290 ut
1955 2235 2006 2290 di-

159 2307 317 2394 τῆγιναικῆ
340 2312 382 2388 (v,
403 2315 540 2392 γυναικί),
568 2311 608 2385 ὥς
629 2313 751 2394 oppono,
779 2315 812 2379 οῦ
835 2317 964 2395 contro)
987 2313 1055 2376 οἰνα-
1097 2327 1176 2378 otum
1205 2325 1264 2396 est,
1295 2337 1353 2376 non
1374 2319 1469 2374 videri
1491 2319 1675 2376 donationem
1698 2335 1849 2390 revocare,
1871 2319 1924 2374 scd
1945 2335 2007 2374 rem

160 2399 304 2459 καλεῖσθαι
345 2393 397 2473 τὴν
436 2394 565 2474 δωρεάν,
614 2397 680 2462 ἀλλ’
725 2397 859 2464 ἔκδικ’σει
898 2397 932 2462 τὸ
968 2403 1055 2478 διοριγ·
1096 2406 1231 2462 donatam
1253 2421 1272 2459 a
1299 2405 1421 2462 muliere
1449 2405 1629 2460 vindicatum
1651 2405 1705 2478 iri,
1734 2405 1817 2476 quasi
1839 2406 1896 2460 iam
1917 2409 2007 2458 antea

159 2483 209 2542 οῦν
228 2479 243 2560 ι)
265 2476 329 2561 γυνὴ
351 2478 390 2552 ὡς
408 2484 680 2562 Ιπροεκπεποογμένον
702 2485 773 2568 αὐτῆ
794 2485 916 2568 ponii),
942 2487 989 2546 καλ
1009 2479 1054 2546 ὅτι
1097 2491 1275 2546 alienatione
1303 2489 1340 2545 ad
1367 2490 1459 2560 ipsam
1489 2488 1631 2544 translata
1656 2493 1753 2562 esset;
1789 2493 1818 2544 et
1846 2489 1893 2560 id,
1929 2487 2008 2558 quod

158 2565 276 2645 ῦπὲρθθ)
299 2561 365 2638 τοῦς
386 2559 485 2644 φλθῑ)
507 2565 682 2648 ponentis-⁸2)
705 2617 768 2633 .....
789 2575 835 2632 καλ
857 2573 901 2632 ἐπὶ
922 2577 979 2631 τῶν
999 2591 1054 2630 τοι·
1097 2577 1275 2649 quingentos
1297 2589 1403 2630 aureos
1425 2579 1560 2645 superat,
1583 2573 1628 2648 (ai
1649 2575 1725 2630 actis
1747 2574 1927 2630 insinuatum
1949 2587 2008 2629 non

159 2647 243 2712 οῦτοι
262 2655 379 2730 δωρεῶν.
408 2648 749 2735 ὀέξέναπογράφσυθθ)
770 2659 817 2718 καὶ
838 2657 991 2735 ἐλευθέρας
1012 2675 1054 2714 τι·
1096 2660 1153 2732 sit,
1183 2675 1241 2715 non
1268 2659 1384 2732 valere,
1413 2658 1514 2714 valere
1549 2665 1646 2715 autem
1674 2659 1715 2731 id,
1743 2658 1819 2730 quod
1847 2673 1942 2728 nsque
1969 2657 2008 2712 ad

159 2737 235 2816 χοεῖς
260 2731 309 2814 τῆν
335 2740 386 2813 τῆς
411 2729 520 2814 μητρὸς
546 2734 702 2814 μιτοιδιόκει
737 2741 778 2818 (v.
805 2735 981 2821 μεταδιώκει)
1008 2733 1054 2800 τῦ·
1096 2745 1274 2818 quingentos
1301 2758 1406 2799 aureos
1427 2741 1505 2816 est),
1533 2747 1563 2798 ct
1592 2745 1622 2798 in
1656 2744 1765 2800 talibus
1793 2742 2008 2800 donationibus.

160 2842 216 2898 γῆν,
240 2815 421 2899 ἀναγκάζεται
447 2817 476 2878 at
503 2812 581 2898 ὅμως
614 2826 643 2882 έν
671 2815 693 2900 ᾧ
722 2829 824 2906 ἐτέχθη
852 2829 945 2906 χωρέςι
973 2829 1055 2885 οἰκεῖν
1095 2831 1140 2903 is,
1170 2829 1219 2900 qui
1247 2843 1286 2886 ex
1313 2827 1502 2898 adscripticio
1532 2831 1564 2882 et
1583 2828 1677 2884 libera
1698 2833 1786 2886 natus
1812 2833 1875 2902 est,
1904 2827 2007 2884 matris

160 2913 203 2978 (a.
223 2906 314 2982 οῦιιῖν)
341 2905 388 2964 καὶ
416 2899 510 2982 voe)
537 2909 566 2966 έν
594 2904 673 2983 αὐτῷ
702 2923 830 2991 γεωργεῖν
856 2905 953 2990 γῆδια,
985 2909 1055 2989 έχων
1095 2913 1291 2972 conditionem
1320 2913 1469 2984 scquitnr3
1498 2912 1615 2984 cogitur
1641 2899 1739 2970 autem
1760 2913 1792 2970 iu
1820 2929 1856 2970 eo
1877 2911 2007 2984 praedio,

159 2983 301 3069 δεῦοερον
320 2983 355 3049 τὸ
376 2983 538 3062 πεκοῦλων,
563 2987 636 3070 πλῆν
658 2997 685 3054 ελ
701 2990 740 3074 μῆ
758 2995 764 3074 Ι
784 2993 831 3074 ⁸⁶)
853 2999 949 3076 ἐτέρας
970 2997 1056 3073 δῦοιῆς
1096 2999 1148 3055 ubi
1168 3003 1254 3055 natura
1281 3002 1341 3072 est,
1371 2997 1503 3053 habitare
1525 2997 1648 3068 eiusque
1675 3013 1764 3072 agros
1786 2998 1898 3070 coiere,
1927 2997 2007 3052 libe-

159 3076 269 3145 κτίσεως
289 3072 331 3151 (9·
352 3068 488 3152 κτήσεως)
510 3076 619 3154 γένηται
639 3072 741 3156 κῦρως,
772 3087 860 3151 ι’κανῖς
884 3081 924 3156 (ν.
947 3076 1054 3154 ἱκανῆς)
1097 3097 1160 3139 rum
1190 3083 1303 3139 habens
1329 3081 1494 3154 peculium,
1521 3080 1579 3138 nisi
1606 3087 1635 3136 ct
1662 3083 1739 3138 alins
1765 3082 1905 3154 specialis
1930 3095 2006 3152 pos·

161 3149 243 3235 οῦσῆς
268 3161 304 3228 εἰς
331 3153 382 3236 τὴν
409 3155 497 3236 αὐτῆς
523 3163 657 3239 γεωργΙαν
684 3161 937 3244 ἀποσχολῆσαιθὸ)
959 3159 1056 3236 αὐτόν,
1098 3167 1259 3240 sessionis,
1304 3183 1380 3238 quae
1407 3167 1502 3238 ipsum
1533 3165 1564 3222 in
1600 3183 1655 3222 sua
1684 3167 1799 3224 cultura
1831 3169 2006 3238 occupatum

158 3237 359 3320 μεθιστάμενον
387 3247 417 3302 έκ
445 3249 496 3320 τῆς
521 3249 662 3326 προτέρας
689 3243 878 3328 scirposus-⁸¹)
902 3253 940 3322 εἰς
961 3243 1056 3326 αὐτήν.
1097 3257 1197 3308 teneat
1232 3251 1322 3326 satis,
1362 3251 1520 3307 dominium
1555 3251 1747 3320 acquisiverit
1779 3256 1809 3306 et
1845 3267 1882 3307 ex
1910 3249 2007 3322 priore

159 3321 196 3386 τὰ
216 3321 287 3385 adad
308 3328 353 3389 καλ
381 3328 445 3406 περὶ
472 3328 587 3390 κολοιοῦ
615 3329 656 3407 (v.
678 3334 814 3412 κολωνοῦ)
837 3335 930 3413 φησίν,
958 3331 1058 3413 ὁρίζων
1098 3335 1280 3392 habitatione
1306 3335 1337 3392 in
1364 3336 1443 3392 iiiam
1471 3335 1669 3408 transmigret.
1710 3335 1820 3394 lisdem
1842 3335 1930 3391 etde
1952 3347 2007 3389 co-

159 3405 270 3470 κολοιὸν
291 3407 473 3490 (νκολωνὸν)
497 3409 565 3472 εἶναι
585 3409 636 3474 τὸν
656 3413 685 3488 ἐξ
705 3417 910 3497 dissuesce)
933 3413 1058 3500 γαστρὸς
1097 3421 1165 3478 lono
1202 3420 1289 3494 dicit,
1325 3419 1459 3478 coionum
1494 3434 1561 3475 eum
1596 3435 1664 3476 esse
1695 3425 1846 3492 statuens,
1883 3418 1933 3490 qui
1968 3433 2007 3473 ex

159 3499 187 3554 έν
208 3494 281 3574 ἀγρῷ
308 3499 457 3578 τεχθέντα,
490 3487 513 3572 ᾦ
542 3499 589 3557 καὶ
616 3494 667 3578 τῆν
688 3489 822 3582 γεώργέαν
846 3505 893 3564 καλ
920 3497 972 3582 τῆν
992 3504 1057 3563 διοέ-
1098 3509 1202 3562 ventre
1222 3505 1314 3562 libero
1337 3505 1368 3560 in
1389 3519 1462 3580 agro
1483 3508 1570 3560 natus
1593 3509 1654 3578 est,
1682 3505 1732 3560 cui
1753 3505 1841 3560 etiam
1863 3504 2007 3559 culturam

159 3601 237 3656 apen
271 3587 321 3642 τοῦ
354 3584 425 3642 έδιόυ
467 3579 508 3656 (v.
545 3583 629 3662 aiilon)
666 3583 807 3666 ἐπιβάλλει
840 3590 950 3669 χωρίου.
1009 3581 1057 3648 ἐὰν
1099 3595 1130 3646 et
1163 3589 1441 3646 administrationem
1476 3587 1589 3660 praedii
1619 3589 1666 3644 sui
1700 3589 1840 3664 iniungit.
1888 3588 1921 3644 Si
1948 3587 2005 3642 duo

158 3659 260 3746 ddo⁸⁹)
292 3661 539 3746 έναπόγραιροιθθ)
568 3664 707 3750 διαφόρου
741 3665 937 3750 sennonem)
964 3673 1057 3732 συνέλ-
1099 3673 1280 3746 adscripticii
1309 3675 1490 3730 diversorum
1524 3672 1703 3730 dominorum
1729 3673 1761 3730 in
1793 3671 2007 3729 matrimonium

159 3748 303 3824 aomcaeaffl)
330 3747 404 3848 πρὸς
432 3747 573 3830 ptumo)
602 3756 649 3813 καὶ
670 3759 774 3828 παῖδας
784 3755 830 3830 ⁹⁴)
853 3753 990 3838 έχωσιθὸ)
1011 3759 1057 3834 μέ·
1100 3759 1291 3816 convenerint
1318 3763 1348 3814 et
1369 3773 1467 3835 ,usque
1496 3757 1533 3814 ad
1569 3757 1691 3814 duorum
1719 3773 1869 3814 numerum
1896 3756 2007 3812 liberos

158 3853 204 3910 χρι
223 3829 315 3912 W)
336 3857 388 3896 τον
408 3830 549 3914 α’ριῦμόν,
583 3833 657 3916 πρὸς
676 3837 833 3920 tapeto)
855 3839 1056 3923 χωρέζιταιθθ)
1099 3845 1243 3916 habeant,
1271 3847 1350 3900 sorte
1371 3843 1474 3915 proies,
1498 3841 1647 3898 dividitur.
1690 3842 1742 3902 Sin
1764 3849 1824 3899 tres
1846 3841 1907 3898 nati
1929 3845 2008 3912 sunt,

159 3913 322 3997 ἠγονὴῦῦ).
365 3924 392 3980 εἰ
416 3920 444 3979 δὲ
471 3932 545 3998 τρεῖς
573 3925 695 4000 γένονται
724 3926 766 4004 (v.
787 3925 930 4006 γένωνται)
943 3926 979 4000 ¹),
1007 3921 1057 3988 δῦο
1099 3927 1157 3984 ῦυο
1193 3931 1313 3984 matrem
1347 3933 1520 4002 sequentur,
1555 3932 1584 3982 et
1617 3943 1695 3984 unus
1729 3933 1856 3999 patrem,
1895 3931 1940 3999 et,
1974 3930 2009 3980 ut

159 4005 193 4078 τῆ
213 4007 328 4084 pmii)
356 4001 644 4084 ciani.oodp'cevetr³)
672 4009 718 4068 καλ
739 4005 755 4069 ὁ
778 4005 816 4082 εἷς
835 4013 929 4090 πατρί
933 4007 981 4088 ⁴),
1010 4012 1057 4072 aci
1098 4012 1271 4084 simpliciter
1291 4011 1396 4086 dicam,
1417 4012 1444 4068 is
1467 4011 1653 4086 (numerus),
1683 4011 1786 4084 quiin
1808 4011 1933 4068 solidum
1956 4009 2007 4064 di-

161 4081 255 4160 ἁπλῶς
275 4093 375 4173 chata,
403 4085 453 4150 τὸν
479 4087 567 4168 μλνῦ)
595 4093 633 4162 εἰς
662 4087 815 4176 ὁλόκληρον
836 4098 993 4178 δωρεῖσθαι
1015 4095 1057 4175 (v.
1097 4097 1161 4154 vidi
1193 4101 1305 4171 potest,
1339 4113 1377 4155 ex
1411 4112 1505 4169 aequo
1539 4097 1656 4170 utrique
1686 4095 1765 4170 parti
1797 4095 1942 4170 proderit5
1975 4093 2008 4150 id

162 4170 342 4254 διαιρεῖσθαι)
351 4175 380 4254 6)
415 4169 567 4254 δυνάμενον
599 4173 691 4255 ἐξέσιγς
723 4179 882 4260 έκαιέρῳῖ)
911 4175 1057 4262 πρυχωρή·

227 4359 270 4415 66)
286 4359 417 4411 Numeros
434 4357 472 4409 δ’.
494 4363 521 4410 in
540 4359 639 4410 Codice
656 4360 741 4413 deest.
812 4365 860 4423 67)
876 4365 975 4427 incipit
991 4365 1040 4414 soi.
1056 4363 1116 4415 174.
1133 4366 1163 4416 Β.
1246 4365 1293 4423 66)
1309 4363 1363 4414 Pro
1379 4376 1448 4414 voce
1464 4366 1516 4414 τοῖν
1532 4364 1625 4416 Codex
1640 4364 1720 4414 habet
1735 4365 1771 4414 τῖ.
1854 4365 1901 4422 uo]
1918 4360 2009 4413 Codex

165 4421 194 4467 Β·
210 4421 334 4492 Avarius.
435 4429 482 4488 66)
506 4428 596 4479 Codex
620 4424 676 4492 ῆμῦ
708 4431 787 4482 habet
811 4445 861 4496 pro
882 4445 950 4482 voce
974 4427 1053 4498 ἡμῶν.
1098 4431 1190 4484 Codex
1214 4433 1244 4480 Β.
1269 4429 1386 4482 outone
1410 4425 1472 4496 ἡμῖν
1493 4433 1572 4482 habet
1595 4435 1657 4482 ioco
1679 4443 1774 4480 vocum
1792 4428 1910 4482 έντῦοιτο
1928 4427 2006 4494 ἡμῶν.

166 4488 211 4545 61)
225 4491 309 4543 Codex
326 4495 355 4542 Β.
372 4490 419 4544 δάν
433 4513 482 4552 τις.
551 4497 597 4557 67)
614 4499 668 4546 Ριο
685 4511 752 4548 voce
769 4496 857 4565 ἁπλῆν
873 4499 965 4552 Codex
982 4501 1061 4550 habet
1077 4496 1171 4566 ἁπλῆν.
1206 4504 1251 4552 stc
1269 4505 1297 4548 et
1313 4499 1404 4549 Codex
1422 4501 1450 4547 Β.
1527 4501 1573 4559 66)
1590 4502 1651 4549 Vox
1668 4497 1695 4548 έν
1711 4503 1739 4550 tu
1757 4497 1858 4550 Codice
1876 4499 1905 4547 B.
1923 4498 2008 4546 deest.

165 4557 211 4614 61)
225 4559 308 4610 Codex
324 4563 354 4610 Β.
371 4564 510 4613 συνεστῶτι
526 4566 562 4629 τῷ
579 4563 662 4633 γάμος).
695 4567 801 4617 Deinde
818 4580 900 4618 voees
917 4563 952 4634 μὴ
970 4567 1125 4636 τραδιτιῦσγγ
1142 4569 1188 4632 μέν
1204 4565 1240 4617 τὰ
1256 4566 1408 4636 δωρηθέντα
1423 4570 1452 4616 io
1469 4567 1568 4618 Codice
1585 4569 1614 4616 Β.
1632 4568 1736 4616 desunt.
1804 4569 1850 4626 es)
1868 4566 1960 4617 Codex
1977 4565 2008 4613 Β.

166 4638 316 4704 ‘totostoto
384 4648 432 4706 66)
449 4648 539 4699 Codex
556 4649 638 4714 μιχρί.
707 4652 753 4710 67)
770 4653 823 4703 Ριο
838 4650 935 4722 χρόνον
952 4651 1044 4702 Codex
1061 4651 1140 4700 habet
1154 4640 1210 4722 χρ).
1278 4652 1324 4709 66)
1343 4651 1396 4701 Pro
1413 4653 1513 4735 γραφῆς
1529 4651 1621 4702 Codex
1638 4652 1718 4701 habet
1733 4633 1807 4714 Π
1829 4651 1942 4700 Ponitur
1959 4660 2009 4696 an-

168 4715 218 4758 tem
233 4711 396 4764 donationem
414 4720 577 4780 inscriptis
601 4729 662 4767 esse
686 4720 792 4769 tectam
835 4723 902 4772 Nor.
925 4719 984 4770 162.
1008 4731 1067 4781 cap.
1083 4717 1109 4768 1.
1126 4721 1193 4770 hacc
1216 4722 1317 4786 λειριιυυ
1339 4719 1435 4770 habet:
1470 4715 1554 4778 ενθῦς
1575 4718 1602 4777 ἐξ
1623 4715 1704 4785 ἀρχῆς
1793 4718 1820 4776 tt
1842 4707 1874 4768 ed
1896 4717 2009 4778 γέγονεν.

167 4777 211 4834 69)
227 4777 311 4830 Codex
327 4784 356 4831 Β.
374 4780 399 4834 εἰ
415 4785 457 4834 τοὶ
474 4787 555 4838 lrabet
571 4799 620 4848 pro
637 4787 728 4836 verbis
747 4785 763 4854 ἢ
780 4786 831 4837 κοιλ.
903 4787 951 4847 76)
969 4787 1061 4838 Codex
1077 4789 1225 4872 νεμομένρν.
1261 4785 1352 4836 Codex
1368 4787 1398 4835 B.
1415 4788 1552 4853 νεμομένη.
1636 4787 1683 4847 71)
1700 4789 1753 4837 Pro
1770 4784 1853 4870 αῦτῆν
1870 4783 1963 4836 Codex
1978 4783 2010 4831 Β.

168 4843 240 4893 habet
255 4849 326 4917 αὐτῆ.
395 4853 442 4912 72)
460 4853 622 4922 Οοῦοτῖῆζᾷ
656 4853 747 4905 Codex
764 4857 793 4904 Β.
810 4857 963 4926 οημυροῖον.
1032 4855 1079 4912 76)
1096 4857 1157 4904 Vox
1174 4874 1197 4906 ει
1213 4858 1241 4904 tn
1259 4853 1359 4904 Codice
1376 4855 1405 4902 Β.
1423 4855 1506 4904 deest.
1573 4854 1620 4914 74)
1637 4855 1690 4906 Pro
1708 4855 1797 4904 verbis
1814 4871 1837 4902 ει
1854 4851 1897 4901 καὶ
1914 4849 2006 4900 Codex

166 4910 240 4961 habet
255 4915 280 4965 έν
295 4918 345 4968 κοιλ
380 4921 427 4978 76)
445 4923 474 4970 in
492 4921 591 4972 Codice
609 4924 638 4970 Β.
656 4929 698 4971 est
714 4920 841 4972 ὑπέθετο.
910 4923 957 4982 76)
974 4923 1028 4972 Pro
1045 4934 1113 4971 voce
1130 4922 1173 4972 καὶ
1190 4923 1282 4973 Codex
1298 4923 1328 4970 Β.
1346 4920 1457 4986 habeto
1475 4921 1526 4971 καί.
1612 4923 1658 4982 77)
1676 4921 1767 4971 Codex
1784 4923 1813 4970 Β.
1830 4917 2008 4982 ένεχειρίοισιν.

168 4977 356 5037 78)(3666116.
374 4987 450 5038 δοκεῖ.
518 4991 565 5048 76)
582 4989 672 5040 Codex
688 4989 718 5039 Β.
736 4992 816 5040 hebet
831 4985 883 5059 πρὸ
900 4989 1101 5052 έκπιιιοιιχμένον
1118 4987 1184 5055 αὐτῆ
1203 4985 1261 5056 ἤδη.
1329 4989 1375 5048 ffl)
1392 4989 1483 5040 Codex
1500 4991 1530 5038 B.
1547 4992 1628 5040 habet
1644 4986 1659 5054 ἦ
1677 4985 1743 5058 ιλιιέρ
1759 4987 1828 5043 τοῦτ.
1896 4984 2011 5043 81)οο-

168 5045 218 5094 dex
234 5050 260 5096 Β.
274 5057 454 5112 πεντακοσίους
469 5058 613 5127 χρυοῖνονς.
681 5059 728 5116 62)
745 5059 798 5108 Pro
813 5054 925 5126 χρυσοῦς
943 5057 1033 5109 Codex
1051 5057 1129 5107 habet
1144 5057 1274 5126 χρυσέους.
1308 5057 1406 5106 Postea
1422 5058 1519 5107 lacuna
1536 5071 1629 5108 versura
1648 5059 1725 5104 tinius
1743 5055 1896 5116 dimidiique
1913 5056 1941 5102 in
1954 5052 2009 5103 Co-

168 5113 228 5163 dice
242 5129 351 5184 ”iimi-
386 5125 486 5186 &oppio
500 5123 535 5175 τὰ
551 5122 587 5191 με)
605 5125 800 5186 tamensem
816 5123 1000 5190 ὑπομνήμασιν
1025 5122 1071 5173 οῦκ
1097 5125 1222 5194 ἔρρωται,
1249 5127 1358 5194 ῐρρνιται
1381 5123 1409 5174 δῦ
1429 5121 1464 5174 τὰ
1489 5127 1575 5194 μέχρις
1596 5120 1879 5194 τῶνφ’.χρυοῦνιιοὶ
1897 5119 2010 5170 ἐπὶτῶν

165 5183 281 5237 τοιοῦτον
296 5191 401 5260 depasto.
436 5194 507 5245 tha
522 5196 588 5242 h'ov.
606 5195 665 5243 162.
686 5205 743 5254 cap.
760 5194 786 5242 i.
822 5193 913 5243 Codex
930 5194 959 5240 Β.
977 5193 1044 5242 Ιιιιοο
1061 5194 1182 5242 lacunam
1206 5207 1240 5242 ex
1262 5197 1338 5256 parte
1363 5195 1404 5242 sto
1427 5195 1528 5255 expiet:
1564 5186 1645 5260 δωρεὰ
1668 5188 1715 5240 κᾶν
1736 5187 1771 5256 μῆ
1795 5192 1916 5257 προχοιῑ
1938 5189 2008 5251 (teg.

165 5257 294 5322 πραχθῇ),
310 5263 384 5329 μέχρι
401 5261 448 5326 τῆς
465 5261 611 5324 marimo:
626 5264 678 5311 τῶν
695 5259 737 5318 φ’.
753 5259 880 5328 χρυσλνων
896 5263 1000 5324 βέβαιον
1017 5259 1059 5324 iia
1078 5261 1144 5324 (ieg-
1162 5259 1233 5320 έῒει).
1307 5261 1353 5319 86)
1371 5260 1461 5310 Codex
1478 5257 1695 5326 έεεναπογράτιου.
1770 5257 1817 5315 si)
1835 5257 1887 5307 Pro
1903 5252 1939 5304 τὰ
1956 5255 2010 5305 Co-

166 5317 212 5367 dex
228 5323 302 5375 natet
317 5325 373 5376 τόν.
443 5329 489 5388 So)
506 5331 605 5390 incipit
622 5331 669 5378 toi.
686 5327 745 5378 176.
763 5329 798 5375 A.
865 5328 911 5387 86)
929 5329 1048 5377 Verbum
1064 5326 1219 5391 ἄπουχολεῖν
1235 5331 1301 5378 satis
1319 5339 1408 5378 ranam
1426 5335 1476 5376 cst.
1510 5327 1577 5374 Nou.
1602 5327 1660 5377 loe.
1683 5338 1742 5387 cap.
1759 5326 1785 5374 2.
1803 5322 1930 5385 ἀσχολεῖν.
1964 5325 2009 5372 An
2087 5337 2089 5342 ’

164 5385 294 5450 legendam
311 5393 455 5460 ἀοχολῆσαι
472 5398 515 5446 vei
533 5395 734 5459 ἀποσχολοὶυιιιδ
785 5395 832 5454 87)
849 5394 940 5446 Codex
957 5391 1089 5452 οἰκτίστοις.
1145 5398 1194 5454 88)
1212 5396 1303 5445 Codex
1319 5394 1494 5462 έξιλιυθέρας.
1571 5395 1688 5474 SCJdPro
1705 5390 1752 5442 δύο
1770 5392 1860 5442 Codex
1877 5393 1957 5440 hebet
1973 5385 2009 5458 ἶ

165 5455 207 5515 ⁹⁰)
222 5458 282 5510 Cod.
299 5466 327 5512 Β.
344 5461 372 5513 έν
389 5461 548 5534 ἀπὸγρειφοι.
603 5466 649 5526 ot)
667 5466 720 5513 Pro
737 5463 825 5512 vernis
842 5461 969 5534 διαφόρου
985 5461 1113 5514 δεσπόταιν
1130 5464 1195 5514 Cod.
1213 5465 1248 5512 X.
1264 5467 1304 5514 sic
1321 5465 1413 5513 habet:
1443 5447 1582 5531 drepdpd‘dc
1600 5459 1767 5517 δεσποτείας.
1824 5460 1870 5520 99)
1889 5459 1954 5508 Cod.
1972 5459 2007 5508 Χ.
2105 5493 2113 5513 .

165 5525 306 5580 συνέλθωσι.
346 5533 392 5592 93)
402 5533 467 5583 Cod.
476 5533 505 5581 B.
522 5551 615 5595 γαμον.
662 5531 894 5592 96)Οοῦ.παιδοις.
912 5557 946 5567 -
972 5530 1075 5580 codo.
1092 5531 1248 5588 seductrice
1265 5531 1368 5594 λ’χοιοιν,
1403 5529 1467 5579 Cod.
1478 5529 1512 5578 X.
1530 5529 1573 5578 καὶ
1589 5527 1685 5589 παῖδας
1703 5531 1789 5590 σχοῦσι.
1841 5529 1887 5588 96)
1904 5527 1957 5576 Pro
1973 5525 2007 5590 β’.

166 5591 247 5642 Codex
262 5601 290 5647 Β.
307 5601 388 5660 habet
404 5599 459 5649 δύο.
562 5603 609 5662 67)
632 5603 685 5651 Pro
706 5599 797 5650 verbis
820 5617 840 5648 τι
857 5596 885 5656 ὸς
907 5595 1001 5661 λαχνὸν
1024 5599 1114 5650 Codex
1140 5606 1168 5649 et
1190 5599 1272 5649 codd.
1298 5601 1327 5647 Β.
1349 5603 1377 5646 et
1393 5597 1427 5646 Χ.
1449 5597 1547 5646 hahent
1564 5594 1736 5664 νιροολαχμόν.
1770 5591 1862 5656 λοχνὸς
1879 5597 1950 5644 enirn
1967 5599 2009 5645 est
2083 5622 2093 5643 ι
2124 5614 2137 5636 o

166 5664 280 5724 ,,ιοιι.“
314 5669 384 5730 vide
401 5669 570 5731 Dacangium
588 5674 614 5718 tn
634 5669 773 5718 Glossarto
790 5618 892 5717 medae
910 5673 937 5717 ct
954 5667 1060 5718 infimae
1079 5667 1242 5716 Graecitatis
1259 5673 1321 5716 tom.
1340 5666 1361 5714 l.
1379 5679 1404 5728 p.
1421 5665 1479 5714 766.
1546 5665 1593 5722 66)
1610 5665 1663 5714 Pro
1680 5675 1748 5713 voce
1763 5658 1897 5732 χυρλζιται
1916 5662 2044 5711 Codex·
2129 5690 2135 5703 .

165 5727 236 5808 habet
249 5731 368 5805 χ’ρὶζιτοιι,
387 5735 478 5786 Codex
495 5738 530 5786 X.
547 5733 683 5804 μερίζεται,
701 5735 791 5788 Codex
808 5737 836 5784 Β.
854 5733 1009 5804 μερίζονισιι.
1043 5736 1110 5786 Nos.
1128 5735 1187 5784 182.
1205 5747 1263 5796 cop.
1280 5735 1305 5781 8.
1322 5729 1404 5802 κλήρῳ
1420 5733 1467 5796 τῆς
1483 5729 1604 5798 ἰπιλογῆς
1621 5734 1760 5796 γινομένης.
1853 5732 1900 5788 99)
1916 5730 2008 5780 Verba
2115 5758 2120 5767 ·

165 5799 268 5880 ριομνῆ
284 5807 312 5852 in
329 5804 429 5855 Codice
446 5805 475 5852 B.
494 5805 597 5855 desunt.
665 5805 693 5863 1)
710 5804 801 5854 Codex
818 5803 852 5852 x.
868 5805 1001 5864 γένωνται.
1069 5805 1100 5860 Β)
1118 5802 1209 5852 Codex
1225 5803 1255 5852 Β.
1271 5797 1325 5870 ppt.
1405 5801 1433 5860 Β)
1452 5797 1543 5848 Codex
1559 5801 1588 5848 Β.
1607 5797 1829 5864 ῦκολουθῆοοοιν.
1865 5797 1956 5847 Codex
1973 5798 2008 5846 x.
2074 5831 2083 5844 .

164 5869 370 5938 ννολννοῆοονοι.
421 5873 451 5931 4)
470 5873 560 5924 Codex
577 5875 606 5922 Β.
623 5873 660 5940 τῷ
676 5871 767 5934 τοτοῖ·
800 5873 845 5920 Sic
863 5877 891 5919 ct
907 5870 972 5920 cod.
989 5873 1024 5922 X.
1074 5871 1105 5933 6)
1123 5869 1214 5922 codex
1230 5871 1259 5920 Β.
1282 5865 1315 5920 τὸ
1330 5867 1385 5932 μέν.
1421 5869 1467 5920 Βία
1484 5873 1512 5916 et
1529 5867 1593 5919 Cod.
1610 5869 1645 5919 x.
1674 5869 1771 5937 secte.
1824 5865 1961 5928 ωοοῦσι
1976 5866 2008 5914 Β.

161 5935 322 6009 διαιρεῖσθαι.
357 5943 402 5996 stc
421 5950 447 5992 et
465 5943 553 5993 Codex
570 5943 605 5993 Χ.
672 5941 701 6000 7)
720 5939 810 5992 Codex
828 5938 958 6009 ἑκατέροιν.
