4784 7068
388 555 463 624 140
1101 540 1528 616 arflxunsii

385 741 463 817 σικός
489 738 586 824 πατήρ
614 737 680 813 τοῦς
706 736 814 812 νόθους
841 743 946 812 παῖδας
967 735 1232 813 υίοθετεῑσθαιθί).
1274 735 1291 798 ὁ
1335 735 1446 794 turales
1474 734 1614 806 adoptare
1636 749 1693 792 non
1715 748 1812 806 posse.
1854 735 1902 806 ls,
1934 733 1984 805 qui
2006 731 2170 808 legitimam
2192 750 2241 790 so·

383 830 453 910 ε“’γων
480 833 595 909 γνησίαν
624 822 714 907 γονήν,
747 823 786 904 μή
817 829 901 885 πλέον
928 829 995 903 μιᾶς
1034 821 1208 902 nemeaea)
1243 828 1294 900 τῆς
1334 821 1430 876 belem
1451 820 1550 891 habet,
1571 819 1721 890 ennepius,
1749 834 1835 889 quarn
1857 833 1943 876 unam
1965 820 2081 875 unciaru
2103 820 2240 876 substan-

384 918 458 985 ι’διάς
486 907 673 982 ὑποστάσεως
700 921 759 980 τοῖς
787 906 921 985 ίδίοιςθθ)
950 908 1050 978 νόθοις
1079 903 1167 967 αὐτοῦ
1196 909 1294 968 παισὶν
1337 905 1396 961 tiae
1422 919 1495 959 suae
1521 904 1622 959 liberis
1652 903 1715 959 suis
1743 903 1927 960 naturalibus
1961 907 1991 958 et
2026 905 2126 960 hornia
2159 905 2240 960 matri

384 1001 431 1059 καὶ
459 1004 493 1075 τη)
514 993 622 1058 τοότων
648 995 732 1074 μητρὶ
741 993 786 1069 ³⁴)
814 995 1062 1072 καταλειμπανε’τω
1089 992 1133 1068 (ν.
1160 993 1294 1068 καταλιμ-
1335 989 1492 1059 relinquito
1528 989 1576 1043 vel
1605 988 1720 1043 donato.
1779 988 1812 1044 Si
1854 1002 1925 1044 vero
1968 988 2059 1044 solam
2102 988 2239 1044 concubi-

384 1079 511 1157 πανίτω)
533 1075 550 1158 ή
573 1084 730 1159 δωρείσθω.
769 1081 796 1138 εἰ
814 1077 844 1137 δὲ
864 1072 951 1156 μόνην
971 1071 1100 1154 πειλακήν
1123 1075 1164 1150 (v.
1186 1077 1294 1136 παλλα-
1337 1065 1404 1130 narn
1426 1073 1523 1144 habet,
1545 1072 1692 1128 dimidiam
1716 1077 1828 1142 partem
1849 1073 1955 1128 unciae
1971 1073 1999 1127 ei
2021 1073 2098 1130 dato.
2126 1073 2159 1130 Si
2174 1087 2239 1127 vern

384 1163 449 1244 κήν)
472 1165 589 1247 ἔχειῧῧ),
610 1161 643 1225 τό
666 1157 753 1242 ήμισυ
776 1160 882 1238 [0136)
906 1168 957 1238 τῆς
977 1159 1145 1240 coyntae-³⁷)
1168 1157 1294 1240 αότήθθ)
1338 1172 1433 1227 neque
1456 1157 1565 1212 liberos
1587 1157 1736 1232 legitimos
1758 1157 1862 1228 habet,
1892 1172 1947 1212 nec
1969 1173 2038 1212 vero
2060 1156 2186 1226 aliquem
2208 1171 2239 1213 ex

384 1255 536 1332 παρεχέτω.
580 1253 607 1310 εί
624 1249 653 1308 dl
673 1243 742 1326 μήτε
750 1245 795 1323 ³⁹)
818 1247 923 1316 παῖδας
931 1244 978 1324 ⁴⁰)
998 1247 1126 1325 γνησίους
1141 1243 1203 1324 ἔχει,
1224 1239 1295 1323 μήτε
1337 1241 1600 1315 adscendentibus,
1622 1256 1708 1312 quem
1728 1240 1778 1297 lex
1799 1240 1890 1296 scribi
1911 1241 2065 1303 haeredem
2087 1242 2166 1310 vult,
2188 1257 2239 1296 na-

385 1335 469 1412 δλλί)
500 1339 557 1396 τῶν
583 1329 718 1394 ἀνιόντων
745 1325 824 1403 τινό,
863 1325 897 1392 όν
927 1328 942 1391 ό
971 1325 1208 1408 adunantiam
1229 1323 1295 1408 pad-
1338 1328 1450 1383 turales
1483 1326 1593 1382 liberos
1622 1341 1660 1382 ex
1688 1341 1757 1380 asse
1786 1325 1929 1382 haeredes
1958 1326 2113 1380 instituere
2139 1329 2239 1396 potest,

385 1415 549 1500 qdeoeffl)
572 1411 758 1496 κληρονόμον,
786 1411 903 1474 orit-nnat
930 1412 960 1487 ἐξ
988 1410 1199 1494 όλοκλήρουίθ)
1229 1407 1295 1482 τοὺς
1337 1415 1389 1466 ant
1417 1409 1505 1466 etiarn
1532 1413 1621 1466 totam
1648 1410 1842 1466 substantiam
1872 1409 1911 1466 iis
1947 1409 2064 1466 donare.
2114 1409 2148 1466 Si
2175 1423 2240 1466 vero

383 1501 492 1575 νόθους
514 1501 671 1579 παῖδας44)
700 1495 889 1578 κληρονόμους
910 1501 1081 1560 ἐνίστασθαι
1099 1509 1104 1574 1
1124 1497 1187 1574 ⁴⁵),
1207 1492 1225 1576 ἢ
1247 1497 1294 1555 καὶ
1336 1495 1554 1551 adscendentes
1586 1494 1712 1566 habent,
1741 1494 1875 1567 legitima
1902 1495 2035 1566 portione
2057 1493 2103 1548 eis
2133 1493 2242 1565 relicta,

384 1585 436 1667 τήν
462 1591 561 1648 πᾶσαν
588 1583 686 1658 αὐτοῖς
713 1588 874 1663 δωρεῖσθαι
902 1586 1077 1662 περιουσίαν.
1119 1586 1146 1642 εἰ
1169 1581 1198 1641 δὲ
1224 1581 1294 1641 εἰσὶν
1337 1580 1452 1650 reliqua
1473 1579 1588 1649 omnin,
1622 1578 1650 1633 si
1670 1578 1789 1650 volunt,
1817 1579 2001 1636 naturalibus
2023 1579 2124 1634 liberis
2146 1579 2241 1633 danto.

385 1667 510 1741 ἀνιόντες
531 1669 644 1746 αὐτοῖς,
674 1675 726 1730 τοῦ
752 1671 871 1748 νομίμου
897 1671 999 1747 μέρους
1027 1664 1180 1743 advorso)
1207 1687 1294 1726 aare·
1337 1665 1481 1721 intestato
1511 1664 1652 1719 moriente
1673 1663 1800 1720 naturali
1823 1668 1905 1734 patre
1927 1663 2038 1734 absque
2061 1662 2242 1718 descenden-

384 1759 605 1835 λιμπανσμίνου,
639 1749 676 1814 τὰ
697 1749 783 1814 λοιποὶ
803 1749 912 1823 πάντα,
940 1752 1017 1827 affl)
1041 1747 1205 1831 βούλονται,
1234 1761 1294 1820 τοῖς
1337 1749 1416 1804 tibus
1445 1748 1588 1823 legitimis
1615 1750 1666 1804 aut
1693 1747 1827 1822 legitima
1848 1762 1957 1820 uxore,
1986 1747 2136 1804 naturales
2161 1748 2242 1803 liberi

383 1839 484 1912 νόθοις
501 1842 703 1920 παρεχέτωσαν
725 1840 832 1898 παισίν.
868 1835 1024 1896 ἀδιαθίτου
1041 1837 1225 1906 τελευτῶντος
1242 1836 1294 1894 τοῦ
1337 1849 1403 1889 euro
1435 1840 1528 1889 matre
1565 1847 1603 1888 ex
1634 1831 1716 1888 illius
1744 1832 1911 1888 substantia
1944 1832 2103 1888 haeredum
2130 1832 2242 1888 nomine

384 1929 505 2005 φυσικοῦ
534 1919 645 2003 πατρός
672 1923 758 2003 χωρίς
782 1915 935 1982 κατιόντων
968 1916 1095 1996 soavi)
1125 1921 1243 2000 γνησίων
1275 1912 1293 1996 ή
1336 1917 1410 1973 duas
1431 1918 1536 1973 uncias
1557 1915 1720 1990 accipiunt,
1748 1916 1779 1972 iu
1801 1917 1899 1988 caprita
1919 1916 1974 1972 has
1996 1916 2182 1988 dividentes;
2215 1915 2243 1971 in

383 2013 502 2088 νομίμης
521 2013 655 2088 γαμετῆς,
684 2013 713 2067 σι’
732 1997 817 2066 νόθοι
836 2008 936 2076 παῖδες
951 1999 1023 2084 μετόι
1043 2007 1092 2083 τής
1121 2007 1224 2074 οἰκείας
1243 2026 1294 2081 μη·
1336 2001 1465 2072 reliquas
1487 2006 1584 2058 autem
1603 2000 1765 2057 suecedent
1785 2001 1818 2075 ii,
1839 2000 1889 2072 qni
1905 2001 1941 2056 ab
1962 2002 2103 2058 intestato
2122 2001 2159 2056 ad
2182 2001 2243 2056 eius

296 2087 311 2171 ,'
384 2090 505 2173 epdqss)
532 2090 568 2172 β.
598 2090 631 2152 οῦ
674 2090 763 2166 agna)
794 2091 1013 2168 κληρονομοῦσα
1039 2095 1090 2166 τῆς
1118 2091 1221 2148 ἐκείνου
1247 2109 1293 2148 πε·
1337 2087 1548 2143 haereditatem
1570 2089 1728 2159 vocantur,
1760 2093 1812 2142 aut
1833 2086 1949 2156 patroni
1970 2086 2045 2158 eins,
2074 2091 2125 2140 aut
2147 2087 2243 2142 fiscus.

385 2181 520 2258 ριουσίας,
537 2181 562 2237 ir
575 2171 611 2236 κά
635 2199 681 2236 ιτα
691 2175 736 2250 ⁵⁰)
750 2169 858 2244 ταότας
871 2168 1065 2252 διαιρούμενοι·
1086 2167 1139 2243 τός
1151 2173 1180 2232 δὲ
1194 2165 1296 2245 λοιπὰς
1338 2173 1421 2228 uuas
1451 2176 1549 2226 autem
1577 2169 1682 2226 uncias
1710 2185 1800 2241 supra
1828 2169 1923 2226 dietas
1951 2169 2109 2226 haeredum
2130 2170 2243 2226 nomine

383 2261 557 2334 διαδέξονται
585 2255 826 2338 ον’καλυόμενοιίξ
840 2256 996 2317 ἀδιαθέτου
1012 2262 1050 2328 είς
1064 2253 1114 2317 τόν
1127 2257 1231 2334 κλῆρον
1246 2252 1295 2314 ad·
1338 2255 1488 2311 habebunt
1516 2254 1608 2310 nihilo
1629 2255 1726 2310 minua
1764 2255 1914 2310 naturales
1942 2255 2043 2326 liberi,
2072 2253 2128 2310 etsi
2156 2261 2245 2310 mater

383 2352 444 2418 τοῦ,
458 2337 477 2424 ή
492 2351 521 2407 οἱ
533 2351 680 2424 πατρώοις
694 2341 791 2415 αὐτοῦ,
808 2338 872 2420 ήτό
887 2336 1028 2420 δημόσιον.
1057 2337 1110 2410 τόις
1124 2341 1154 2400 δὲ
1167 2362 1295 2420 προειρη·
1338 2355 1396 2396 non
1425 2339 1565 2410 supersit.
1606 2339 1653 2410 Is,
1681 2338 1733 2410 qui
1759 2354 1880 2395 uxorem
1907 2339 2011 2412 habet,
2054 2338 2244 2395 concubinam

382 2436 468 2512 μένας
482 2428 576 2510 6251)
586 2427 705 2508 σόγκίας
718 2429 966 2504 κληρονομίσουσιν
978 2427 1017 2501 (v.
1025 2420 1294 2504 κληρονομήσουσιν)
1338 2423 1447 2480 habere
1469 2439 1526 2479 non
1554 2427 1662 2494 potest.
1704 2421 1737 2480 si
1760 2424 1915 2494 quiscum
1941 2423 2041 2480 multis
2062 2423 2150 2478 simul
2171 2423 2245 2478 inter

384 2514 464 2576 οὐδὲν
485 2506 569 2595 ήττον
590 2519 619 2574 ol
637 2508 722 2574 νόθοι
743 2513 856 2583 παῖδες,
878 2506 983 2589 καὶμὴ
1005 2505 1156 2588 περιοόσης
1177 2513 1295 2588 τῆςμη-
1338 2523 1372 2564 se
1393 2508 1564 2564 mulieribus
1594 2505 1834 2564 consuetudinem
1861 2513 1891 2562 et
1920 2521 1958 2564 ex
1985 2508 2024 2564 iis
2052 2508 2161 2564 liberos
2190 2508 2245 2563 ha-

384 2595 461 2680 τρός.
503 2597 519 2660 ό
550 2595 619 2679 ἔχων
645 2590 780 2677 γαμετήν,
807 2593 841 2656 oo’
868 2589 984 2655 δῦνατσι
1010 2590 1140 2672 πολιικήν
1162 2592 1203 2670 (ν.
1224 2593 1295 2652 παλ-
1336 2592 1415 2666 beat,
1438 2607 1534 2662 neque
1555 2592 1650 2648 iustos
1671 2607 1768 2662 neque
1791 2592 1942 2648 naturales
1964 2592 2019 2648 hos
2040 2592 2171 2662 habebit,
2194 2606 2246 2646 nee

384 2681 486 2762 λακήν)
507 2680 583 2762 ἔχειν.
605 2677 655 2742 έόιν
675 2703 717 2752 τις
727 2679 773 2756 ⁵²)
795 2677 966 2756 πολλαῑςῧῧ)
990 2673 1230 2757 συνηνθειρόμενος
1254 2677 1295 2755 (ν.
1337 2677 1403 2732 eius
1424 2676 1593 2732 haereditas
1614 2677 1651 2732 ab
1678 2675 1718 2734 iis
1739 2676 1881 2748 capietur.
1930 2677 2007 2732 Iusti
2035 2681 2132 2732 autern
2161 2675 2246 2732 liberi

385 2762 647 2846 συμφθειρόμενος)
678 2763 744 2826 κατ’
776 2762 870 2826 αὐτῶν
879 2762 924 2840 ³⁴)
954 2761 1076 2842 γυναιξίν
1102 2765 1208 2832 παῖδας
1229 2758 1294 2839 ἔχοι,
1337 2761 1486 2817 ethorum
1507 2765 1601 2816 mater
1621 2765 1651 2816 et
1671 2761 1794 2834 reliqui,
1825 2761 1875 2832 qui
1904 2761 1941 2816 ad
1962 2761 2055 2832 patris
2077 2759 2247 2816 baeredita-

385 2847 426 2932 [ή]
442 2851 487 2929 ⁵⁵)
516 2844 580 2912 οότε
595 2850 642 2927 ⁵⁶)
674 2850 818 2929 γνησίους,
852 2841 917 2910 οὔτε
945 2842 1053 2918 νόθους
1085 2841 1203 2918 τούτους
1232 2843 1295 2918 ἕξει,
1337 2852 1395 2902 tem
1417 2850 1570 2917 vocantur,
1592 2845 1741 2902 naturales
1762 2846 1827 2902 eius
1849 2845 1956 2902 liberos
1978 2845 2077 2901 alunto
2099 2844 2158 2900 viri
2181 2845 2248 2900 boni

385 2931 453 2998 οότε
474 2929 809 3036 κληρονομηθήσεταιῧῖ)
831 2930 905 3012 παρ’
929 2929 1031 2992 αὐτῶν.
1060 2935 1088 2992 σί
1106 2926 1213 3008 γνήσωι
1230 2941 1294 2990 παῖ-
1337 2930 1489 2986 arbitratu.
1525 2933 1569 2987 De
1590 2929 1774 2986 naturalibus
1795 2931 1951 3001 nepotibus
1973 2945 2019 3002 ea,
2040 2945 2115 3001 quae
2137 2929 2170 2984 in
2192 2944 2248 2984 an-

385 3020 488 3100 δεςῧθ)
510 3017 595 3098 καλή
617 3040 724 3080 τουτων
743 3013 835 3098 μήτηρ
844 3015 890 3092 ⁵⁹)
913 3018 960 3078 καὶ
981 3020 1010 3078 oi
1027 3011 1296 3094 λοιπολκαλοόμενσι
1335 3015 1428 3086 tiquis
1450 3015 1568 3088 legibus
1590 3014 1775 3089 dictasunt,
1803 3015 1930 3070 valento.
1971 3015 2131 3071 Naturales
2152 3013 2248 3082 liberi,

388 3101 464 3184 πρὸς
490 3100 541 3167 τόν
571 3109 617 3166 τοῦ
646 3097 756 3181 πατρὸς
776 3105 878 3180 κλῆρον
899 3103 1080 3179 τρεηίτωσαν
1100 3095 1167 3170 τοὺς
1187 3095 1296 3170 νόθους
1340 3099 1581 3172 quemadmodum
1602 3098 1747 3156 haeredes
1768 3100 1846 3172 patri
1866 3103 1943 3170 sunt,
1965 3114 2001 3155 ex
2025 3099 2150 3169 eiusque
2175 3098 2249 3154 sub·

388 3189 479 3251 αῦτοῦ
499 3191 604 3260 παῖδας
613 3187 659 3264 60)
681 3182 786 3265 ἀνδρὸς
807 3183 923 3265 ἀγαθοῦ
945 3185 1103 3263 δοκημασίη
1126 3183 1167 3262 (v.
1186 3188 1298 3263 δόκιμα·
1340 3185 1451 3240 stantia
1472 3184 1599 3257 aluntur,
1621 3183 1723 3240 eodem
1744 3183 1828 3240 modo
1850 3187 1880 3240 et.
1894 3191 1992 3254 patres
2005 3183 2108 3238 liberis
2122 3187 2250 3238 natura·

286 3281 289 3296 '
389 3277 461 3350 σίη).
481 3269 486 3352 Ι
507 3274 553 3349 ⁶¹)
590 3275 654 3352 oapi
680 3265 778 3331 νόθων
805 3264 923 3349 ἐγγόνων
951 3263 988 3329 τὰ
1016 3271 1144 3348 εἰρημένα
1165 3280 1224 3339 τοῖς
1245 3291 1298 3328 πα·
1340 3270 1418 3326 libus
1439 3269 1583 3325 haeredes
1605 3273 1692 3324 sunto
1715 3273 1744 3324 et
1765 3269 1802 3322 ab
1823 3268 1861 3324 iis
1882 3268 2007 3324 aluntor.
2047 3271 2082 3324 ln
2104 3283 2151 3340 ea,
2174 3283 2250 3338 qnae

389 3363 478 3430 λαιαῖς
512 3361 650 3440 κρατείτω
665 3357 710 3430 ⁸²)
745 3350 851 3434 νόμοις.
891 3358 919 3414 σί
944 3348 1030 3414 νόθοι
1063 3355 1176 3425 παῖδες,
1209 3347 1298 3429 ὃνΰθ)
1342 3358 1464 3425 apatre
1486 3353 1669 3410 naturalibus
1689 3353 1894 3424 relinquuntur
1916 3352 2028 3428 liberis,
2055 3353 2119 3408 lieri
2141 3357 2251 3423 potest,

320 3464 324 3475 ·
388 3441 498 3522 τρόπον
525 3439 798 3522 κληρονομοῦσινθί)
820 3433 870 3499 τόν
890 3441 1001 3517 πατίρα
1022 3439 1069 3498 καλ
1089 3434 1300 3517 ἀπωρέφονται
1341 3442 1375 3494 ut
1396 3443 1475 3494 tutor
1496 3437 1591 3510 detur,
1612 3437 1662 3508 qui
1691 3437 1908 3493 confirmatione
1936 3439 2015 3510 eget.
2065 3439 2170 3493 Potest
2192 3452 2252 3491 au-

388 3531 418 3588 έκ
450 3530 500 3605 τῆς
528 3523 617 3586 αὐτοῦ
644 3522 844 3596 ὑποστάσεως,
875 3518 926 3584 τόν
955 3516 1044 3582 αὐτόν
1071 3517 1179 3600 τρόπω
1205 3523 1252 3581 καὶ
1273 3525 1302 3581 ol
1340 3526 1399 3578 tem
1417 3522 1505 3578 etiam
1525 3525 1617 3577 mater
1632 3522 1731 3577 horum
1747 3521 1867 3577 tutelam
1882 3521 2049 3592 suscipere,
2070 3521 2096 3576 si
2119 3536 2155 3575 ea
2176 3521 2252 3592 iura,

388 3614 508 3690 πατέρες
529 3606 594 3680 τοῦς
614 3604 722 3679 νόθους
743 3611 848 3678 παῖδας
876 3609 1150 3687 κληρονομείτωσαν,
1178 3602 1299 3684 όποτρε-
1341 3622 1416 3678 qnae
1438 3606 1475 3661 ad
1497 3606 1617 3662 tutelam
1643 3605 1791 3662 iniustos
1813 3605 1921 3662 liberos
1943 3605 2162 3676 suscipiendam
2179 3621 2252 3677 per-

389 3689 563 3774 ιηόμενοιθῧ)
592 3689 661 3771 παρ’
692 3689 793 3752 αὐτῶν.
828 3695 867 3763 είς
894 3687 932 3751 τόι
958 3687 1014 3752 όπό
1042 3695 1093 3750 τοῦ
1119 3685 1230 3769 πατρός
1249 3711 1298 3749 κα·
1340 3691 1452 3765 tinent,
1474 3692 1620 3748 observet.
1661 3689 1704 3763 li,
1734 3689 1784 3760 qui
1806 3705 1844 3746 ex
1865 3690 2121 3746 coniunctionibus
2144 3691 2253 3762 prohi-

388 3779 618 3857 τιιλιμπανομένα
646 3789 706 3846 τοῖς
732 3770 833 3845 νόθοις
862 3777 961 3835 παισὶν
988 3770 1160 3852 oravisti)
1190 3777 1297 3852 ίπίτρο·
1338 3775 1409 3832 bitis
1431 3775 1492 3830 nati
1513 3780 1593 3848 sunt,
1615 3773 1691 3846 patri
1711 3774 1855 3830 haeredes
1877 3789 1933 3831 non
1952 3780 2030 3846 sunt,
2051 3790 2107 3830 uec
2124 3775 2164 3830 ab
2185 3775 2254 3847 ipso

387 3883 444 3924 πον
471 3865 595 3940 δοθῆναι
621 3854 911 3939 κονηιρματεοόμενυν
926 3857 982 3934 ⁶⁷).
1018 3855 1134 3920 δόναται
1162 3855 1297 3936 δὲκαὶή
1339 3861 1473 3930 aluntur,
1509 3874 1612 3916 verum
1648 3873 1704 3915 nec
1736 3860 1913 3916 naturalium
1947 3860 2101 3915 liberorum
2131 3861 2255 3916 nomine

387 3943 481 4027 μήτηρ
497 3941 660 4018 τοότωνθθ)
683 3937 883 4021 ἐπιτροπεύειν,
907 3939 1020 4020 [τοὶ]4θ)
1043 3945 1087 4004 έπλ
1108 3953 1170 4013 ταῖς
1187 3947 1295 4021 έπιτρο-
1338 3943 1422 4018 digni
1445 3944 1660 4000 existimantur.
1707 3943 1743 3999 In
1769 3945 1912 4015 postumis
1934 3948 2031 4000 autem
2053 3944 2109 3999 hoo
2131 3949 2256 4015 ternpus

388 4043 457 4101 παῖς
483 4034 539 4090 τῶν
566 4031 685 4109 γνησίων
706 4031 814 4089 παίδων
835 4022 1101 4106 παραφυλάττουσα
1123 4023 1234 4104 νόμιμα.
1269 4029 1299 4086 σί
1338 4032 1496 4104 spectator,
1518 4027 1595 4102 quod
1615 4027 1655 4085 iis
1674 4027 1727 4086 vel
1745 4029 1870 4086 maxime
1890 4028 2024 4103 prodest,
2045 4029 2110 4084 aive
2132 4033 2255 4102 tempus

388 4119 418 4174 ἐκ
440 4109 684 4190 constaturam)
711 4113 904 4190 κεκωλυμένων
933 4115 1079 4192 τεχθέντες
1106 4107 1140 4171 οῦ
1166 4112 1295 4188 κληρονυ·

387 4203 489 4278 μοῦσιν
505 4193 556 4259 τόν
571 4201 689 4277 πατέρα,
712 4193 776 4257 odoi
794 4199 946 4274 coemerent
964 4197 1039 4276 παρ’
1058 4192 1156 4267 αὐτοῦ,
1178 4191 1239 4254 ἀλλ’
1252 4195 1297 4272 ⁷¹)

387 4281 451 4344 otii
479 4287 529 4362 τής
555 4287 612 4343 τοῦ-ν
640 4277 737 4342 νόθων
767 4277 910 4353 ἀξιοῦνται
937 4281 1136 4360 προσηγορίας.
1171 4279 1216 4339 ἐπὶ
1242 4283 1299 4339 τιόν

387 4363 558 4445 ποστοόμων
580 4361 595 4428 ὁ
620 4360 833 4444 συμβαλόμενος
862 4365 906 4442 (v.
929 4359 1172 4444 συμβαλλόμενος)
1201 4359 1299 4434 αὐτοῖς

388 4455 556 4512 σκοπείσθω
577 4447 692 4532 καιρός,
730 4449 784 4510 εἴτε
813 4445 901 4529 ότής
929 4443 1081 4530 γεννήσεως
1091 4448 1137 4526 ⁷²)
1159 4437 1298 4527 εὑρεθείη,

384 4609 798 4628 W-

488 4719 535 4785 81)
554 4717 646 4769 Codex
662 4709 859 4767 υἷσθετεῖσθαι.
932 4714 980 4778 32)
997 4715 1088 4768 Codex
1105 4717 1132 4765 B.
1150 4713 1265 4778 οὐγγίας.
1340 4713 1386 4777 33)
1403 4714 1493 4765 Codex
1509 4717 1539 4764 ii.
1557 4710 1633 4772 ν’δίσις
1649 4727 1703 4766 noli
1720 4716 1807 4766 irritet.
1883 4713 1930 4778 84)
1947 4714 2039 4766 Codex
2056 4717 2083 4765 Β.
2101 4715 2149 4785 pipi
2167 4733 2258 4766 κατοι-

385 4789 559 4849 λιιμπανέτο..
630 4784 676 4850 do)
692 4785 745 4836 Pro
763 4785 815 4848 ἔχει
832 4785 925 4836 Codex
942 4786 1019 4835 habet
1037 4786 1106 4848 ίχην.
1187 4787 1233 4846 36)
1243 4782 1284 4842 ‚ei
1297 4785 1340 4834 est
1355 4785 1385 4832 in
1401 4782 1508 4832 Codice.
1542 4783 1644 4834 Verum
1660 4797 1712 4848 quo
1729 4785 1871 4847 pertineat,
1887 4785 1951 4832 mihi
1968 4791 2042 4834 certe
2059 4797 2114 4834 nan
2132 4792 2261 4836 constat.

384 4857 444 4906 Nisi
461 4856 601 4919 legendum
618 4857 654 4902 sit
668 4849 768 4916 ταύτης
784 4853 831 4916 τῆς
848 4847 960 4914 εὐροίας.
1048 4849 1095 4916 37)
1113 4851 1165 4902 Pro
1184 4848 1288 4914 οὐρείας
1310 4853 1338 4899 in
1358 4849 1457 4900 Codice
1474 4855 1517 4900 est
1532 4853 1575 4912 to,
1599 4864 1666 4916 qnae
1684 4855 1726 4902 est
1741 4865 1796 4902 noo
1812 4854 1939 4902 inusitata
1957 4849 2066 4902 Graecis
2085 4861 2157 4902 nota.
2201 4853 2264 4902 Co·

385 4926 437 4972 dex
454 4926 481 4972 B.
500 4920 616 4984 οῦγγίας.
701 4919 746 4978 36)
767 4919 859 4970 Codex
881 4923 908 4968 ll.
932 4915 1009 4984 αὐτή.
1094 4917 1142 4983 39)
1167 4919 1218 4968 Pro
1235 4917 1299 4982 μήτε
1318 4917 1408 4968 Codex
1426 4917 1505 4968 habet
1520 4915 1597 4977 μετά.
1637 4919 1727 4970 Codex
1746 4922 1773 4968 ii.
1791 4917 1837 4983 μή.
1922 4917 1971 4977 40)
1988 4919 2077 4970 Codex
2098 4922 2124 4968 o.
2142 4920 2265 4976 κιστίδος.

384 4990 431 5052 41)
448 4991 541 5042 Codex
558 4992 586 5037 6.
605 4987 633 5036 δὲ
650 5001 707 5038 non
721 4987 806 5036 habet.
882 4983 931 5046 ia>
950 4987 1040 5038 Codex
1058 4989 1084 5037 6.
1105 4989 1182 5038 habet
1198 4985 1350 5054 γράφεσθαι
1367 4982 1498 5048 βούλεται.
1572 4985 1622 5049 43)
1638 4987 1729 5038 Codex
1744 4983 1920 5054 testoridem.
2004 4985 2054 5048 44)
2072 4985 2169 5038 Codex
2188 4987 2265 5038 παί-

384 5058 440 5114 δσς.
475 5060 519 5108 Sic
536 5062 564 5106 et
581 5056 672 5106 Codex
689 5057 717 5104 o.
803 5051 850 5111 43)
868 5053 959 5106 Codex
975 5053 1142 5106 decursebus.
1176 5053 1270 5116 Incipit
1287 5055 1334 5102 iol.
1355 5053 1417 5102 134.
1436 5055 1469 5102 Α.
1553 5051 1603 5118 46)
1627 5052 1717 5104 Codex
1734 5055 1762 5102 Β.
1784 5051 1875 5110 αὐτοῖς
1892 5067 1944 5104 non
1962 5054 2051 5104 habet.
2132 5053 2183 5114 47)
2205 5057 2265 5105 Pro

384 5123 410 5176 ιε’
426 5126 519 5176 Codex
534 5125 615 5174 habet
631 5119 660 5187 ἡ.
758 5117 958 5183 dibi-Prosda
975 5124 1027 5185 teg.
1047 5119 1136 5172 ὄντων.
1243 5117 1289 5184 49)
1307 5121 1363 5170 Pro.
1376 5117 1480 5189 μητρός·
1491 5119 1583 5170 Codex
1600 5122 1679 5171 habet
1694 5121 1744 5192 ξεῖ..
1850 5121 1898 5184 49)
1914 5121 1967 5172 Pro
1983 5119 2017 5184 6.
2035 5116 2141 5182 εὐγείοις
2159 5123 2267 5174 Codex

383 5195 464 5243 habeo
479 5197 498 5242 i‘i
516 5197 552 5243 t'o.
655 5187 700 5252 50)
722 5190 774 5240 Pro
799 5187 824 5238 ίν
845 5187 945 5240 κάπιτα
963 5189 1054 5241 Codex
1072 5191 1148 5240 habet
1170 5185 1320 5250 λῗσιίγιιτα.
1422 5187 1470 5250 ol)
1493 5189 1546 5238 Pro
1564 5185 1596 5251 β’.
1615 5178 1806 5240 Codexhabet
1823 5186 1858 5240 θ’.
1902 5183 1903 5186 ¹
1964 5187 2010 5252 02)
2028 5189 2119 5240 Codex
2136 5185 2191 5240 ἐὰν
2211 5209 2267 5246 τις.

384 5259 433 5323 33)
451 5262 504 5310 Ριο
522 5260 630 5313 πολλοῖς
647 5257 737 5308 Codex
754 5259 832 5308 habet
848 5255 955 5314 πολλοῖς.
1023 5257 1069 5319 34)
1088 5259 1177 5306 Voces
1201 5253 1255 5304 κατ’
1275 5253 1361 5304 αὐτῶν
1379 5259 1419 5305 sto
1435 5257 1650 5319 interpretandae
1667 5262 1741 5307 sunt:
1764 5258 1899 5323 invteem,
1923 5259 1996 5306 inter
2012 5270 2078 5306 reae.
2112 5259 2157 5307 Sic
2179 5267 2267 5308 certe

385 5331 426 5376 iit.
451 5330 476 5376 o.
502 5334 588 5378 coust.
613 5325 655 5374 io.
680 5327 782 5376 πολλῶν
806 5328 932 5386 συγγενῶν
956 5321 1010 5374 κατ’
1040 5321 1126 5373 αὐτῶν
1159 5319 1195 5379 εἰς
1220 5320 1366 5391 ἐπιτροπήν
1389 5325 1557 5384 καλουμένων.
1605 5325 1715 5374 Clarias.
1744 5321 1873 5374 Pomarrz
1906 5327 2015 5375 coniicit
2043 5321 2112 5372 κατά
2139 5323 2269 5386 aduror,

385 5395 437 5443 buc
465 5401 524 5460 est,
557 5395 646 5444 εινιιιλ.
749 5391 798 5456 33)
823 5395 884 5442 Vox
911 5389 927 5458 ἢ
956 5398 983 5442 in
1010 5392 1108 5442 Codice
1139 5403 1193 5440 mon
1223 5391 1316 5455 deest,
1351 5406 1444 5442 verum
1455 5425 1468 5456 ,1
1496 5395 1557 5455 qaia
1588 5396 1749 5442 sententiani
1776 5393 1923 5454 pervertit,
1957 5396 2033 5441 noma
2062 5391 2168 5441 inclusa
2207 5399 2268 5444 est.

385 5461 431 5522 30)
450 5463 540 5512 Codex
558 5457 628 5512 οὕτε.
696 5459 744 5525 37)
762 5461 818 5512 010Δ
831 5457 1091 5530 κληρονομηθήσεται
1108 5455 1199 5507 Codex
1216 5459 1295 5508 habet
1311 5459 1539 5528 κληρονομηθήναι
1557 5475 1594 5506 τι.
1668 5459 1716 5520 38)
1733 5459 1826 5508 Codex
1842 5457 1945 5516 παίδις..
2016 5457 2065 5518 09)
2083 5459 2184 5509 Codex
2204 5459 2267 5530 T„

386 5529 433 5592 60)
450 5531 540 5580 Codex
557 5527 660 5584 παλδας.
731 5530 776 5588 61)
794 5529 889 5592 1ου1η11
905 5529 951 5578 iol.
973 5525 1039 5578 134.
1053 5527 1085 5574 Β..
1148 5523 1195 5590 62)
1213 5527 1304 5577 Codex
1322 5525 1468 5596 κρατείτων.
1541 5521 1589 5587 03),
1604 5525 1657 5575 Pro
1674 5523 1706 5576 όν
1723 5526 1813 5576 Codex
1830 5529 1908 5577 babet
1926 5521 1963 5577 όν.
2049 5525 2099 5590 64)
2113 5527 2175 5577 Pro
2198 5517 2272 5594 κλή-

385 5599 541 5664 ρονσμοῦσιν
558 5601 596 5648 tit.
613 5597 638 5644 0.
658 5603 742 5659 parat.
760 5597 786 5658 S.
809 5598 850 5646 ir.
869 5597 966 5644 habent
983 5587 1226 5660 κληρονομήσουσιν.
1296 5595 1347 5658 63)
1360 5595 1454 5646 Codex
1469 5589 1689 5661 ἀποτραπόμενοι.
1758 5595 1804 5656 06)
1823 5594 1914 5645 Codex
1930 5591 2052 5644 δύναται.
2128 5591 2183 5656 07)
2206 5597 2273 5647 Co-

266 5647 287 5691 '·
386 5667 438 5714 dex
455 5659 760 5732 sacramentum*
799 5667 845 5722 69)
863 5663 955 5712 Codex
970 5661 1075 5708 τοῦτον.
1111 5660 1184 5718 Quod
1202 5663 1389 5725 corrigendum
1405 5665 1465 5726 init,
1481 5667 1534 5710 nim
1551 5663 1612 5723 qnia
1629 5661 1740 5722 pluralis
1756 5673 1882 5714 numerus
1898 5662 2049 5723 antecedit,
2065 5663 2118 5710 tum
2136 5673 2274 5728 propter

384 5733 548 5814 peculiarem
567 5727 840 5810 νοοωυέπιτροπεῦειν
856 5728 1052 5780 construendae
1069 5729 1208 5778 rationem.
1262 5729 1307 5794 69)
1324 5732 1385 5783 Vox
1406 5727 1486 5787 τάλα
1503 5727 1600 5780 Codice
1619 5729 1705 5778 deest.
1739 5729 1808 5779 Nor.
1826 5731 1870 5780 89.
1889 5741 1912 5779 ο.
1927 5727 1962 5778 14
1978 5727 2068 5779 πάντα
2083 5729 2279 5800 πρεπούσῃ,

386 5799 437 5850 όσα
454 5796 623 5864 extimulare
640 5815 747 5868 ωρισται
765 5797 872 5848 παίδων.
975 5793 1023 5858 70)
1040 5793 1132 5846 Codex
1149 5793 1323 5856 συνελιόσιως.
1359 5800 1428 5850 Nor.
1444 5797 1490 5846 80.
1507 5808 1564 5862 oop.
1582 5795 1626 5848 io.
1644 5793 1660 5847 ό
1676 5793 1706 5847 ἐκ
1720 5795 1888 5850 συνελούσατο
1906 5793 1924 5864 ή
1940 5795 2066 5866 νεφαρόυυ
2089 5791 2275 5862 dosidem

279 5910 281 5919 .
385 5866 403 5938 lp,
419 5865 562 5930 δαμνάτοιν.
610 5861 835 5930 71γῦοδοκόλλῗ.
879 5863 926 5929 72)
943 5864 997 5921 Pio
1014 5859 1152 5930 γεννήσεως
1169 5862 1261 5918 Codex
1277 5868 1356 5921 habet
1371 5863 1494 5934 κτήσεως..
