4824 7048
360 460 439 532 770
821 447 1193 526 IOHANNIS
1257 449 1780 524 scflouasrlcr

362 643 727 733 ἐπανορθόσεωςτῷδείθ)
741 651 904 732 περιλαβεῖν
918 643 1270 726 τῷνόμρσυνείδσμεν.-
1321 648 1525 707 emendatione
1548 643 1642 703 hacce
1663 646 1736 721 lege
1757 647 2006 722 comprehendere
2022 648 2242 708 constituimus.

211 751 275 798 τιον.
291 749 349 795 123.
370 738 545 814 Θεσπίζομεν
565 738 672 812 τοίνυν,
693 729 845 814 dadano)
867 733 903 798 όν
930 736 1009 815 χρεία
1029 737 1139 812 γίνηται
1160 736 1270 794 ἐπίσκο.
1321 733 1529 792 -Sancimus
1542 731 1646 806 igitur,
1658 737 1700 797 ut,
1714 735 1946 805 quotiescunque
1959 735 2135 807 episcopum
2148 735 2243 794 creari

248 828 302 874 wr-
323 819 345 864 ¹·
363 845 418 886 ραι
444 825 687 903 χειροτονηθῆναι,
715 816 783 892 τοὺς
811 820 955 900 κληρικοὺς
977 820 1022 878 καὶ
1050 813 1118 890 τοὺς
1138 814 1270 898 πρότους
1319 824 1464 891 οροιῖοαλ,
1485 817 1588 874 clerici
1610 817 1815 890 principesque
1837 819 1969 874 civitatis
1991 819 2028 876 de
2049 823 2147 876 trihus
2174 837 2246 894 per-

362 913 415 988 ςῆς
435 903 545 978 πόλεως
567 907 611 966 ἐπὶ
627 906 703 985 τρισὶ
718 901 884 982 προσώποις
899 907 1074 983 ψηφίσματα
1088 914 1184 976 ποιεῖν,
1199 925 1269 982 προ-
1323 904 1416 976 sonis,
1438 901 1598 973 propositis
1621 903 1734 958 sanctis
1758 903 1944 978 evangeliis,
1966 905 2099 974 periculo
2124 907 2242 962 enima-

362 996 492 1072 νιειμίνων
519 993 577 1050 cciv
604 987 690 1070 ἁγίων
716 988 895 1066 εὑαγγελίων,
924 983 1094 1066 salchem)
1116 993 1174 1048 νῦν
1195 991 1272 1048 ίδίων
1322 1004 1385 1044 rum
1408 1002 1528 1044 suarum
1550 985 1671 1042 decreta
1694 987 1816 1060 iaciant,
1837 989 1869 1044 in
1891 989 1999 1059 quibus
2021 1005 2056 1046 se
2077 991 2242 1062 profitean-

363 1080 477 1158 ψυχῶν,
517 1072 557 1146 ιὺς
580 1071 614 1134 οὑ
636 1070 736 1150 eodm)
760 1070 840 1133 δόσιν
860 1068 877 1152 ἢ
899 1067 1054 1151 ὑπόσχεσιν
1073 1073 1120 1131 καὶ
1143 1069 1179 1132 τὰ
1200 1070 1272 1152 ἑξῆς,
1323 1077 1372 1128 tur
1394 1087 1490 1143 neque
1512 1086 1563 1142 per
1577 1071 1763 1145 largitionem
1781 1077 1833 1129 aut
1854 1073 2087 1147 promissionem,
2105 1081 2146 1146 ct,
2170 1091 2243 1148 quae

364 1159 432 1223 ἀλλ’
455 1154 560 1230 εἰδότες
581 1155 684 1228 αὑτοὺς
705 1162 756 1236 τῆς
777 1154 872 1236 όρθῆς
900 1157 947 1216 κοιλ
967 1157 1124 1233 καθολικῆς
1149 1157 1272 1228 πίστεως
1321 1157 1437 1227 relique
1458 1161 1542 1226 sunt,
1566 1156 1621 1212 hos
1642 1156 1790 1237 elegisse,
1818 1173 1920 1214 verum
1943 1159 2092 1230 scientes,
2116 1175 2170 1216 ecs
2191 1176 2242 1216 rc-

361 1248 411 1308 ιιοιλ
428 1248 532 1323 σεμνοῦ
552 1245 624 1320 βίου,
647 1243 694 1302 καλ
715 1236 924 1321 γρόμματαῧθ)
945 1243 1053 1314 εἰδέναι,
1074 1237 1192 1312 τοὺτους
1212 1247 1272 1302 ἐπε·
1323 1247 1390 1298 ctsc
1420 1245 1450 1298 et
1471 1240 1636 1297 catholicae
1665 1241 1733 1297 lidei
1762 1247 1851 1312 atque
1881 1244 2025 1300 honestae
2056 1246 2139 1301 vitae
2168 1261 2243 1319 csse,

363 1328 489 1402 λίξαντο,
510 1329 556 1388 καὶ
579 1321 623 1387 ότι
645 1323 708 1388 οὑδὲ
730 1321 853 1403 γαμετῆν
873 1322 937 1385 οὑδὲ
960 1328 1075 1399 παῖδας,
1097 1323 1164 1387 ἀλλ’
1187 1327 1273 1386 είκαλ
1327 1323 1501 1396 litterasque
1523 1326 1611 1397 scire,
1635 1341 1729 1396 neque
1752 1341 1873 1382 uxorem
1895 1343 1990 1398 neque
2012 1328 2123 1386 liberos
2140 1345 2242 1401 quem-

362 1409 507 1493 πρότερόν
534 1433 575 1483 τις
604 1407 633 1482 ἐξ
661 1407 755 1470 αὑτων
785 1405 908 1488 γαμετὴν
923 1405 1077 1488 ἐ’σχενῡϋ,
1114 1412 1161 1472 καλ
1187 1409 1277 1489 αὑτὴν
1327 1427 1413 1483 quam
1436 1426 1474 1466 ex
1497 1409 1535 1466 iis
1557 1411 1686 1481 habere,
1710 1426 1828 1485 verum,
1852 1411 1910 1468 etsi
1932 1413 1998 1483 quis
2021 1429 2060 1470 ex
2081 1414 2142 1470 illis
2166 1430 2243 1472 uxo-

362 1502 431 1578 μίαν
451 1498 498 1557 καλ
520 1492 634 1574 πρώτην
654 1495 700 1553 καὶ
721 1489 772 1553 οὑκ
793 1491 1020 1573 ὑπηγορευμένην
1040 1490 1137 1574 νόμοις
1158 1490 1275 1576 ῆμωνῆ
1326 1512 1388 1552 rem
1416 1501 1504 1550 antea
1532 1495 1686 1568 habuerit,
1722 1511 1787 1551 earn
1816 1501 1913 1552 temen
1943 1497 2036 1554 sclam
2066 1503 2095 1554 et
2124 1499 2243 1572 primam

363 1589 449 1660 ἱεροῖς
469 1575 600 1647 κανόσιν,
622 1575 687 1639 odoi
707 1573 862 1657 βουλευτὴν
883 1573 901 1658 ἢ
922 1575 1064 1658 ταξειὺτην
1085 1585 1186 1640 τοῦτον
1207 1577 1277 1640 εἶναι
1326 1580 1486 1651 habuisse,
1514 1593 1659 1650 quamque
1682 1595 1736 1636 nec
1759 1583 1870 1638 nostris
1892 1581 2010 1656 legibus
2031 1599 2129 1654 neque
2149 1587 2243 1640 sacris

363 1661 600 1749 quidecasemi),
630 1657 647 1740 ἦ
680 1660 758 1739 εἴπερ
791 1664 954 1742 βουλευτικῆ
981 1657 998 1742 ἢ
1028 1661 1179 1742 ταξεωτοιῆ
1207 1659 1276 1744 τὺχη
1328 1665 1490 1720 canonicus
1519 1663 1589 1720 duci
1622 1663 1801 1736 prohibitum
1829 1666 1886 1738 sit;
1922 1681 2014 1737 seque
2041 1669 2122 1724 scire
2152 1685 2243 1740 neque

323 1807 329 1816 ,
362 1749 557 1828 ὑποκείμενος,
596 1744 648 1826 οὑχ
675 1737 762 1825 ἦττον
788 1744 833 1808 ιε’.
862 1752 995 1808 draconeis
1004 1746 1049 1824 ⁵⁶)
1078 1752 1107 1808 ἐν
1134 1769 1275 1826 μοναστη-
1327 1749 1467 1806 curialem
1492 1763 1586 1819 neque
1608 1749 1788 1806 cohortalem
1811 1750 1889 1808 hunc
1905 1766 1984 1822 esse,
2006 1756 2067 1824 aut,
2088 1753 2243 1812 si'curiali

363 1838 417 1915 ρίῳ
437 1826 588 1912 μοναχικόν
608 1832 670 1909 βίον
691 1827 867 1910 ίπανὴρατο,
897 1833 944 1891 καὶ
973 1825 1019 1892 ότι
1047 1829 1098 1912 οὑχ
1119 1823 1205 1909 ἦττον
1226 1829 1274 1894 λε’.
1325 1834 1375 1890 vel
1403 1833 1547 1890 cohortali
1582 1834 1745 1890 conditioni
1773 1835 1929 1894 subiectus
1958 1837 2016 1908 sit,
2056 1852 2117 1892 non
2150 1839 2243 1896 micus

363 1917 550 1992 cocodrili
573 1921 625 1993 τῆς
644 1913 753 1994 ἡλικίας
774 1913 828 1997 ἔχει
848 1911 882 1978 τὸ
905 1916 1027 1995 ίπιλεγὲν
1042 1913 1208 1997 πρόσωπον,
1230 1916 1275 1978 ἵνα
1327 1917 1493 1990 quindecim
1530 1918 1617 1973 annis
1650 1918 1681 1974 in
1716 1921 1897 1976 monasterio
1928 1919 2123 1980 monasticam
2156 1924 2243 1982 vitam

363 2001 380 2064 ό
416 2004 531 2082 βελτίων
563 2003 773 2080 χειροτονηθείη
802 1995 918 2076 κινδύνῳ
951 2007 1002 2060 τοῦ
1040 2009 1276 2079 χειροτονοῦντος,
1326 2003 1528 2076 transegisse,
1569 2017 1664 2072 neque
1699 2003 1796 2060 minus
1834 2005 1960 2079 trigdnta
1991 2006 2124 2078 quinque
2156 2023 2243 2066 annos

363 2082 440 2149 οὑτω
465 2093 558 2162 μέντοι
584 2084 635 2146 τὸν
662 2086 897 2164 ἐλευθερωθέντα
925 2087 976 2163 τῆς
996 2087 1100 2168 βουλῆς
1121 2083 1156 2147 τὸ
1176 2090 1275 2166 τίναρ-
1325 2103 1480 2159 personam
1504 2086 1626 2142 electam
1649 2088 1775 2160 habere,
1803 2093 1836 2144 ut
1857 2091 1962 2147 melior
1983 2097 2102 2148 creetur
2124 2093 2240 2164 pericn-

362 2193 413 2234 τον
433 2175 484 2248 τῆς
505 2171 577 2240 ἰδίας
605 2171 770 2246 περιουσίας
796 2173 887 2244 ἑαυτῷ
910 2182 1142 2250 παρακατασχεῖν
1169 2168 1275 2231 καὶτὰ
1325 2172 1355 2228 lo
1378 2172 1461 2244 cius,
1484 2171 1534 2243 qui
1556 2176 1647 2244 erent,
1670 2172 1712 2226 ita
1734 2179 1841 2247 tamen,
1863 2179 1896 2231 ut
1917 2175 1955 2248 is,
1986 2175 2037 2246 qui
2060 2177 2147 2232 curia
2167 2179 2240 2234 lihe-

362 2250 508 2316 ὑπόλοιπα
517 2252 562 2332 ⁵⁸)
588 2259 623 2330 τῆ
637 2253 781 2332 βουλῇ-59)
801 2257 849 2315 καὶ
867 2259 908 2330 τῷ
922 2256 1056 2332 δημοσίῳ.
1087 2247 1218 2334 διδόαμεν
1226 2256 1274 2332 ⁰⁰)
1326 2261 1409 2313 ratus
1431 2261 1487 2330 est,
1509 2260 1641 2328 quartam
1655 2257 1841 2314 substantiae
1855 2275 1929 2315 sune
1951 2266 2063 2331 partem
2084 2261 2147 2318 sihi
2168 2263 2238 2320 reti-

362 2339 446 2416 di⁸¹)
461 2332 559 2401 ὑδειαν
571 2349 630 2409 τοῖς
648 2333 684 2398 τοὶ
699 2343 876 2418 ψηφίσματα
896 2343 1079 2416 ποιουμέναις,
1102 2339 1133 2400 εί
1146 2362 1208 2402 τινα
1229 2363 1276 2402 κο.
1326 2345 1397 2397 neat
1418 2356 1526 2411 resque
1541 2341 1672 2412 reliquas
1694 2341 1729 2396 ad
1741 2343 1853 2400 curiam
1875 2347 2038 2415 fiscumque
2054 2349 2239 2405 transmittat.

364 2421 466 2502 σμικόν
487 2425 551 2503 δίχα
572 2424 727 2503 βουλευτοῦ
754 2419 938 2500 ἢταξεοὺτου
959 2417 1038 2496 οὑξιον
1066 2422 1135 2486 εἶναι
1156 2427 1275 2502 νομίσω
1326 2425 1391 2482 Illis
1412 2433 1526 2498 cutem,
1554 2425 1604 2498 qui
1632 2425 1751 2482 decreta
1773 2429 1904 2502 iaciunt,
1933 2429 2108 2486 fecultctcm
2132 2431 2238 2505 damus,

363 2507 478 2586 otili),
507 2504 558 2569 τόν
587 2511 715 2568 τοιοῦτον
741 2501 803 2585 ἅμα
830 2501 927 2579 ἄλλοις
955 2505 1006 2570 δὺο
1028 2510 1167 2589 κληρικοῖς
1188 2503 1205 2588 ἢ
1226 2532 1277 2587 μο-
1327 2510 1355 2566 si
1377 2510 1542 2582 quempiam
1564 2525 1602 2567 ex
1623 2509 1710 2566 laicis
1733 2519 1851 2583 praeter
1872 2513 2015 2570 curialem
2037 2515 2089 2571 vel
2103 2517 2237 2574 cohorta-

362 2605 459 2674 ναχοῖς
486 2590 685 2665 ἐπιλέξασθαι,
707 2593 755 2652 καὶ
775 2585 850 2652 οὑτω
878 2605 938 2665 τοῖς
958 2595 1098 2672 κληρικοῖς
1126 2591 1177 2654 οὑκ
1198 2591 1278 2654 ἔλατ-
1327 2593 1384 2652 lom
1405 2595 1537 2670 :dignum
1565 2596 1751 2669 putaverint,
1787 2598 1876 2654 talem
1910 2599 2057 2656 hominem
2081 2617 2144 2668 ,unc
2175 2618 2237 2660 cum

362 2697 413 2738 τοι
441 2682 527 2758 τριυῦν
556 2681 650 2755 μηνῦν
677 2671 824 2753 coelom)
853 2681 1109 2758 συναριθμηθέντα
1134 2679 1182 2739 καὶ
1209 2671 1277 2750 τοὺς
1327 2679 1443 2736 duobus
1457 2679 1575 2736 clericis
1597 2679 1647 2736 vel
1668 2681 1819 2738 monachis
1841 2683 1986 2757 eligendi,
2017 2689 2106 2756 atquc
2126 2685 2167 2742 ita
2187 2686 2234 2744 hic

361 2753 462 2842 ὑγίοεὲ
487 2757 608 2832 κανόνας
635 2761 682 2820 καλ
708 2756 761 2838 τὴν
786 2765 837 2842 τῆς
863 2765 1010 2844 ἐκκλησίας
1037 2763 1213 2844 λειτουργίαν
1239 2765 1277 2825 δι·
1327 2780 1386 2821 non
1407 2764 1504 2821 minus
1525 2763 1620 2820 tribus
1642 2765 1793 2822 mensibus
1821 2767 1899 2824 inter
1926 2767 2054 2827 clericos
2082 2785 2234 2828 monome-

362 2849 509 2928 δοχθέντα
529 2851 769 2928 χειροτονηθῆναι
1326 2853 1409 2906 retur
1442 2861 1604 2920 sacrosque
1639 2865 1769 2906 canones
1803 2851 2010 2924 ecclesiaeque
2048 2853 2234 2913 ministerium

1327 2933 1468 2992 doceatur
1496 2938 1585 3006 atque
1607 2933 1653 2992 sio
1682 2935 1843 3008 episcopus
1870 2943 1999 2996 creetur.

2112 3087 2127 3115 Ο

446 3129 566 3214 κθ’.“3)
609 3137 650 3196 m
677 3133 707 3196 δέ
735 3129 775 3216 μὴ
807 3131 939 3215 εὑρεθείη
973 3132 1068 3212 οὑςθῦ)
1103 3129 1178 3208 είκός
1209 3136 1277 3215 τρία
1413 3136 1484 3210 (λιιι.
1505 3134 1556 3192 79.
1599 3135 1634 3194 Sl
1655 3139 1733 3195 torte
1758 3142 1820 3196 tres
1841 3153 1987 3211 personae
2004 3155 2063 3198 non
2084 3139 2243 3201 invenian-

362 3214 509 3299 πρόσωπα
530 3213 604 3298 πρός
631 3216 684 3300 τῆν
705 3214 838 3300 τοιαὺτην
859 3216 1006 3302 ἐπιλογῆν,
1034 3219 1138 3294 ίξίστω
1159 3221 1204 3282 ἐπὶ
1225 3217 1277 3283 δὺο
1326 3223 1377 3279 tur
1398 3222 1435 3278 cd
1457 3222 1545 3279 telem
1567 3221 1742 3280 electionem
1761 3224 1903 3297 idoneae,
1932 3225 2023 3282 liceat
2050 3232 2079 3284 et
2104 3227 2137 3285 in
2165 3229 2241 3286 duc-

361 3305 410 3365 καλ
429 3306 468 3366 ἑνὶ
489 3298 637 3385 προσόπρ
658 3301 797 3384 ψήφισμα
818 3303 1040 3386 ποιεῖσθαιθῦ),
1063 3300 1162 3379 πόσας
1182 3307 1277 3386 μίντοι
1326 3307 1383 3365 hus
1405 3307 1454 3364 vel
1475 3307 1506 3364 in
1528 3321 1589 3363 uns
1610 3323 1753 3382 persona,
1783 3323 1859 3381 qnae
1881 3313 1980 3366 mmen
2002 3313 2100 3370 omnia
2118 3329 2143 3370 ax
2159 3313 2243 3373 nobis

362 3383 417 3461 τὰς
437 3393 582 3469 είρημένας
603 3388 691 3470 ἔχοντι
711 3392 840 3471 μαρτυρί
873 3435 880 3451 .
1326 3390 1408 3448 dicta
1428 3393 1537 3449 habent
1558 3392 1736 3466 testimonia,
1758 3393 1909 3451 decretum
1931 3395 2041 3456 lacere.

447 3501 487 3567 λ’.
530 3511 569 3568 Εἰ
588 3506 617 3566 ol
638 3505 719 3582 01⁰⁶)
742 3504 905 3587 ὀφείλοντες
932 3501 970 3569 τόι
990 3507 1166 3587 ψηφίσματα
1187 3519 1277 3571 ποιεῖν
1412 3511 1483 3582 cap.
1503 3507 1555 3565 ³0.
1597 3510 1631 3568 Si
1660 3525 1732 3567 vero
1754 3510 1801 3583 hl,
1830 3512 1880 3584 qul
1908 3511 2028 3570 decretu
2056 3515 2163 3574 lacere
2188 3517 2242 3573 de-

362 3585 442 3662 ἐντὺς
461 3595 557 3669 μηνοῦν
577 3585 610 3663 ἐξ
631 3589 721 3670 οὐθ’)
743 3587 898 3672 ποιήσουσι
907 3592 964 3670 ⁸⁸),
986 3597 1139 3671 τηνααῦτα
1159 3599 1200 3670 τῷ
1222 3616 1276 3654 κιν.
1326 3593 1414 3668 beot,
1443 3594 1521 3651 intra
1548 3609 1604 3652 sex
1624 3611 1743 3652 menses
1765 3611 1823 3654 non
1850 3597 1977 3669 iaciant,
2009 3603 2083 3656 tunc
2111 3603 2238 3674 periculo

362 3669 437 3750 δὺνιρ
458 3679 510 3754 τῆς
530 3676 602 3746 ἰδίας
623 3681 717 3756 ψυχῆς
737 3674 912 3755 heronem),
941 3665 1119 3757 όόρμόζει,
1147 3673 1198 3739 τόν
1219 3679 1277 3739 ἐπί·
1327 3679 1444 3736 animce
1478 3695 1551 3737 sune
1579 3679 1623 3753 ls,
1665 3682 1714 3736 cui
1743 3682 1898 3755 competit,
1934 3683 2105 3764 episcopum
2137 3691 2239 3743 creato.

363 3780 473 3820 σκοπον
500 3763 783 3840 χειροτονείσθωῖθ).
826 3759 896 3822 ὁδί
922 3757 1005 3838 παρὰ
1030 3755 1082 3842 τῆν
1102 3784 1276 3844 προαγορευ·
1327 3763 1385 3832 oni
1407 3779 1478 3821 vero
1495 3769 1598 3822 contra
1619 3765 1797 3836 praedictam
1814 3761 2050 3826 observationem
2074 3771 2242 3844 episcopum

363 3849 470 3904 θεῖσαν
496 3841 674 3904 ἀκολουθίαν
699 3851 865 3924 χειροτονοῦν
892 3847 938 3906 ἐπὶ
964 3843 1013 3906 ἕνα
1041 3843 1168 3908 ἐνιαυτὸν
1194 3870 1276 3929 χωρι.
1326 3851 1425 3921 creat,
1453 3864 1507 3921 per
1527 3863 1616 3905 unum
1642 3865 1750 3910 annum
1778 3866 1797 3905 a
1818 3865 1905 3908 sacro
1926 3851 2092 3911 ministerio
2114 3871 2239 3929 separe·

363 3926 460 4002 ζίσθω
480 3929 529 3988 καὶ
557 3923 608 4008 τὴν
636 3931 709 3989 ίδίαν
735 3928 836 3991 οὑσίαν
873 3925 890 4011 ἢ
920 3928 1141 4006 δεσποτείανῊ)
1162 3937 1215 4011 τῆς
1235 3935 1278 3992 ἐκ-
1326 3937 1384 4007 tur,
1406 3933 1659 4004 substantiamque
1682 3935 1747 3991 elus
1769 3935 1817 3991 vel
1840 3951 1886 4011 ea,
1906 3951 1982 4008 quae
2003 3937 2035 3994 in
2057 3939 2126 3996 elus
2149 3940 2241 3997 domi-

362 4013 482 4090 κλησίας
509 4009 599 4074 αὑτοῦ
620 4015 800 4090 διεκδικιίτω,
827 4013 915 4077 καλό
943 4017 1150 4098 χειροτονηθεὶς
1177 4017 1275 4097 ἐκβαλ·
1329 4017 1379 4074 515
1395 4023 1474 4093 sant,
1495 4015 1624 4078 ecclesia
1633 4014 1684 4093 (1)
1706 4020 1770 4077 eius
1789 4019 1951 4097 vindicato,
1973 4021 2072 4100 isque,
2087 4024 2143 4097 qui
2161 4041 2243 4083 crea-

362 4095 472 4158 λίσθω.
1328 4107 1378 4160 tus
1400 4107 1463 4178 est,
1492 4103 1566 4160 sede
1587 4103 1734 4164 eliciatur.

247 4237 303 4286 cco.
319 4229 344 4278 ν.
447 4207 506 4276 λα’.
548 4218 588 4276 El
604 4217 637 4277 δέ
650 4237 693 4288 τις
711 4210 946 4298 κατηγορὴσηλῖ)
969 4221 1022 4280 τοῦ
1038 4216 1276 4299 ἐπιλίγοντοςῖθ),
1411 4221 1483 4294 (lap.
1505 4219 1556 4278 31.
1599 4220 1633 4280 Si
1655 4221 1725 4294 quis
1743 4238 1826 4295 enm,
1848 4220 1900 4296 qul
1921 4223 2035 4282 electus
2056 4229 2123 4300 est,
2154 4244 2243 4286 aecu-

361 4295 571 4380 ὑπιρτιθέσθω
601 4297 618 4378 ἡ
646 4297 748 4362 τοὺτου
777 4306 947 4381 χειροτονία,
980 4305 1028 4364 καὶ
1056 4307 1083 4365 εί
1112 4298 1276 4366 ὑπεὺθυνον
1326 4305 1447 4376 caverit,
1470 4306 1577 4364 electio
1606 4308 1671 4364 elus
1693 4308 1861 4374 differatur,
1881 4323 1934 4383 ao,
1956 4309 2119 4383 siquidem
2145 4315 2245 4387 culpae

362 4377 508 4464 sipont),
532 4387 705 4445 κωλυέσθω·
747 4389 774 4446 εἰ
792 4385 821 4445 δέ
841 4383 1003 4460 ὑπεὺθυνος
1023 4382 1063 4468 μὴ
1085 4389 1199 4468 φανείη,
1220 4410 1274 4469 χιι·
1324 4405 1407 4448 rcum
1428 4391 1584 4467 invenerit,
1606 4392 1812 4464 prohibeatur;
1856 4392 1904 4451 sin
1925 4399 2024 4452 autem
2045 4397 2158 4470 cnlpae
2178 4415 2242 4456 rens

362 4466 604 4548 pccoslcocli).
647 4465 663 4529 ό
693 4465 777 4545 dili)
806 4465 977 4550 κατήγορος,
1016 4471 1072 4534 είτι
1098 4467 1140 4553 μῆ
1165 4471 1274 4534 ἀπέδει·
1317 4491 1395 4532 esse
1421 4476 1560 4534 inventus
1588 4492 1646 4532 non
1673 4477 1729 4551 slt,
1758 4480 1884 4535 creetur.
1930 4481 2101 4538 Accusator
2137 4489 2240 4554 autem,

361 4551 424 4628 ξεν,
452 4550 507 4614 εἴτε
528 4553 574 4614 καλ
596 4549 808 4634 euthymii),
838 4550 890 4633 τῆν
909 4564 1106 4636 προτεθεῖσαν
1126 4555 1202 4640 παρ’
1223 4555 1275 4620 αδ·
1325 4559 1392 4616 slve
1414 4576 1472 4618 non
1493 4562 1638 4634 probavit,
1660 4561 1726 4618 slve
1748 4562 1836 4619 etiam
1858 4563 1895 4620 ab
1916 4565 2131 4642 accusatione,
2160 4583 2238 4640 ιμιεω

361 4635 470 4802 ηπ)
491 4640 670 4719 κατηγορίαν,
692 4643 723 4701 ἐκ
743 4643 795 4720 τῆς
815 4637 1015 4720 meppiam),
1037 4645 1066 4703 ἐν
1085 4633 1104 4722 ᾖ
1126 4646 1204 4718 οἰκεῖ,
1233 4645 1275 4704 ἐκ·
1324 4643 1471 4722 institnit,
1493 4645 1625 4724 destitit,
1654 4661 1692 4704 ca
1712 4645 1883 4723 provincia,
1903 4647 1935 4707 ln
1956 4664 2015 4723 quc
2036 4649 2238 4730 55515ηωὶ-

446 4727 527 4784 Ὶσθω.
1264 4743 1266 4748 ·
1325 4728 1431 4788 cietur.

513 4991 561 5054 49)
577 4993 615 5057 τῷ
632 4990 659 5042 δι’
679 4993 755 5045 1824.
823 4991 869 5054 50)
887 4986 980 5052 ὦαόκις
995 4991 1077 5046 1555.
1151 4994 1199 5055 51)
1216 4991 1339 5047 κενδὺνων
1356 4997 1437 5050 1555.
1510 4998 1559 5058 52)
1582 4995 1643 5051 cnidi
1660 4994 1706 5050 διό
1721 4999 1800 5050 idw-
1883 5003 1935 5064 55)
1957 5003 2012 5056 Pro
2028 4999 2180 5074 γράμματα
2197 5004 2247 5056 dac

361 5060 463 5120 Puris..
479 5061 552 5112 luter
569 5073 635 5126 quos
654 5059 739 5124 1555,
756 5057 901 5129 πράγματα
919 5063 1024 5112 liabent.
1105 5061 1155 5122 cl)
1172 5064 1229 5126 ίοχε
1247 5077 1315 5113 unus
1332 5066 1418 5116 Puris.
1483 5067 1531 5126 55)
1547 5065 1715 5129 γινώσκουσιν
1735 5071 1808 5119 1555.
1882 5072 2250 5131 connumerantes&

361 5126 424 5178 decis
441 5129 529 5178 habet.
597 5129 644 5187 57)
661 5127 725 5178 ίτιῦν
742 5129 822 5180 1355.
890 5129 936 5188 58)
954 5125 1086 5181 ὑπόλοιπα
1101 5131 1177 5180 1555.
1246 5134 1293 5191 59)
1310 5133 1364 5184 Pro
1382 5135 1417 5202 τῇ
1433 5133 1514 5202 βουλῇ
1532 5135 1611 5186 1555.
1628 5139 1664 5201 τιγῦ
1688 5135 1743 5202 λαῷ
1759 5135 1849 5188 habet.
1931 5140 1980 5198 oti)
1996 5141 2038 5190 15.
2057 5155 2082 5204 p.
2102 5143 2169 5193 812.
2205 5143 2249 5192 15-

362 5198 476 5258 scriptio
499 5197 567 5247 haee
590 5201 632 5246 cst
654 5195 723 5259 apud
747 5197 801 5246 Im:
835 5193 890 5247 ὑπὸ
915 5199 960 5262 τῆς
983 5195 1034 5268 ρλ’.
1053 5203 1145 5268 νεαρᾶς
1162 5197 1308 5257 διατάξεως.
1344 5201 1397 5251 Pro
1415 5199 1539 5263 διδόαμεν
1557 5203 1597 5252 15.
1620 5203 1712 5264 δίδωμι
1739 5205 1828 5255 habet.
1931 5207 1978 5266 51)
2000 5207 2028 5258 δι’
2051 5209 2135 5260 deest
2161 5209 2249 5260 1515.

361 5261 425 5322 eta)
444 5263 579 5324 νομίσαντε
596 5265 637 5314 15.
704 5265 750 5323 dh)
766 5265 821 5314 Pro
837 5259 919 5314 αὐτόν
937 5264 978 5314 15.
995 5263 1087 5324 αὐτοῖς
1105 5269 1192 5319 lnaoet.
1261 5269 1307 5326 θθ)
1326 5269 1366 5318 15.
1386 5283 1411 5331 p.
1429 5269 1487 5320 dtu.
1556 5269 1604 5331 ol)
1621 5268 1654 5328 ὥς
1672 5273 1749 5322 deest
1766 5271 1835 5335 apud
1854 5273 1896 5324 lc.
1948 5277 1995 5334 65)
2012 5273 2196 5342 ποιήσασθαι
2208 5279 2248 5330 lm

362 5329 410 5388 tid)
426 5330 465 5380 1ο.
477 5346 501 5394 p.
519 5333 580 5383 615.
614 5331 676 5382 Vox
693 5329 718 5380 ci
735 5331 811 5382 deest
827 5335 855 5382 ln
874 5333 954 5382 1355.
977 5333 1031 5384 Pro
1049 5333 1074 5384 εἰ
1089 5333 1117 5385 dl
1134 5334 1161 5384 οῖ
1177 5335 1218 5385 Ic.
1236 5331 1263 5385 οἱ
1279 5334 1306 5385 δέ
1322 5337 1411 5386 hehet.
1437 5337 1478 5386 Ad
1497 5350 1582 5401 marg.
1602 5343 1691 5389 temen
1709 5345 1834 5390 nomena:
1853 5339 1887 5391 λσ.
1906 5335 1931 5392 εί
1947 5341 1974 5393 di
1990 5341 2018 5393 ci
2036 5343 2091 5395 θα.
2132 5347 2250 5406 dmm

363 5392 396 5446 οὑ
413 5397 465 5447 duo
482 5399 577 5461 Paris,
602 5402 674 5450 inter
690 5412 757 5464 quos
775 5399 866 5461 1355,
882 5405 910 5449 et
927 5400 969 5449 15.
987 5399 1024 5467 μῆ
1041 5403 1148 5453 hahent.
1198 5405 1245 5461 68)
1262 5399 1389 5468 ποιήσωσι
1406 5404 1459 5455 dno
1476 5405 1572 5468 Parim,
1590 5407 1662 5458 inter
1678 5419 1745 5472 quos
1763 5408 1852 5469 1855,
1876 5415 1905 5460 et
1922 5410 1961 5460 15.
2029 5411 2077 5469 59)
2099 5415 2162 5466 Pro
2186 5411 2251 5464 ίιεῖ-

362 5479 407 5521 νας
423 5453 442 5528 ql
460 5465 535 5516 1³20.
554 5464 638 5530 ἐκείνῳ
655 5467 744 5528 uniet,
762 5467 802 5516 15.
819 5466 924 5524 ἐκείνοις
941 5457 970 5532 ᾧ.
1004 5470 1047 5518 Ad
1064 5474 1212 5534 marginem
1230 5471 1319 5521 editor
1335 5474 1459 5522 conticit:
1495 5472 1528 5523 λο.
1546 5471 1647 5532 ίκεῖνος.
1738 5473 1785 5534 70)
1808 5477 1987 5546 χειροτονείτω
2010 5477 2049 5528 15.
2124 5481 2180 5540 71)
2197 5483 2252 5532 era

362 5525 548 5596 ἢδεσιτοτείαν
565 5535 643 5586 1820.
660 5530 677 5600 ἡ
695 5534 833 5584 δεσποτεία
850 5535 937 5584 habet.
973 5535 1026 5586 Pro
1043 5542 1089 5604 τῆς
1106 5537 1237 5603 tuipsius
1253 5540 1307 5600 leg.
1326 5532 1342 5604 ἦ
1361 5537 1489 5604 lucipeta.
1585 5542 1634 5601 72)
1658 5541 1699 5592 15.
1723 5557 1750 5606 p.
1777 5542 1835 5594 5115.
1871 5545 2015 5609 Inscriptio
2038 5547 2078 5596 151
2095 5549 2175 5600 haee
2192 5555 2251 5599 ui:

361 5600 408 5664 τῆς
424 5595 473 5648 λα’.
491 5599 636 5660 διατάξεως.
671 5629 698 5641 -
737 5601 921 5673 Κατηγορῆοεε
939 5615 1007 5652 unus
1023 5605 1110 5656 Paris.
1128 5606 1169 5656 15.
1271 5606 1318 5666 75)
1335 5603 1495 5669 inclarescat·
1512 5607 1590 5658 1555.
1613 5609 1656 5660 15.
1689 5611 1790 5662 Postea
1814 5615 1906 5662 stetim
1931 5611 2143 5683 lamponianus
2161 5619 2254 5668 11151-

380 5668 446 5716 onlt.
514 5669 564 5727 74)
580 5665 641 5740 εὑρη
659 5669 737 5721 1355.
805 5671 851 5730 75)
868 5671 959 5721 Verba
975 5667 1000 5722 εί
1015 5671 1043 5721 δέ
1060 5667 1212 5731 ὑπεὺθυνας
1227 5670 1264 5741 μῆ
1280 5673 1382 5740 φανείη,
1399 5693 1440 5736 χει
1457 5675 1602 5726 οτονείσθω
1624 5678 1720 5728 desum
1736 5682 1764 5728 ln
1783 5679 1824 5729 15.
1892 5675 2089 5740 repererim
2110 5680 2250 5738 10.ch

358 5679 481 5788 scebet.
531 5735 578 5796 77)
594 5735 711 5803 ἀπέφυγε
729 5738 958 5790 nauseantem.
1026 5739 1073 5800 78)
1090 5737 1146 5792 κατ’
1163 5739 1249 5794 αὑτοῦ
1265 5741 1306 5794 15.
1373 5741 1421 5804 75)
1437 5693 1492 5796 gro
1507 5741 1635 5817 ίιταρχόας
1652 5746 1729 5799 1555.
1746 5745 1904 5819 κατηγορίας
1925 5749 2014 5800 nabet.
