4760 7042
373 531 450 638 nm
964 592 967 596 .
1092 527 1521 602 couunuuro

369 725 536 806 δυναμένης,
569 717 680 786 ὁπόσον
706 718 744 788 άν
769 723 867 804 sicii)
894 717 1141 808 άριθμῆσειενὸθ)
1171 715 1282 804 χρόνον,
1331 725 1428 798 tento,
1449 727 1706 798 quantumcunque
1727 724 1795 798 quis
1816 723 2017 786 numeraverit
2038 731 2167 806 tempus,
2183 734 2234 796 niet

369 807 444 890 πλὴν
465 814 493 872 εί
509 808 549 888 μὴ
569 805 677 890 μεταξύ
697 815 749 873 τοῦ
770 832 801 873 τε
821 816 864 888 τῶ
885 810 1007 886 άνυαλίιρ
1033 807 1176 889 πρεσβείῳ
1197 810 1280 889 βεβα·
1331 809 1409 866 iuter
1431 811 1520 884 lrunc,
1543 812 1594 882 pul
1615 826 1712 869 annuo
1734 812 1835 888 legato
1857 816 1998 870 oneratus
2022 818 2079 887 est,
2108 819 2138 872 et
2156 817 2233 898 bunc,

369 895 548 976 ρημίνουθθ)
577 899 629 956 τού
655 917 686 955 τε
706 890 782 957 κατά
812 893 880 969 τούς
909 886 1064 975 ίερατινιούς
1090 888 1213 964 κανόνας
1233 895 1282 954 καλ
1332 895 1382 966 qui
1404 895 1565 952 secundum
1587 911 1690 952 saeros
1713 912 1843 954 canones
1864 901 1895 956 et
1917 903 2034 955 nostras
2057 900 2142 974 leges
2160 905 2235 962 cios-

369 979 439 1054 τούς
458 977 664 1060 ἡμετέρουςθί)
686 975 791 1060 νόμους
811 985 997 1060 προεστῶτας
1007 980 1055 1053 ⁶²)
1076 983 1128 1056 τῆς
1147 973 1281 1058 τοιαύτης
1331 978 1410 1036 modi
1437 980 1586 1038 exactioni
1614 982 1787 1052 praelectus
1815 985 1879 1054 est,
1920 989 2040 1054 paetum
2068 985 2169 1044 initum
2195 991 2237 1065 sit,

368 1059 551 1144 ἀπαιτήσεως
571 1065 677 1143 γένοιτο
698 1059 1041 1145 decemnovalem
1066 1059 1211 1143 πρόσοδον
1231 1060 1280 1124 άν-
1331 1079 1388 1135 quo
1416 1064 1580 1138 placuerit,
1612 1069 1646 1122 ut
1666 1080 1720 1138 pro
1744 1066 1845 1122 anuali
1865 1067 1967 1142 legato
1997 1068 2034 1124 ab
2057 1083 2109 1143 eo,
2136 1073 2182 1143 qui
2205 1091 2236 1134 eo

372 1148 522 1227 12⁶³)aeoo
543 1145 677 1209 άνυαλίου
697 1151 847 1228 πρεσβείου
868 1151 993 1228 δοθῆναι
1014 1145 1095 1226 παρά
1110 1143 1213 1210 τούτου
1226 1150 1280 1209 τού
1329 1153 1474 1223 gravatus
1496 1153 1552 1222 est,
1575 1149 1690 1208 redltus
1712 1150 1799 1207 detur
1820 1151 1914 1208 bouus
1936 1168 2034 1224 neque
2054 1153 2153 1212 multis
2171 1173 2236 1216 ooo-

367 1233 560 1314 βεβαρημένου
592 1231 705 1311 εύθιιλῆ
731 1235 778 1294 καί
807 1234 953 1312 δημοσίοις
985 1233 1102 1305 πολλοῖς
1136 1230 1279 1310 ύποκειμί-
1329 1233 1413 1291 ribos
1435 1234 1563 1306 publicis
1585 1235 1749 1310 obnoxius,
1777 1233 1831 1292 ssd
1853 1239 1884 1293 et
1905 1237 2111 1294 messionem
2139 1241 2236 1302 babens

367 1341 418 1398 νην
429 1317 496 1394 t³⁴),
525 1311 601 1378 άλλά
622 1319 670 1378 καλ
689 1312 859 1397 προσθήκην
879 1314 1000 1398 ἔχουσαν
1027 1311 1143 1388 πάντας
1169 1313 1278 1397 pact)
1330 1318 1447 1376 omniuo
1470 1333 1527 1376 non
1556 1320 1697 1376 minorem
1718 1325 1824 1392 quarta
1850 1326 1936 1393 parte
1962 1323 2030 1394 puri
2051 1323 2175 1400 reditus,
2194 1335 2238 1386 aot

368 1401 423 1464 ούκ
442 1397 580 1463 ἐλάττονα
601 1405 653 1464 τού
680 1397 817 1480 τετάρτου
837 1403 940 1480 μέρους
960 1406 1011 1482 τῆς
1031 1407 1168 1481 καθαράς
1189 1423 1279 1480 προσ·
1331 1407 1471 1475 quantum
1491 1403 1569 1460 inter
1590 1419 1643 1460 eos
1665 1406 1770 1480 angeri
1792 1405 1948 1477 placuerit.
1984 1407 2121 1478 Namque
2141 1411 2165 1468 si
2186 1413 2237 1470 tals

367 1481 454 1561 άδου,
475 1488 610 1566 ἐπείποιγε
631 1480 743 1548 ὁπόσον
763 1480 801 1546 άν
820 1482 928 1566 μεταξύ
948 1485 1045 1548 αύτῶυ
1072 1489 1117 1548 dni
1138 1483 1172 1548 τὸ
1194 1489 1281 1548 πλέον
1330 1492 1449 1561 pactum
1470 1487 1503 1545 in
1524 1489 1645 1561 scriptis
1666 1491 1728 1566 flat,
1749 1491 1877 1562 talisque
1905 1490 2021 1548 reditus
2043 1491 2130 1550 datus
2155 1496 2193 1554 ait
2211 1506 2238 1555 et

367 1566 483 1644 δόξειεν.
508 1575 535 1632 εί
551 1571 601 1649 μὲν
621 1563 675 1649 γάρ
696 1590 724 1632 τι
744 1575 873 1632 τοιοῦτον
882 1569 930 1650 ⁶⁶)
952 1569 1092 1653 ἔγγραφον
1113 1574 1222 1652 γθηται
1232 1570 1278 1648 ⁸⁷)
1329 1577 1469 1644 receptus
1497 1573 1530 1629 iu
1563 1574 1684 1646 scriptis
1712 1575 1901 1647 pactionibus
1928 1581 1959 1632 et
1986 1579 2235 1657 transactionibus,

367 1653 537 1735 σύμηοννον,
570 1655 617 1714 καλ
645 1655 746 1734 δοθείη
771 1651 789 1734 ἡ
818 1651 936 1736 τοιαύτη
963 1651 1109 1736 πρόσοδος
1136 1658 1183 1716 καλ
1212 1653 1280 1718 άυα·
1330 1655 1419 1728 idque
1455 1658 1645 1716 manifestum
1681 1674 1736 1732 per
1770 1663 1924 1734 gestorum
1953 1662 2167 1722 conlectionem
2192 1669 2241 1723 ta-

366 1735 498 1818 λειφθείη
506 1736 552 1816 ⁶⁸)
573 1733 722 1819 ἐγγράφοις
743 1735 902 1820 συνθήκαις
929 1743 976 1802 καλ
999 1735 1212 1820 cantassem)
1233 1742 1281 1802 καί
1331 1745 1410 1798 otum
1437 1743 1543 1816 tuerit,
1583 1743 1674 1800 annui
1711 1745 1805 1819 legati
1831 1745 2016 1802 exactionem
2044 1751 2149 1804 contra
2172 1766 2239 1824 eum,

366 1828 453 1886 τοῦτο
486 1821 608 1902 ἐμφανὲς
638 1823 684 1884 ἐπὶ
713 1819 845 1904 πράξεως
872 1823 1081 1905 ὑπομνημάτων
1108 1827 1280 1905 κατασταίη,
1332 1826 1384 1899 qui
1406 1827 1463 1884 hoo
1485 1832 1625 1884 oneratus
1647 1832 1704 1901 est,
1726 1844 1848 1885 cessare
1869 1830 2030 1904 mocimus,
2058 1833 2158 1904 ipsum
2175 1850 2238 1895 vcro

366 1905 464 1988 άρηεῖν
489 1903 539 1985 τὴν
573 1903 729 1986 ἀπαίτησιν
759 1913 811 1971 τοῦ
841 1907 976 1972 άνυαλίου
1001 1905 1176 1990 tepescam)
1205 1908 1282 1972 κατά
1332 1905 1458 1969 reditum
1470 1927 1524 1984 pro
1536 1913 1639 1988 legato
1656 1914 1799 1970 constitui
1812 1919 1954 1985 perpetuo
1969 1916 2007 1970 ad
2023 1915 2055 1972 id
2069 1917 2238 1996 deputatum,

365 1997 420 2054 τοῦ
438 1986 528 2068 ταύτη
543 1991 734 2072 βεβαρημένοι
752 1993 937 2074 θεσπίζομεν,
957 1990 1047 2072 αὐτὴν
1069 1994 1099 2056 di
1119 1990 1169 2074 τὴν
1189 1991 1282 2075 πρόσ·
1332 1997 1442 2068 quique
1455 2012 1474 2051 a
1486 2012 1633 2068 quoquam
1645 1997 1705 2054 ullo
1720 1997 1909 2056 alienationis
1922 2015 2035 2074 genere
2047 2001 2172 2060 alienari
2189 2020 2238 2063 oon

366 2078 434 2138 οδον
462 2073 582 2154 datin)
618 2081 671 2137 τοῦ
706 2079 860 2158 πρεσβείου
887 2077 1123 2158 καθεστάναιῖλ)
1150 2082 1282 2158 διηνεκῶς
1331 2082 1435 2154 possit.
1471 2083 1526 2139 Sin
1547 2085 1647 2139 autam
1668 2081 1743 2139 ninll
1764 2083 1824 2139 talc
1845 2083 2065 2158 subsequatur,
2087 2089 2238 2150 secundun

364 2163 405 2232 είς
424 2165 510 2222 τοῦτο
537 2157 753 2241 άφοορισμί-νηυ,
783 2165 832 2224 καλ
860 2165 1038 2226 ἐκποιεῖοθαι
1066 2161 1145 2242 παρ’
1168 2160 1282 2235 οὐδενὸς
1332 2180 1377 2239 ea,
1399 2181 1475 2236 quae
1497 2166 1580 2238 prius
1603 2167 1727 2224 anobis
1749 2167 1937 2241 dictasunt,
1958 2169 2111 2228 annalium
2133 2173 2240 2249 legato·

364 2240 442 2306 νιοιθ’
465 2240 634 2326 οίουδὴποτε
658 2242 829 2324 δνποιὴσεας
850 2253 946 2329 σχῆμα
967 2251 1129 2327 δυναμένου.
1162 2243 1278 2320 ούδενύς
1328 2265 1394 2308 rum
1415 2250 1528 2308 dadoni
1549 2251 1614 2326 bos,
1636 2253 1687 2324 qui
1708 2237 1893 2326 lis⁰gravoti
1915 2258 1995 2326 snut,
2015 2260 2159 2328 perpetuo
2174 2260 2239 2316 aub-

364 2327 396 2389 δλ
426 2323 557 2390 τοιούτου
593 2332 898 2409 παρακολουθοῦντος,
938 2329 1113 2394 ὑποκεῖσθαι
1147 2336 1278 2412 διηνεκῶς
1327 2335 1427 2392 iacere
1448 2335 1617 2408 sancimus,
1645 2340 1679 2393 ut
1700 2341 1731 2393 ct
1751 2351 1857 2394 nomen
1884 2341 1916 2394 et
1936 2339 2078 2396 memoria
2107 2341 2237 2419 defuncti,

362 2407 439 2474 κατά
458 2409 492 2474 τά
515 2413 684 2494 ἔμπροσθεν
704 2413 780 2496 παρ’
802 2412 883 2496 ἡμῶν
904 2420 1045 2498 εἰρημένον
1064 2422 1099 2495 τῇ
1120 2413 1200 2480 δύσει
1220 2423 1279 2480 τῶν
1327 2419 1399 2477 item
1420 2420 1536 2477 annalis
1556 2421 1653 2496 legatl
1680 2420 1713 2478 in
1733 2421 1808 2492 ipsis
1830 2421 1972 2494 operibus
1998 2429 2146 2497 perpetuo
2173 2444 2238 2487 eon·

363 2495 502 2560 άνναλίοον
522 2501 679 2579 πρεσβείων
708 2511 767 2572 τοῖς
787 2496 925 2573 τοιούτοις
954 2503 1205 2582 βεβαρημένοιςῖθ)
1227 2509 1278 2563 θε·
1329 2508 1473 2565 servatur.
1522 2506 1596 2566 Dat.
1623 2505 1697 2566 XV.
1725 2505 1800 2566 Kar.
1827 2508 1997 2567 Necnon·
2013 2509 2187 2587 umento
2212 2517 2239 2574 u

364 2581 513 2662 σπίζομευ,
545 2577 622 2645 ούστε
635 2583 677 2646 τὸ
698 2574 791 2663 ὄνομα
810 2585 858 2646 καλ
878 2581 930 2664 τὴν
950 2581 1060 2667 μνήμην
1080 2591 1132 2648 τού
1152 2581 1279 2666 τελευτή·
1335 2587 1440 2650 Oreste
1460 2603 1535 2652 odat.

363 2688 488 2741 σαντος,
509 2672 561 2729 τοῦ
583 2689 615 2730 τε
636 2665 771 2730 άνναλίου
790 2671 944 2750 πρεσβείου
965 2668 1013 2733 ἐπ’
1037 2668 1135 2732 αύτῶν
1161 2677 1219 2734 τῶν
1239 2669 1283 2752 ἕρ·

363 2789 421 2847 yma
442 2769 572 2862 διηνεκῶς
593 2764 796 2937 δἮάΊζρρθαι.
817 2771 891 2837 Δάν.
918 2767 978 2834 xl.
998 2756 1056 2832 ob.-
1070 2755 1162 2854 lvo-sp.
1182 2773 1284 2854 hipp.

363 2853 402 2920 εἶ.
420 2884 467 2946 op.
484 2882 673 2922 armosos.

212 3045 282 3116 ⁶⁴³·
292 3043 318 3091 ⁰·
326 3042 347 3090 ¹·
462 3037 725 3116 ’ίουοτινιαυού
741 3036 855 3137 νόμος
875 3037 959 3145 περὶ
985 3047 1054 3118 τοῦ
1072 3037 1126 3146 μὴ
1146 3047 1224 3119 δεῖν
1233 3043 1279 3126 π)
1435 3041 1587 3142 [Consi.
1613 3042 1674 3144 9.)
1705 3043 1891 3122 Iustiniani
1924 3043 1987 3122 lex
2017 3045 2066 3124 de
2091 3043 2175 3142 boc,
2204 3057 2240 3122 ut

210 3113 348 3236 Ῐρξῖᾗῗῖ
365 3133 463 3214 κατά
487 3138 591 3244 τάξιν
616 3140 677 3220 καί
707 3139 859 3240 βαθμὸν
886 3131 1075 3246 περισσεύω)
1109 3147 1282 3238 γίνεσθαι
1331 3143 1476 3222 abbates
1501 3145 1562 3220 vel
1586 3145 1788 3224 abbatissae
1813 3145 2006 3226 seeundum
2030 3147 2189 3226 ordinem
2208 3160 2241 3224 et

210 3248 331 3308 elersen.)
364 3235 453 3332 τοὺς
467 3241 699 3341 ἡγουμένους,
724 3239 837 3346 ἢτάς
848 3244 1062 3346 ἡγουμένοις,
1085 3242 1179 3322 ἀλλὰ
1195 3249 1279 3324 κατ’
1330 3244 1479 3345 gradum
1503 3247 1697 3350 prioritatis
1723 3248 1801 3324 fieri
1828 3273 1900 3325 nou
1926 3247 2096 3345 debeam,
2128 3275 2240 3326 veritur

363 3341 513 3445 ἐκλογὴν
539 3343 711 3449 ἐνάρετον
735 3344 798 3422 καί
819 3343 945 3423 ἱκανὸν
963 3349 1187 3446 ἀντέχεσθαι
1207 3377 1280 3456 po·
1330 3371 1409 3424 eum
1435 3347 1636 3448 eligendum
1660 3373 1764 3444 esse,
1803 3351 1862 3450 qui
1887 3359 1924 3426 et
1948 3350 2082 3428 viduis
2107 3351 2240 3456 praedi·

358 3451 502 3540 χῶνΠ).
1328 3459 1385 3526 tua
1411 3461 1447 3528 et
1472 3451 1661 3528 ammaum
1693 3475 1799 3531 curae
1824 3451 2070 3556 capessendae
2099 3453 2241 3533 idoneus

1332 3551 1390 3628 sit.

361 3729 879 3904 erpoiiogiciiiiiiwhwe)
910 3737 1102 3824 ’ίουλιανῶ
1129 3738 1277 3829 ἐπάρχῳ
1413 3743 1500 3804 Mem
1519 3743 1690 3860 ''villetam‘'⁴
1704 3745 1828 3805 166660
1845 3741 2003 3820 Wfssm
2021 3747 2196 3822 Wmffl·

450 3957 517 4027 Τοῖς
538 3959 624 4036 ἱεροῖς
644 3955 724 4038 ἡμῶν
744 3954 842 4042 νόμοις
870 3955 996 4042 οίύμεθα
1016 3967 1117 4046 χρῆναι
1142 3963 1191 4027 καλ
1211 3967 1276 4026 τού·
1339 3983 1341 3986 ·
1410 3961 1514 4023 Saudo
1540 3963 1651 4022 nosnls
1677 3963 1797 4040 legibus
1823 3964 2030 4026 existimamus
2050 3973 2193 4041 oportere
2215 3969 2245 4024 et

359 4059 411 4102 τον
437 4041 683 4121 oboedientem
717 4041 747 4118 ἐξ
774 4043 892 4127 άρετῆς,
931 4045 1000 4110 άλλ’
1031 4045 1084 4111 ούκ
1110 4052 1141 4110 ἐκ
1166 4043 1276 4130 χρόνον
1325 4046 1405 4105 hanc
1418 4048 1499 4123 addi,
1520 4063 1597 4121 quae
1618 4051 1655 4108 ob
1676 4050 1825 4126 virtutem,
1852 4067 1913 4109 non
1933 4057 2034 4110 autem
2054 4068 2093 4110 ex
2107 4051 2244 4126 temporis

360 4119 416 4198 wia
444 4121 553 4204 εὖοίεΐι·
581 4123 731 4206 ἡγεμονίας
750 4134 930 4212 παρίγουτα,
960 4127 1037 4196 ῶστε
1065 4135 1111 4195 dol
1133 4139 1191 4196 τῶν
1212 4131 1276 4195 εύα·
1325 4131 1414 4205 lapsu
1433 4133 1594 4209 religiosas
1615 4137 1821 4207 praetenturas
1842 4137 1956 4211 tribuit,
1978 4138 2021 4195 ita
2040 4139 2133 4196 utin
2152 4151 2245 4194 νεου-

359 4214 419 4289 γῶν
438 4214 637 4290 μουαστηρίοον
663 4208 680 4292 ἢ
709 4211 890 4296 άσκητηρίαν
914 4211 954 4299 μη
983 4213 1154 4298 nummu)
1183 4219 1283 4280 τελευ-“
1325 4217 1471 4277 rabilibus
1504 4219 1693 4278 monasteriis
1729 4221 1779 4277 vel
1806 4221 1964 4279 asceteriis
1990 4235 2051 4280 non
2081 4222 2246 4281 omnimodo

359 4298 469 4366 νῶντος
495 4297 547 4355 τοῦ
575 4293 728 4376 ἡγουμένου
759 4295 777 4380 ἢ
805 4305 857 4379 τῆς
877 4299 1029 4383 ἡγουμίνης
1056 4297 1108 4364 τὸν
1134 4297 1273 4384 δηιξῆςῆ
1324 4302 1470 4362 moriente
1490 4304 1599 4362 abbata
1626 4305 1677 4362 vel
1708 4305 1861 4363 abbatissa
1887 4321 2017 4379 sequens
2040 4307 2090 4365 vel
2114 4305 2245 4365 secunda

358 4372 412 4458 τὴν
439 4379 572 4460 δευτέραν
599 4384 734 4461 γενέσθαι
763 4381 911 4466 (σύνισμεν
936 4381 993 4491 γάρ
1021 4390 1057 4466 τῇ
1083 4381 1177 4466 φύσει,
1208 4379 1295 4450 σύτο
1324 4387 1456 4462 eligatur
1485 4387 1701 4466 (consentimus
1730 4391 1809 4448 euim
1839 4395 1982 4468 naturae,
2013 4406 2114 4465 neque
2144 4405 2247 4450 omues

357 4455 469 4535 πάντας
495 4459 602 4542 ὁμοίως
627 4463 777 4544 άγαθούς,
810 4461 875 4532 ούτι
900 4491 1013 4542 παντας
1040 4474 1070 4532 δν
1096 4471 1151 4550 ι’σῳ
1178 4467 1275 4534 ποιού·
1325 4471 1460 4530 similiter
1474 4473 1567 4532 bonos
1583 4489 1793 4547 nequoomues
1807 4477 2079 4548 aequalitermalos
2102 4474 2245 4549 demand)

359 4545 450 4624 σηθῑ)
471 4543 601 4624 κακούς),
631 4547 699 4612 ἀλλ’
723 4547 757 4614 ὅν
777 4547 814 4614 άν
835 4547 854 4617 d
874 4576 906 4616 τε
931 4548 1049 4634 άγαθύς
1074 4557 1139 4637 βίος
1166 4555 1271 4635 παλδ’)
1324 4557 1396 4630 sed,
1418 4573 1505 4630 quem
1525 4559 1628 4631 utique
1654 4563 1685 4616 et
1713 4560 1777 4618 vita
1802 4561 1882 4618 bona
1903 4566 1934 4618 et
1954 4575 2052 4619 morea
2073 4559 2196 4620 nonan
2215 4563 2248 4616 et

360 4628 465 4711 σεμνὸς
490 4627 599 4711 τρόπος
625 4636 674 4696 ιιαλ
701 4633 720 4718 ἡ
746 4639 812 4718 περλ
838 4632 890 4719 τὴν
916 4629 1039 4720 άσκησιν
1067 4645 1201 4704 συντονία
1226 4644 1274 4704 καλ
1324 4642 1405 4700 circa
1425 4642 1506 4715 pium
1527 4643 1704 4702 exercitium
1726 4645 1896 4704 consuntia
1923 4646 2148 4720 communisque
2165 4644 2243 4701 reli-

358 4709 393 4776 τὸ
414 4711 507 4780 κοινὸν
526 4719 585 4780 τῶν
604 4719 712 4782 λοιπῶν
730 4725 863 4804 μοναγῶν
882 4719 1025 4808 πλὴρυμα
1045 4720 1063 4809 ἢ
1084 4721 1119 4790 τά
1140 4727 1275 4790 πλεῖστον
1324 4741 1446 4802 quorum
1473 4728 1683 4790 monachorum
1710 4745 1876 4790 consensus
1903 4736 1956 4793 aut
1982 4731 2110 4791 maxima
2138 4741 2246 4788 eorum

511 5037 559 5096 66)
576 5041 645 5104 Aug.
664 5035 698 5091 ἄν
714 5058 763 5103 τις,
780 5042 853 5094 Mon.
869 5035 905 5094 άν
920 5041 970 5102 τίς.
1038 5044 1086 5105 aa)
1103 5037 1262 5115 άριθμῆσιιε
1277 5045 1349 5110 Aug.
1418 5045 1466 5108 αλ)
1482 5050 1552 5114 Aug.
1568 5048 1752 5132 βιβαρυριίνου.
1819 5049 1866 5110 61)
1882 5049 1937 5102 Pro
1954 5043 2095 5122 ἧμετίρους
2110 5051 2190 5115 Aug·
2207 5049 2250 5098 lo·

355 5105 402 5154 tet·
418 5105 521 5156 variam
538 5107 604 5158 lent·
622 5109 704 5159 habet
720 5107 813 5179 ἱερούς.
869 5111 916 5170 66)
932 5113 1096 5183 προεστῶτος
1112 5115 1181 5177 Aug.
1238 5113 1286 5174 66)
1302 5110 1365 5165 ἀντι
1379 5113 1453 5166 Mou-
1519 5115 1567 5176 64)
1585 5113 1634 5180 ούχ
1656 5116 1829 5180 υπονιειμίνην
1846 5121 1916 5182 Aug.
1949 5120 2047 5171 Recte·
2103 5119 2162 5177 65)
2178 5117 2253 5168 ves-

356 5171 392 5221 lut
407 5169 512 5230 πάντας
528 5175 576 5235 μίν
591 5177 695 5228 ellcnnr
711 5177 806 5228 deesse
822 5181 896 5230 luter
913 5191 970 5231 var.
988 5180 1052 5230 loct
1069 5182 1138 5245 Aug.
1156 5180 1302 5234 amenus.
1384 5184 1555 5244 ediscendae
1572 5187 1643 5249 Aug.
1715 5185 1762 5244 67)
1778 5186 1881 5248 γίνοιτο
1897 5188 1968 5249 Aug.
2002 5187 2076 5237 ldcm
2091 5188 2176 5236 inter
2193 5195 2253 5233 rar.

355 5238 422 5289 tect.
440 5237 543 5291 addidit
559 5243 676 5308 γίνηται.
745 5245 790 5304 68)
807 5245 875 5310 Leg.
891 5243 1067 5314 άνοιλτγφθείη.
1136 5249 1182 5308 66)
1201 5247 1334 5301 διαλύσεσι
1349 5250 1421 5318 Aug.
1496 5253 1544 5312 70)
1561 5253 1677 5319 ληγοὶτου
1693 5254 1764 5316 Aug.
1839 5253 1887 5314 ⁷1)
1903 5251 1965 5304 cim
1981 5255 2053 5318 Aug.
2132 5251 2187 5312 72)
2204 5269 2253 5300 ευ·

354 5303 485 5358 θισεάναι
502 5311 571 5374 ling.
639 5311 686 5372 76)
702 5313 884 5381 βεβσρννμίνοις
900 5317 970 5380 Aug.
1044 5314 1090 5376 74)
1106 5316 1188 5366 Addit
1203 5317 1276 5367 Mon.
1293 5315 1445 5386 ίεεονννηθη
1462 5318 1511 5371 ιε’.
1529 5319 1670 5378 κάλάνδαις
1686 5318 1842 5389 Νοεμβρίυιν
1858 5317 1926 5382 μετά
1941 5317 1991 5387 τύγε
2007 5317 2146 5372 amerina
2172 5319 2256 5380 Δαμ-

354 5371 455 5426 πειύλου
470 5375 516 5426 ιιαλ
530 5373 651 5448 Ὀρέστου
667 5378 798 5450 Βιναράυνν
815 5381 860 5432 καί
876 5377 993 5434 ύπάτοιν.
1024 5384 1088 5435 Vox
1103 5383 1225 5452 βασρίοον
1241 5396 1276 5436 ex
1292 5387 1364 5437 maie
1379 5387 1521 5440 innuente
1536 5391 1609 5454 siglo
1625 5389 1736 5452 prodiit,
1752 5401 1806 5452 quo
1822 5389 1868 5440 vir
1884 5391 2058 5442 clarissimus
2074 5389 2257 5454 benignam

354 5480 390 5493 -
405 5459 475 5524 εις.
497 5460 560 5512 oar.
578 5460 644 5512 αν.
662 5461 729 5513 επ.
747 5462 819 5516 που.
837 5464 888 5532 ορ.
905 5467 1004 5534 camp.
1024 5468 1084 5521 coc
1106 5495 1134 5510 -
1153 5468 1218 5521 σου.
1235 5468 1269 5520 c.
1286 5467 1319 5521 ν.
1335 5455 1383 5552 *χῖ
1409 5473 1460 5532 ou
1485 5475 1613 5564 οριειο
1638 5476 1837 5562 peronae.
1898 5475 2075 5538 nonquam
2109 5472 2258 5524 coum

251 5603 252 5606 ,
353 5557 408 5607 boo
424 5561 468 5608 est
484 5562 686 5614 testimonlruu:
703 5561 736 5615 A.
750 5580 798 5630 χιι.
816 5564 885 5616 ΚΝ.
903 5569 946 5628 (ο.
965 5573 993 5620 et
1009 5567 1039 5622 c.
1057 5571 1158 5622 addunt
1173 5553 1252 5657 6(ss
1279 5574 1406 5660 cpimss
1431 5571 1510 5632 (cod.
1527 5576 1557 5624 a.
1575 5572 1605 5626 0.
1622 5575 1722 5625 babent
1738 5571 1887 5634 cl’ldbtll)
1902 5573 1999 5625 Ellolt
2013 5575 2062 5624 sa.
2126 5573 2187 5636 75)
2203 5589 2261 5638 ιη-

353 5639 410 5724 διῖγ
425 5642 497 5695 bion·
523 5713 537 5727 υ
601 5645 648 5728 dp
664 5649 795 5718 πριπείυν
812 5649 895 5705 coro.
911 5653 999 5703 l’arts.
1100 5655 1147 5716 bv)
1171 5655 1242 5706 Tota
1265 5658 1460 5719 superscriptlo
1477 5657 1553 5708 deest
1569 5660 1640 5722 apud
1656 5660 1736 5727 Aug„
1752 5661 1799 5726 qul
1815 5671 1871 5710 uon
1887 5659 2037 5736 babet4nial
2052 5659 2144 5710 baec:
2165 5649 2187 5726 ἦ
2206 5651 2261 5720 με’.

351 5707 471 5770 durnin
486 5727 536 5762 σου
553 5711 637 5765 abaco
655 5715 755 5769 τίτλον.
855 5721 904 5778 78)
920 5720 962 5770 Ad
977 5724 1124 5788 marginem
1139 5723 1214 5776 Mon.
1229 5723 1298 5776 τιτι.
1314 5721 1349 5786 γ’.
1367 5721 1427 5788 ον’.
1445 5725 1512 5791 (leg.
1530 5725 1614 5786 διατ.)
1629 5724 1682 5790 μί.
1784 5727 1832 5788 ta)
1848 5727 1920 5780 lton
1937 5741 2038 5806 μμιυν.
2122 5725 2187 5786 Θ)
2203 5726 2264 5777 Pr·

352 5789 456 5854 nanae
484 5795 558 5848 non.
591 5798 673 5852 ιινει
703 5787 768 5856 δέ.
869 5801 918 5864 en
940 5804 1055 5873 τινοιν,
1079 5809 1149 5872 ους.
1250 5806 1300 5869 ου)
1315 5805 1361 5862 ιιι
1376 5799 1392 5860 δ
1409 5809 1479 5876 εις.
1496 5811 1526 5862 n
1542 5821 1601 5864 να.
1617 5811 1683 5864 εισι
