4864 7070
936 586 941 595 ·
1013 563 1248 638 CAPUT
1290 567 1351 637 111.
2006 593 2072 642 xcv

210 753 275 822 ecia
296 751 381 824 satis
402 757 542 831 constat,
565 749 606 818 de
628 749 760 818 ludaeis
779 757 815 820 et
842 749 1018 820 haereticis
1039 751 1081 818 ad
1102 752 1197 820 tinem
1218 754 1329 840 operis
1350 760 1456 822 actam
1484 755 1596 824 luisse.
1636 756 1737 844 Atqui
1754 757 1809 826 lib.
1839 754 1876 825 3.
1898 759 2011 824 tibulus
2033 757 2070 828 3.

210 855 264 922 bic
284 861 353 922 est:
375 857 445 940 cepi
467 853 635 940 αίριτικων
660 856 717 918 καὶ
737 849 901 920 ’iuvenum
928 857 983 920 καὶ
1014 854 1241 936 Σαμαρειτῶν.
1291 854 1382 940 Erga
1409 859 1657 926 constitutiones
1685 858 1902 926 Heraclianus
1929 867 2004 944 post
2031 879 2073 928 ea

209 956 354 1044 positae,
375 956 429 1020 ubi
449 955 491 1021 de
512 954 689 1022 haereticis
709 952 904 1041 Iudaeisque
925 973 1031 1022 sermo
1052 960 1204 1034 nonest,
1237 958 1418 1040 agenuina
1439 959 1510 1025 eius
1532 937 1680 1046 opusculi=
1705 961 1806 1026 torma
1834 959 1931 1046 plane
1957 959 2072 1026 abbre-

208 1063 294 1124 runt.
338 1056 442 1122 Porro
461 1054 616 1131 Pholum,
639 1053 713 1122 sive
735 1055 881 1142 quisquis
901 1055 932 1122 is
953 1061 1017 1143 est,
1049 1057 1104 1142 qui
1125 1073 1374 1124 nomocanonem
1402 1056 1451 1124 14
1471 1061 1632 1130 titulumm
1660 1061 1864 1147 compilavit,
1884 1061 1936 1146 qul
1959 1069 2072 1128 nostro

208 1159 316 1244 legum
338 1166 474 1243 corpore
495 1173 597 1242 saepe
617 1155 811 1244 multumque
830 1175 909 1224 usus
939 1157 1001 1244 sit,
1031 1157 1066 1222 in
1090 1155 1254 1227 laudando
1284 1160 1381 1224 tertio
1409 1161 1480 1226 eius
1508 1163 1653 1246 corporis
1674 1161 1755 1227 libro
1792 1179 1923 1247 semper
1956 1162 2073 1248 ubique
2184 1229 2191 1251 ,

207 1260 271 1328 bac
292 1257 422 1324 dicendi
442 1257 570 1324 rationex
587 1277 667 1323 usus
688 1265 759 1324 est:
787 1264 822 1324 tu
842 1259 889 1342 τῷ
908 1259 1024 1344 βιβλίῳ
1045 1260 1108 1324 τῶν
1128 1259 1261 1342 νεαρῶν.
1286 1259 1396 1344 Atque
1417 1261 1501 1326 idem
1524 1263 1574 1328 tit.
1600 1261 1633 1328 1.
1655 1281 1727 1348 cap.
1746 1258 1810 1326 30.
1832 1263 1865 1328 in
1880 1261 2074 1330 bibliotheca

206 1361 288 1428 iaris
309 1359 457 1428 canonici
477 1363 552 1424 tom.
574 1358 618 1424 11.
637 1379 670 1444 p.
693 1355 786 1424 Θόθ.
804 1359 888 1426 haec
907 1358 1024 1426 hahet:
1044 1355 1111 1424 ἀπὸ
1132 1355 1233 1424 τόπου
1255 1357 1412 1424 δεσπότου
1429 1355 1623 1447 Ἡρακλείου
1650 1359 1843 1448 εἰρίσθησαν
1863 1370 1896 1428 ἐν
1922 1365 1964 1446 τῇ
1983 1361 2071 1448 αὐτῇ

206 1457 333 1544 μεγάλῃ
346 1461 498 1541 ἐκκλησίᾳ
511 1454 717 1547 πρεσβύτεροι
738 1457 790 1538 π’.,
813 1459 960 1524 διάκονοι
975 1455 1045 1536 σν’.,
1068 1456 1273 1529 διακόνισσαι
1292 1457 1348 1542 pass,
1370 1457 1578 1528 ὑποδιόκονοι
1597 1459 1646 1542 o'.‚
1668 1461 1874 1545 ἀναγκῶν-ται
1887 1461 1956 1551 ρξί,
1976 1463 2071 1549 ψάλ-

205 1585 263 1627 ται
274 1557 350 1638 κε’,
372 1561 519 1647 θυρωροὶ
541 1556 597 1625 οε’.
620 1557 666 1626 Ut
688 1560 823 1647 proinde
844 1561 938 1630 satis.
950 1567 1109 1646 appareat
1136 1560 1217 1626 libro
1250 1561 1470 1648 Novellarum,
1512 1563 1565 1647 qui
1587 1561 1607 1628 Ι.
1629 1563 1651 1628 l.
1674 1563 1727 1630 liu.
1755 1561 1815 1629 ta.
1837 1565 1970 1632 disertis
1992 1583 2073 1632 ver·

205 1662 259 1730 bis
280 1661 498 1728 Heraclianae
518 1660 641 1728 formae
671 1663 838 1748 oppositus
860 1667 930 1750 est,
964 1660 1006 1728 de
1028 1661 1099 1728 eius
1120 1661 1289 1747 scriptoris
1311 1663 1476 1728 sententia
1497 1660 1679 1730 lastiniani
1698 1664 1884 1754 luctarique
1903 1665 1937 1730 N
1938 1666 2072 1754 ovellas,
2117 1682 2120 1690 ’

207 1782 291 1852 quae
314 1783 359 1830 ex
379 1760 612 1830 normanno
634 1781 733 1850 opere
754 1761 943 1850 depromtae
970 1767 1061 1850 suot,
1099 1761 1293 1851 significari,
1321 1761 1477 1830 Ηωσελὶί
1506 1763 1755 1834 constitutiones
1783 1765 1826 1832 ad
1854 1785 1926 1832 eum
1953 1765 2068 1832 librum

206 1864 358 1934 adiectas
379 1883 443 1930 nun
463 1864 551 1932 item.
592 1864 672 1944 hm,
694 1883 764 1932 cnm
785 1865 859 1950 ipse
881 1865 1068 1948 συναγωγῆς
1089 1863 1202 1929 titulus
1220 1861 1382 1951 euticem,
1403 1863 1554 1954 Digesta,
1574 1865 1734 1932 Novellas
1755 1867 1931 1954 praeierat,
1951 1886 2072 1936 conse-

209 1985 315 2054 quens
337 1971 408 2048 est,
437 1969 473 2030 ut
492 1982 599 2051 neque
620 1985 641 2032 a
662 1966 766 2032 nostri
793 1965 941 2051 corporis
969 1963 1177 2052 compilatore
1197 1963 1353 2030 Heluetii
1371 1965 1491 2032 formas
1518 1964 1560 2032 ad
1587 1985 1659 2032 enm
1686 1968 1799 2034 librum
1825 1967 1972 2034 adiectas
1994 1987 2072 2038 esse

207 2067 389 2154 credamus,
409 2079 514 2152 neque
536 2064 702 2153 Photium,
724 2065 799 2132 aive
820 2067 892 2152 quis
913 2065 997 2132 alius
1018 2071 1082 2152 est,
1112 2063 1187 2152 quid
1210 2065 1252 2132 de
1273 2084 1313 2132 ea
1334 2085 1371 2132 re
1391 2065 1595 2134 iudicandum
1616 2073 1718 2154 esset,
1745 2070 1926 2154 ignorasse.
1971 2066 2067 2158 Quid,

208 2168 295 2257 quod
316 2169 350 2234 in
372 2166 484 2234 codice
506 2164 646 2254 Graeco,
667 2167 722 2252 qui
741 2165 830 2233 inter
856 2165 1074 2233 bibliothecae
1096 2167 1308 2234 Taurinensis
1337 2165 1438 2234 libros
1464 2167 1525 2233 boe
1552 2170 1646 2253 signo
1675 2169 1716 2234 B.
1743 2169 1804 2234 lll.
1833 2165 1897 2234 tt.
1920 2171 2070 2254 signatus

207 2265 475 2357 hohemr1],ooi
496 2267 557 2334 hoo
577 2265 958 2334 Pseudo-auocauere
978 2286 1095 2354 corpus
1116 2269 1378 2335 constitutionum
1401 2268 1693 2336 ecclesiasticarum
1722 2268 1798 2334 inde
1818 2288 1839 2335 a
1860 2269 1915 2335 iol.
1939 2265 2003 2336 94.
2024 2272 2068 2336 Α.

206 2391 311 2460 nsque
332 2371 375 2439 ad
397 2367 519 2435 codicis
541 2368 637 2435 tinem
656 2368 813 2456 refertur,
834 2389 866 2454 p.
889 2365 980 2434 313.
1002 2369 1045 2434 Α.
1069 2369 1152 2436 haee
1172 2371 1335 2455 legrmtnr:
1367 2367 1525 2458 αλρετικὸς
1547 2367 1586 2435 οὐ
1612 2367 1767 2456 χρήσεται
1788 2373 1828 2454 τῇ
1848 2371 1993 2454 βοηθείᾳ
2013 2374 2069 2449 τῆς

209 2471 386 2552 διατάξεως
406 2472 464 2548 τῆς
481 2467 525 2534 τὰ
545 2467 645 2546 αὐτῆς
672 2466 1028 2555 &absumptionem
1054 2469 1269 2548 διατυποόσης
1295 2465 1399 2562 (sunl
1427 2469 1558 2546 eedem,
1608 2489 1690 2558 qnae
1722 2471 1807 2558 apud
1840 2471 2008 2538 Iusleilum
2037 2474 2072 2538 in

206 2573 403 2644 bibliotheca
421 2571 499 2638 iuris
528 2571 673 2638 canonici
701 2577 778 2635 tom.
807 2569 851 2636 ll.
880 2591 912 2656 p.
945 2567 1061 2636 1³61.
1092 2589 1135 2640 ex
1162 2571 1235 2637 libri
1263 2569 1300 2637 3.
1327 2571 1412 2638 tituli
1440 2569 1476 2638 3.
1508 2573 1670 2658 paratitlis
1697 2567 1897 2663 habentur),
1930 2579 2071 2660 postque

205 2697 249 2745 ea
261 2677 401 2764 paginae
423 2672 517 2738 unlus
546 2677 581 2738 et
607 2669 757 2738 dimidiae
784 2672 924 2758 spatium
950 2689 1086 2739 vacnum
1117 2672 1271 2764 habetur3
1304 2673 1358 2739 fol.
1388 2669 1479 2739 213.
1507 2675 1549 2740 A.
1577 2673 1688 2759 incipit
1712 2671 1810 2756 νόμος
1833 2674 1973 2758 βεβαιῶν
2002 2685 2071 2750 τοῖς

205 2773 400 2850 ὀσιωτιὶτοις
420 2769 603 2847 ἐπισκόποις
622 2796 654 2838 ιι.
676 2797 705 2837 τ.
728 2774 755 2837 λ.
799 2769 1030 2838 astinenum
1056 2781 1160 2840 const.
1188 2773 1220 2838 1.
1250 2773 1374 2842 Postea
1400 2782 1577 2862 sequuntur
1600 2773 1698 2840 haece
1725 2777 1795 2862 περὶ
1816 2775 1875 2838 τοῦ
1895 2771 2071 2860 ὡρισμένον

204 2878 293 2944 εἶναι
314 2871 373 2940 τὸν
394 2871 542 2963 ἀριθμὸν
566 2875 631 2939 τῶν
653 2874 818 2958 ιιληριιιών.
862 2871 928 2939 Est
948 2873 1093 2939 Heraclii
1114 2875 1245 2942 constit.
1268 2871 1303 2940 2.
1348 2874 1497 2962 Denique
1518 2875 1626 2961 posita
1647 2881 1700 2942 est
1720 2875 1816 2941 tertia
1836 2875 1979 2942 Heraclii
2001 2875 2070 2940 No·

203 2979 297 3047 vella
317 2979 385 3064 leli,
407 2975 491 3042 tituli
513 2993 648 3062 expete,
672 2975 761 3040 cuins
782 2973 905 3040 initium
933 2972 1262 3062 θε1καλτόὶκαλώς
1289 2986 1358 3053 τοῖς
1382 2973 1571 3066 ἀνθρώποις
1591 2997 1621 3040 κ.
1644 3001 1674 3042 τ.
1696 2978 1724 3042 λ.
1776 2972 1897 3057 Quarta
1925 2973 2069 3044 eiusdem

204 3078 415 3168 imperatoris
437 3075 624 3144 constitutio
645 3073 678 3140 in
700 3093 751 3163 ea,
771 3074 813 3140 de
835 3093 896 3162 quo
918 3076 1035 3164 egitur,
1056 3073 1167 3142 codice
1187 3075 1283 3162 plane
1311 3077 1430 3143 omissa
1458 3083 1521 3144 est.
1546 3075 1637 3158 Quae
1665 3075 1793 3163 quidem
1819 3075 1991 3143 manifesto
2013 3095 2070 3142 ar·

203 3187 360 3272 grumento
376 3185 461 3258 sunt,
483 3177 516 3244 in
536 3196 576 3244 eo
598 3174 785 3262 exemplari,
805 3176 891 3242 unde
911 3175 965 3242 bic
985 3175 1090 3242 codex
1112 3174 1227 3242 ductus
1244 3183 1307 3266 est,
1328 3176 1473 3244 Heraclii
1492 3177 1742 3244 constitutiones
1762 3195 1821 3266 pro
1842 3177 1923 3264 eius,
1943 3177 1986 3244 de
2007 3195 2069 3264 quo

204 3302 315 3352 sermo
337 3287 407 3367 est,
427 3279 499 3346 libri
519 3276 677 3365 particula
697 3295 762 3342 non
782 3277 885 3344 luisse
905 3276 1044 3344 habitas.
1087 3275 1237 3364 Denique
1258 3279 1329 3344 eius
1350 3281 1398 3346 rei
1419 3277 1654 3346 confirmandae
1676 3297 1796 3345 caussa
1815 3277 1876 3344 hoc
1898 3279 1967 3346 loco
1990 3299 2068 3366 pro-

203 3405 325 3478 ponam
353 3380 473 3448 codicis
493 3379 713 3458 Monacensis,
744 3379 799 3466 qni
820 3379 905 3444 inter
926 3378 1074 3446 Graecos
1100 3377 1227 3464 Regiae
1254 3377 1467 3446 bibliothecae
1494 3380 1624 3446 codices
1650 3396 1780 3445 numero
1809 3375 1899 3445 380.
1921 3381 2071 3464 signatus

206 3492 308 3574 est2),
328 3488 451 3549 πίνακα
458 3530 469 3572 ,
488 3479 541 3546 uhi
561 3479 681 3548 sarnus
705 3477 919 3546 Heraclianus
940 3500 962 3548 a
981 3479 1113 3566 reliquis
1134 3479 1227 3546 buius
1248 3480 1480 3567 compilationis
1501 3479 1646 3568 partibus
1665 3481 1713 3544 ita
1733 3479 1880 3546 videmus
1902 3498 1978 3548 esse
1999 3479 2070 3545 dis-

202 3593 337 3658 innuas
357 3591 393 3651 et
415 3581 566 3672 avmsas,
595 3587 632 3648 nt
652 3599 711 3668 eo,
734 3599 830 3668 quam
850 3599 950 3668 supra
970 3581 1080 3672 posui,
1106 3581 1290 3648 coniectura
1321 3581 1406 3648 omni
1431 3600 1475 3650 ex
1496 3587 1589 3670 parte
1618 3579 1831 3650 confirmetur.
1880 3577 1940 3649 Sic
1961 3587 2069 3649 autem

201 3685 383 3760 sothe

202 3822 266 3912 qd.
308 3821 401 3900 ἶσον
443 3817 567 3885 θείου
607 3811 742 3900 νόμου.

351 3951 485 4040 Ἕτερος
504 3949 602 4032 πίναξ
619 3946 722 4035 νόμου
741 3949 801 4016 τοῦ
819 3943 939 4038 fiand
962 3947 1041 4036 (leg.
1060 3949 1490 4041 βασιλέως)’1ουστινιανοῦ,
1509 3952 1592 4028 ἔχων
1613 3951 1741 4026 τίτλους
1761 3945 1815 4034 ιγ’.
1838 3947 1900 4018 σὺν
1921 3951 1986 4017 τῶν
2005 3973 2068 4018 πα·

202 4061 367 4149 ρατιτλων
388 4057 479 4140 (sic).
1037 4065 1042 4081 ¹

201 4158 277 4248 qe'.
300 4155 472 4242 συναγωγὴ
492 4156 558 4221 τῶν
577 4157 747 4239 εἰρημένων
767 4154 884 4220 τίτλων
902 4151 960 4218 καὶ
980 4153 1185 4242 παρατίτλων
1205 4159 1239 4221 ἐν
1258 4161 1330 4232 τοῖς
1349 4147 1459 4232 udaia
1478 4152 1536 4217 xci
1557 4159 1626 4228 τοῖς
1646 4151 1804 4234 διγίστοις
1827 4151 1886 4217 καὶ
1905 4159 1978 4226 ταῖς
1998 4151 2068 4217 δια-

332 4257 441 4340 resecr
462 4258 526 4323 τῶν
551 4255 680 4340 νεαρῶν.

201 4361 252 4450 ρ’.
277 4367 371 4450 ίτίρα
385 4353 556 4441 συναγωγὴ
566 4357 630 4423 τόν
640 4351 805 4442 σποράδην
819 4361 853 4421 ἐν
865 4363 935 4430 τοῖς
947 4355 1104 4437 διγέστοις
1118 4361 1268 4437 κειμένων
1287 4355 1358 4440 περὶ
1373 4353 1465 4439 ἱερῶν
1478 4348 1585 4418 τόπων
1596 4354 1630 4418 τί
1650 4353 1709 4417 καὶ
1719 4346 1917 4440 πραγμάτων
1927 4352 1984 4416 καὶ
2004 4351 2069 4416 τῶν
2150 4395 2157 4412 .

331 4470 366 4531 ἐν
378 4459 489 4536 αὐτοῖς
501 4463 685 4542 γινομένων,
706 4459 754 4522 ἔτι
775 4455 809 4522 dd
829 4460 886 4523 καὶ
903 4453 1069 4525 Ἰουδαίων
1085 4458 1142 4522 καὶ
1160 4456 1267 4521 θυσΓ
1283 4455 1362 4540 (leg.
1381 4454 1522 4538 θυσιῶν)
1537 4455 1594 4519 καὶ
1612 4455 1676 4518 τῶν
1689 4449 1874 4535 ἐπαγόντων
1884 4449 1976 4527 τινός
1988 4448 2069 4537 πρὸς

333 4561 431 4650 (eod.
452 4564 544 4649 προς)
566 4558 824 4641 ἀπηγορευμένων
845 4557 1026 4646 θρησκείαν
1048 4559 1196 4644 καὶπερὶ
1223 4555 1410 4643 όποτροφῆς
1437 4556 1576 4634 παίδων,
1604 4551 1762 4640 γερόντων
1782 4555 1839 4618 καλ
1860 4549 2022 4633 ἀσθενῶν.

197 4665 267 4756 ριί.
310 4667 416 4754 ἕτερος
447 4660 545 4742 πίναξ
568 4661 633 4726 τόν
667 4654 904 4724 όπστιτλιόσεων
928 4657 1137 4724 Ἁθανασίου
1167 4657 1385 4737 σχολαστικοῡ
1418 4662 1455 4722 ἐκ
1491 4657 1555 4720 τῶν
1581 4654 1664 4738 μετὰ
1692 4653 1750 4720 τὸν
1784 4651 1909 4719 κώδικα
1943 4651 2066 4740 νεαρῶν

333 4761 508 4845 διατάξεων
529 4768 563 4828 ἐν
582 4761 668 4844 τρισὶ
687 4761 806 4836 τίτλοις
828 4761 1032 4846 διῃρημένος,
1051 4761 1109 4826 καὶ
1128 4755 1173 4825 τὰ
1193 4756 1384 4842 ὑποκείμενα
1404 4755 1549 4836 καθεξῆς
1569 4753 1734 4844 κεφάλαια
1753 4757 1819 4822 τόν
1838 4757 1980 4838 νομιμων
2001 4751 2069 4818 τῶν

333 4873 502 4956 εἰρημένων
529 4863 645 4929 τίτλων
665 4863 721 4927 καλ
741 4863 953 4948 παρατίτλων.

197 4969 273 5063 ρβ’.
294 4966 394 5052 νόμος
414 4966 554 5053 βεβαιῶν
573 4966 638 5030 τῶν
659 4958 843 5028 ὁσιωτάτων
862 4957 1042 5029 ἐπισκόπων
1063 4961 1141 5046 (sic)
1165 4959 1244 5046 (leg.
1265 4968 1335 5036 τοῖς
1348 4953 1536 5034 ὁσιωτότοις
1553 4953 1749 5041 ἐπισκόποις)
1776 4958 1834 5023 καὶ
1856 4962 1924 5029 τοῖς
1945 4952 2066 5040 θεοφι-

331 5067 498 5145 λεστάτοις
517 5068 680 5154 κληρικοῖς
699 5065 756 5128 καὶ
776 5059 952 5146 μονάζουσι
973 5063 1043 5144 περὶ
1065 5061 1144 5147 (leg.
1166 5057 1269 5146 παρὰ)
1291 5062 1356 5125 τῶν
1376 5055 1713 5145 προβεβασιλευκότων
1733 5055 1846 5131 αὐτοῖς
1866 5055 2067 5142 δεδωρημίνα

330 5173 401 5258 περὶ
456 5169 517 5234 τοῦ
554 5163 597 5249 μὴ
637 5161 819 5247 crepacem
858 5144 1060 5249 zpqpcoctmn'
1089 5162 1175 5248 (leg.
1200 5163 1426 5248 χρηματικοῖς)
1463 5160 1498 5224 τὲ
1529 5161 1587 5225 καὶ
1620 5157 1858 5240 ίγκληματιιιῶς
1894 5154 2067 5242 προτιθεὶς

333 5273 410 5356 (sic)
437 5275 473 5336 ἑκ
506 5267 635 5347 καινῆς,
672 5259 734 5339 ὥςε
761 5265 918 5346 μηδεμίαν
948 5259 1043 5346 (cod.
1071 5259 1116 5346 μὴ
1145 5264 1180 5329 δί
1205 5263 1298 5347 μίαν)
1328 5258 1471 5351 παροδον
1499 5257 1568 5326 κατ’
1592 5256 1699 5325 αὐτόν
1731 5259 1815 5334 ἔχειν
1840 5251 2064 5333 πολιτικοόςῆ

330 5367 576 5459 στρατιωτικοὺς
596 5366 759 5455 ἄρχοντας
766 5367 808 5446 ³).

192 5475 264 5569 (ιδ’.
309 5475 382 5561 περλ
418 5473 477 5538 τοῦ
517 5465 691 5557 ὡρισμένον
724 5465 809 5535 εἶναι
843 5460 903 5532 τὸν
936 5461 1085 5552 ἀριθμόν
1122 5463 1189 5532 τῶν
1222 5465 1382 5554 κληρικῶν
1418 5465 1476 5544 τῆς
1506 5454 1686 5548 ἁγιωτάτης
1726 5451 1865 5540 μεγάλης
1896 5458 2065 5536 ἐκκλησίαις

303 5777 337 5842 1)
352 5777 426 5829 vide.
436 5775 526 5826 Pasini
542 5773 690 5840 catalogum
705 5775 881 5826 bibliothecae
897 5772 1073 5824 brunnensis
1089 5774 1155 5826 torn·
1170 5777 1192 5826 l.
1208 5786 1236 5840 p.
1253 5775 1298 5826 33.
1331 5769 1363 5839 3)
1378 5769 1447 5824 Vide
1462 5765 1555 5818 liardti
1571 5762 1718 5832 catalogum
1732 5764 1905 5818 Monacensis
1920 5765 2061 5818 bibliothe-

191 5881 244 5920 cae
263 5867 335 5917 tom.
350 5861 398 5914 lv.
420 5875 447 5926 p.
465 5861 526 5913 1⁷⁰.
544 5872 601 5926 seq.
652 5857 682 5924 3)
698 5859 755 5911 lloc
770 5859 833 5911 loco
849 5859 926 5912 deest
941 5869 1077 5948 numerus.
