4824 7048
360 577 441 650 216
832 567 1206 641 ΙΟΗΑΝΝ18
1275 560 1801 636 sononssiioi

225 771 286 834 1ου.
303 781 345 830 uu.
448 765 499 850 ιη’.
542 762 593 846 Ml
606 767 634 846 ³)
670 769 726 830 δεῖν
751 759 818 838 τοίις
844 763 1103 846 γειροτονουμίνους
1129 753 1278 840 κληρυιοός
1412 757 1484 830 Cap.
1506 756 1556 812 16.
1599 757 1740 830 clericis,
1757 756 1818 829 'qul
1841 755 2032 827 ordinantur,
2059 754 2241 826 contempla-

243 865 299 910 ⁶⁸¹¹·
318 855 340 898 ¹·
364 857 537 937 ζημιοῦσθαι
563 851 638 932 λόγῳ
660 851 899 930 ίμφανισίμωνῦ).
955 864 971 882 ’
1328 844 1409 902 tione
1431 843 1711 916 emphauisticorum
1734 843 1871 898 damnum
1901 857 1937 898 ne
1964 841 2120 899 inferatur.

227 992 289 1036 1ου.
302 985 346 1032 ot.
447 966 499 1034 ιδ’.
541 967 594 1050 Μὴ
603 969 632 1044 ⁵)
658 972 714 1030 δεῖν
740 963 806 1039 νοός
829 964 971 1046 εἴργοντας
991 957 1109 1036 deurode
1120 967 1178 1025 τοῦν
1195 967 1278 1042 ιἐροῦι
1413 964 1485 1034 Cap.
1507 959 1556 1021 19.
1599 962 1670 1036 llis,
1700 960 1750 1034 qul
1789 976 1822 1016 se
1850 961 1932 1032 ipsos
1958 975 1990 1014 a·
2009 958 2105 1015 sacris
2133 965 2244 1030 myste-

243 1057 329 1116 rii-¹·
362 1059 525 1138 μυστηρίων
552 1051 667 1134 ἢκαθ’
698 1058 810 1115 οίανοῦν
830 1047 977 1130 πρόφασιν
998 1050 1145 1121 παντελῶς
1165 1045 1277 1130 άναγω-
1327 1047 1381 1105 rils
1403 1048 1553 1104 abstinent
1581 1051 1632 1130 aut
1654 1062 1693 1103 ex
1721 1046 1920 1116 qualicunque
1949 1049 2106 1116 praetextu
2129 1045 2240 1103 omuino

362 1147 482 1224 ροῦντας
508 1136 598 1218 τάςθ)
621 1140 768 1218 ἐκκλησίας
795 1135 974 1216 διορίζεσθαι
983 1135 1020 1211 1).
1328 1135 1366 1190 ai
1388 1133 1519 1190 eeclesia
1541 1132 1694 1204 recedunt,
1716 1131 1812 1188 diaria
1834 1144 1870 1186 ne
1892 1129 2163 1186 subministrentur.

245 1279 307 1324 soc.
321 1277 344 1318 υ,
447 1255 486 1322 μ’,
528 1254 618 1336 Μὴθ)
652 1259 709 1318 δεῖν
743 1256 815 1334 πέρα
849 1257 900 1313 τοῦ
932 1251 1085 1329 δίοντοςθ)
1112 1263 1278 1333 χειροτονεῖν
1413 1251 1483 1322 Cap.
1506 1247 1556 1304 26.
1599 1251 1667 1308 Nou
1689 1252 1805 1320 oportet
1825 1249 1913 1321 ultra,
1935 1265 2020 1321 quam
2040 1261 2169 1304 necesse
2191 1255 2240 1319 eat,

211 1338 518 1425 ε.,1.,ο11.,η,,(,,,,,,’,ς,
550 1339 619 1403 ἀλλ’
649 1341 817 1420 ἐγνωσμένον
828 1336 873 1414 ¹⁰)
912 1334 981 1398 είιαι
1014 1332 1064 1412 τόν
1092 1334 1276 1417 άριθμόιῐῑ)
1328 1335 1454 1393 elericos
1485 1349 1606 1409 creare,
1643 1350 1746 1390 verum
1776 1343 1876 1391 cerins
1902 1335 1943 1391 sit
1971 1331 2137 1390 secundum
2166 1335 2242 1388 auti-

362 1433 437 1493 καεὰ
466 1424 518 1489 τόν
552 1419 671 1508 ἀρχαῖον
698 1417 810 1484 κανόνα
856 1419 872 1482 ό
901 1421 930 1481 ii
955 1417 1036 1500 παρά
1065 1427 1158 1483 ταῦτα
1187 1427 1278 1483 ποιῶν
1327 1437 1413 1493 quam
1443 1420 1577 1494 regulam
1606 1419 1780 1476 clericorum
1810 1435 1957 1476 numerus.
2005 1418 2064 1487 Qui
2091 1432 2163 1473 vero
2194 1417 2244 1474 ad-

362 1518 454 1590 1αυτηῦ
476 1508 581 1590 adast)
610 1511 734 1570 κίνδυνον
760 1507 808 1566 καί
828 1500 881 1584 την
901 1501 1030 1585 δαπάνην
1052 1503 1081 1579 ἐξ
1119 1509 1206 1578 ίκείας
1227 1529 1276 1568 πο-
1326 1521 1434 1562 versus
1464 1505 1540 1560 liaeo
1567 1505 1656 1576 lecit,
1685 1504 1716 1560 iu
1738 1521 1772 1560 se
1800 1507 1898 1577 ipsum
1918 1504 2084 1577 pericnlum
2111 1503 2177 1558 eius
2203 1504 2243 1560 rei

283 1588 287 1596 ¹
362 1601 503 1679 ριουσίας,
535 1590 605 1658 ότε
626 1586 830 1671 ἐπεγορηγησας
850 1586 996 1670 οἰκονόμος
1010 1589 1053 1668 ¹³)
1083 1587 1167 1652 καλό
1191 1597 1276 1652 τοῦτο
1327 1589 1595 1660 necessitatemque
1623 1594 1739 1644 sumtus
1766 1589 1803 1648 de
1833 1604 1887 1646 sno
1910 1586 2121 1662 suppeditandi
2145 1593 2242 1642 trans-

363 1685 521 1762 ἐιιιτρίψας
542 1681 694 1748 ἐπίσκοπος
716 1671 866 1754 ἐπιγράφει
880 1676 933 1753 11)·
960 1670 1031 1754 μήτε
1052 1675 1082 1736 δὲ
1103 1671 1189 1736 πόλιν
1211 1679 1275 1748 ἐξεῖ-
1326 1677 1420 1741 ieret,
1448 1673 1514 1730 aive
1536 1689 1714 1730 oeconomus
1737 1682 1797 1744 est,
1828 1675 1879 1745 qui
1901 1675 2061 1749 erogavit,
2089 1672 2155 1726 sive
2178 1674 2242 1744 epi·

361 1792 410 1830 ναι
430 1761 665 1842 άδεαρίστουςῑῦ)
687 1756 765 1831 τινάς
786 1755 982 1839 γειροτονεῖνη
1010 1756 1209 1821 κατατάσσειν.
1252 1763 1279 1819 εί
1326 1775 1453 1831 scopus,
1482 1759 1532 1830 qui
1560 1759 1618 1815 hoc
1646 1759 1710 1814 lleri
1739 1759 1905 1830 concessit3
1936 1773 2032 1829 neque
2054 1756 2184 1828 amplius
2204 1757 2241 1812 ii-

363 1852 394 1913 δὲ
415 1850 589 1930 προίωθασέ
614 1868 657 1918 τις
669 1847 712 1922 ¹⁶)
741 1846 815 1924 πέρα
843 1849 894 1906 τοῦ
919 1849 1024 1924 μέτρου
1051 1851 1102 1922 της
1129 1839 1276 1922 προσόδου
1326 1850 1392 1901 neat
1426 1857 1587 1914 quosquam
1621 1843 1734 1914 absque
1770 1844 1874 1900 diariis
1908 1858 2011 1900 creare
2053 1845 2106 1896 aut
2135 1842 2244 1898 substi-

363 1941 415 2015 τῆς
436 1929 592 2015 ἁγιωτάτης
613 1932 760 2008 ἐκκλησίας
781 1925 989 2008 ἐγκατατάξας,
1018 1933 1048 1990 ἐκ
1069 1925 1179 2000 παντός
1200 1933 1275 2008 ispu-
1325 1934 1418 1986 tuere.
1462 1929 1497 1984 si
1519 1929 1587 1999 quis
1608 1941 1681 1984 vero
1704 1933 1822 2000 praeter
1843 1927 1959 1985 modum
1980 1927 2147 1997 redituum,
2178 1941 2243 1998 quos

363 2027 442 2083 τικοῦ
470 2019 590 2099 βαθμοῦ
618 2017 663 2075 ἐπὶ
691 2009 837 2094 σχήματος
865 2017 954 2090 μίναν
975 2009 1041 2085 τοὺς
1062 2006 1166 2084 όντας,
1194 2005 1276 2093 άγρις
1331 2011 1522 2070 sanctissima
1548 2012 1680 2068 ecclesia
1708 2013 1814 2082 habet,
1842 2013 1902 2070 iam
1928 2017 2017 2068 autea
2039 2010 2132 2066 talem
2153 2010 2241 2068 locum

364 2099 400 2167 άν
421 2107 458 2176 είς
479 2098 529 2163 τόν
541 2099 585 2178 ¹⁸)
609 2097 728 2178 άργαῑον
758 2101 805 2158 καὶ
828 2093 989 2176 σόμμετρον
1010 2095 1043 2159 τὸ
1066 2094 1142 2158 κατὰ
1163 2093 1216 2175 τὴν
1238 2101 1281 2156 ἐκ·
1332 2102 1438 2155 nactus
1460 2097 1517 2168 sit,
1539 2111 1578 2153 ex
1600 2096 1678 2154 omni
1700 2098 1880 2154 sacerdotali
1901 2096 1997 2172 gradu
2019 2096 2069 2164 hi,
2097 2095 2151 2166 qui
2174 2111 2242 2152 nnnc

363 2191 481 2267 κλησίαν
506 2180 602 2266 τάγμα
623 2187 788 2260 περισταίη,
817 2181 864 2244 ίνα
890 2184 938 2242 καί
959 2195 1018 2254 τοῖς
1039 2175 1160 2257 οόσιῑθ)
1189 2184 1282 2260 κληρι-
1333 2186 1412 2252 suut,
1436 2182 1467 2237 in
1488 2181 1564 2238 locis
1586 2189 1723 2238 maneant
1744 2184 1824 2252 suis,
1847 2183 1941 2238 douec
1962 2181 2000 2236 ud
2022 2181 2177 2250 antiquum
2196 2195 2240 2236 οσ-

363 2285 423 2345 κοῑς
453 2273 501 2332 καί
528 2281 588 2341 τοῖς
616 2267 812 2346 προσοῦσιίθ)
841 2269 955 2344 πένησιν
983 2262 1063 2346 ι’κανίγ
1091 2263 1171 2327 ἔσται
1201 2263 1282 2346 ἡέκ·
1333 2267 1503 2338 olesiaeque
1531 2265 1757 2322 convenientem
1793 2281 1946 2324 numerum
1973 2265 2183 2337 pervenietur,
2215 2271 2244 2322 ut

363 2359 466 2436 κλησία
488 2352 722 2436 ἐπιγορηγείνῖῑ).
765 2344 863 2412 άδειαν
889 2351 919 2410 δὲ
939 2353 1050 2429 δίδομεν
1071 2356 1161 2412 πᾶσιν
1182 2347 1281 2426 όποιιγ-
1333 2356 1364 2408 et
1384 2350 1449 2424 his,
1472 2349 1522 2422 qni
1545 2351 1647 2407 elerici
1668 2357 1758 2424 suut,
1780 2356 1810 2406 et
1832 2351 1896 2432 his,
1917 2351 1969 2422 qul
1990 2349 2116 2429 adsunt,
2137 2365 2243 2421 paupe·

364 2439 468 2520 δήποτε
478 2443 524 2514 ²².)
547 2435 624 2510 τάξει
645 2431 846 2516 καθεστήκασι
867 2437 914 2494 καὶ
936 2430 1059 2516 σχήματι
1068 2435 1114 2512 ²³)
1128 2437 1192 2512 βίον
1207 2441 1281 2495 θεω·
1332 2435 1416 2493 ribus
1443 2435 1574 2491 eeclesia
1602 2441 1718 2492 sumtus
1747 2435 1938 2508 suppeditare
1964 2435 2073 2491 valeat.
2124 2436 2242 2492 Veniam

362 2529 455 2604 μένοις
477 2523 560 2605 ai24)
580 2517 688 2584 τούτων
708 2515 956 2601 παραβαινόμειον
975 2516 1091 2600 μηιόειν
1111 2517 1188 2600 η’μῖν.
1333 2523 1432 2576 auteur
1461 2518 1565 2576 damus
1593 2521 1747 2593 omnibus,
1785 2521 1836 2592 qui
1863 2521 1894 2578 iu
1924 2519 2126 2592 qualicunque
2152 2520 2242 2576 otiolo

1109 2633 1113 2638 =
1333 2606 1472 2676 vitaeque
1494 2619 1606 2678 genere
1628 2605 1784 2662 constituti
1805 2610 1890 2677 suut,
1918 2605 1946 2662 sl
1968 2604 2100 2676 quidex
2119 2605 2168 2662 liis
2188 2606 2242 2662 ml-

1334 2690 1418 2766 grati
1439 2688 1580 2763 videant,
1610 2689 1649 2744 ad
1670 2704 1726 2746 uos
1747 2689 1785 2747 de
1806 2705 1843 2746 ea
1862 2705 1897 2747 re
1918 2689 2079 2748 referendi.

232 2883 290 2928 ειω.
304 2880 346 2926 οε.
468 2855 537 2932 κα’.
589 2852 687 2957 Περί
717 2862 880 2957 γεωργῶν
913 2855 1180 2952 δανειζομένων.
1435 2850 1526 2954 Cap.
1554 2851 1615 2926 21.
1667 2853 1725 2928 Do
1758 2852 1948 2952 agricolis,
1980 2854 2040 2953 qui
2070 2853 2241 2955 pecuniam

1276 3017 1280 3030 ,
1332 2963 1482 3030 mutuam
1508 2958 1665 3059 sumunt-1

450 3143 558 3226 Μὴδό)
588 3148 645 3206 δεῖν
674 3139 726 3207 τόν
754 3144 915 3219 δανείζοντα
948 3151 1063 3226 γεωργοῦ
1090 3156 1202 3226 κρατεῖν
1232 3137 1284 3224 τίγν
1418 3147 1486 3205 Non
1507 3149 1625 3219 oportet
1645 3162 1722 3220 eum,
1744 3146 1795 3218 qui
1816 3145 1967 3221 agricolae
1985 3146 2167 3220 foeneretur,
2187 3145 2245 3202 eiua

366 3234 471 3292 ἐκείνου
492 3236 551 3309 γῆν,
580 3227 733 3309 λαμβάνειν
761 3230 791 3290 δὲ
811 3224 896 3291 τόκον
924 3225 971 3292 διά
989 3227 1101 3301 παντὸς
1128 3235 1179 3291 τοῦ
1204 3225 1283 3301 ἔτους
1335 3235 1444 3289 terrem
1458 3246 1615 3304 occupare,
1635 3247 1793 3290 usurarum
1811 3232 1929 3288 nomine
1950 3236 2050 3288 antem
2073 3247 2162 3289 uuam
2184 3231 2249 3287 sili-

365 3322 416 3377 τοῦ
437 3317 667 3394 νομίσματοςθθ)
688 3309 818 3393 κεράτιον
838 3312 933 3396 {vill
975 3319 1002 3376 εί
1026 3313 1055 3374 ti
1077 3324 1156 3386 σῖτος
1176 3309 1210 3374 τό
1234 3316 1283 3375 δα·
1334 3331 1421 3388 quum
1444 3332 1496 3388 pro
1525 3315 1621 3373 solido
1644 3333 1698 3390 per
1718 3332 1955 3389 unumquemque
1976 3332 2084 3374 anuum
2104 3317 2247 3388 accipiat,

366 3404 497 3472 νεισθίι,
530 3396 633 3480 ὀγδόην
662 3411 766 3479 μοῖραν
792 3400 894 3477 μοδίου
914 3395 964 3476 ἐφ’
987 3393 1099 3474 ἑκάστῳ
1119 3400 1217 3478 μοδίῳ.
1240 3431 1282 3445 -
1334 3401 1362 3458 si
1384 3415 1456 3458 vero
1478 3403 1658 3458 trumentum
1679 3402 1720 3458 sit
1741 3401 1787 3475 id,
1809 3401 1887 3474 qnod
1909 3401 2052 3468 creditum
2074 3407 2136 3474 est,
2166 3407 2248 3458 octa-

364 3480 426 3546 Ὀτι
439 3481 456 3561 ἡ
471 3481 562 3563 πλάνη
575 3489 627 3544 τοῦ
641 3479 912 3562 συμβολαιογράφου
926 3479 979 3554 τάς
997 3479 1205 3561 διαθηκαςοῦκ
1222 3480 1283 3544 άδι-
1333 3501 1400 3542 τωο
1432 3485 1522 3542 modii
1550 3491 1661 3558 partem
1682 3502 1735 3560 pro
1757 3501 1934 3558 unoquoque
1954 3487 2064 3548 modin.
2085 3519 2130 3530 -
2165 3489 2248 3544 llrror

368 3579 415 3628 κεῖ.
431 3599 470 3613 -
489 3563 551 3628 Ὅτι
559 3565 633 3644 ²⁸)d
650 3570 736 3646 λέγων
751 3563 814 3628 τινά
829 3563 868 3646 με)
883 3565 993 3648 άγνοεῖν
1006 3563 1096 3641 αότός
1112 3570 1283 3630 συνίσταται
1333 3569 1473 3627 tabularii
1494 3573 1680 3628 testamentis
1701 3586 1760 3628 uon
1778 3577 1873 3628 uocet.
1887 3603 1929 3613 -
1950 3572 2007 3640 Qui
2030 3573 2106 3630 dicit
2127 3571 2248 3644 aliquem

366 3647 457 3733 aiu)
478 3655 580 3714 ἐκεῖνον
602 3649 719 3732 [μη]30)
743 3655 850 3713 εἰδέναι.
1333 3669 1391 3713 uon
1412 3655 1561 3730 ignorare,
1582 3655 1665 3713 illum
1686 3670 1776 3714 nosse
1797 3657 1864 3729 ipae
1885 3655 2056 3715 ostendite

216 3859 277 3903 κει.
292 3851 349 3901 rer.
468 3831 540 3922 νβ’.
592 3831 691 3934 Περὶ
716 3835 1021 3935 δκκληοιαστικυῦν
1040 3833 1201 3910 κανόνων
1221 3831 1282 3910 καί
1434 3833 1525 3936 Cap.
1559 3838 1620 3910 22.
1677 3835 1736 3912 De
1769 3835 2029 3914 ecclesiasticis
2062 3836 2250 3914 0111001011

249 3934 303 3980 ων.
321 3925 343 3968 ¹·
367 3937 586 4036 „„,0„,',„‚
1332 3945 1368 4013 et
1394 3935 1608 4038 privilegiis.

457 4121 686 4203 Occultum-³¹)
708 4124 801 4184 τοίνυν
822 4121 901 4198 τάξιν
921 4121 1070 4204 νόμωιθῖ)
1092 4126 1198 4204 ἐπίγειν
1218 4121 1284 4195 τοῦς
1419 4127 1576 4184 Sanclmus
1598 4127 1707 4203 igitur,
1735 4133 1769 4184 ut
1790 4129 1850 4186 vim
1871 4128 1973 4205 legum
1994 4128 2155 4186 obtineant
2175 4128 2247 4185 sacri

367 4205 464 4288 ἁγίους
485 4201 731 4286 ἐκκλησιαστικοὺς
751 4202 873 4283 κανόνας
894 4209 963 4282 τοὺς
982 4207 1039 4272 ὑπὸ
1063 4207 1220 4287 τοῖνάγίων
1241 4203 1283 4270 δ’.
1335 4210 1534 4270 aeclesiastici
1557 4228 1704 4286 canones,
1736 4214 1786 4285 qui
1814 4231 1833 4269 a
1854 4215 1967 4271 sanctis
1989 4221 2133 4286 quattuor
2154 4213 2251 4270 conci-

368 4287 498 4354 συνόδων
518 4295 686 4360 ἐκιεθίντας
707 4289 725 4371 ἢ
747 4294 969 4372 βεβαιωθίντας,
999 4292 1197 4368 τουνίστινῧθ)
1226 4298 1285 4353 νοῦν
1335 4295 1386 4352 llis
1407 4297 1537 4369 expositi
1557 4297 1607 4354 rel
1628 4299 1796 4355 confirmati
1818 4303 1898 4373 sunt,
1920 4299 1977 4356 hoc
1999 4307 2056 4370 est,
2079 4313 2099 4354 a
2122 4301 2250 4358 Nicaeae

368 4381 397 4439 ἐν
426 4378 536 4454 Νικαίρ
573 4371 688 4454 τιη’.θ4)
716 4379 764 4438 καί
798 4378 909 4456 vuol-⁵)
952 4384 980 4440 ἐν
1013 4373 1285 4440 Κωνσταιτινουπό·
1336 4385 1533 4438 trecentorum
1561 4383 1664 4439 decem
1686 4387 1717 4439 et
1739 4390 1805 4440 octo
1827 4389 1958 4456 patrum,
1987 4388 2059 4440 eta
2080 4383 2253 4441 Constanti-

368 4462 463 4535 ier⁸⁶l
487 4458 592 4541 pv'.³⁷)
620 4464 763 4539 πατέρων,
783 4465 830 4523 καί
852 4469 903 4544 τῆς
930 4468 959 4524 ἐν
979 4461 1088 4542 Ἐφέσῳ
1110 4457 1236 4540 πραότης,
1257 4465 1286 4522 ἐν
1336 4466 1505 4538 nopolltauo
1521 4472 1639 4523 centum
1654 4467 1870 4542 qulnquaginta
1890 4473 2017 4540 patrum,
2040 4475 2071 4525 et
2092 4471 2136 4526 ab
2151 4468 2249 4540 lipha-

368 4538 386 4624 η)
414 4543 581 4627 Νεστόριος
605 4549 770 4625 κατεκρίθη,
798 4549 845 4608 καί
870 4547 978 4626 oriem)
1009 4552 1039 4608 ίν
1059 4541 1224 4627 Καλχηδόνι
1256 4543 1286 4606 ό·
1337 4550 1383 4606 sio
1405 4551 1518 4626 primo,
1547 4552 1578 4609 iu
1601 4567 1658 4624 quo
1679 4553 1841 4614 Nestorius
1864 4552 2076 4610 condemnatus
2101 4559 2168 4628 est,
2186 4557 2250 4608 eta

520 4770 552 4826 3)
569 4767 610 4818 10.
627 4782 653 4830 p.
671 4767 730 4816 662.
764 4766 806 4816 iii
822 4767 889 4815 haee
905 4769 947 4814 est
963 4765 1121 4827 inscriptio:
1156 4758 1189 4818 ζ’.
1207 4763 1268 4834 περὶ
1285 4766 1334 4816 τοῦ
1349 4764 1385 4834 με)
1403 4764 1566 4832 ζημιοῦσθαι
1583 4759 1703 4838 κληριιιίιν
1720 4765 1786 4834 λόγῳ
1803 4768 1996 4836 ίμοανησίμων.
2084 4771 2119 4830 4)
2139 4768 2252 4832 lamq-

370 4834 451 4894 σίμιιν
468 4835 510 4884 10.
580 4838 610 4894 d)
629 4835 669 4884 Io.
687 4849 712 4897 p.
734 4835 796 4883 662.
831 4833 977 4896 inscriptio
994 4833 1062 4882 lineo
1086 4835 1141 4880 eat:
1175 4828 1209 4896 η’.
1227 4831 1291 4899 περί
1307 4835 1354 4896 τοῦ
1377 4833 1412 4900 pa}
1431 4825 1594 4903 διορίίεσθαι
1616 4835 1663 4887 τόν
1679 4835 1748 4886 καθ’
1767 4835 1827 4888 cias
1844 4837 1940 4904 δήποτε
1956 4833 2091 4907 πρόφασιν
2109 4835 2258 4895 οίςιοτῦπα

371 4901 467 4953 ίαυτόν
483 4903 533 4952 τῶν
551 4901 698 4971 μυστηρίων
715 4895 732 4962 ί)
748 4904 795 4966 τίγς
811 4899 980 4969 λειτουργίας.
1049 4899 1315 4957 6)1101111)11111.τ’
1336 4903 1432 4964 hauet,
1450 4902 1519 4965 quod
1537 4911 1580 4952 est
1596 4906 1651 4969 τίγς.
1686 4906 1794 4968 llellqul
1810 4903 1866 4961 τάς.
1958 4907 1988 4962 ‘ir
2005 4906 2073 4956 Post
2089 4903 2260 4974 διορίζεσθαι

371 4970 572 5021 recedisse
593 4983 675 5018 uuum
691 4970 788 5018 solium
805 4969 889 5018 deest.
907 4968 1077 5030 &subsequens
1095 4967 1190 5018 tullum
1207 4970 1303 5030 incipit
1319 4971 1353 5018 ela
1371 4971 1413 5018 lrls
1431 4971 1542 5033 capituli
1558 4971 1601 5020 ae.
1619 4973 1724 5022 verbis:
1743 4969 1776 5030 ῦς
1793 4971 1853 5024 οῦδὲ
1870 4970 1916 5022 διά
1931 4971 2013 5024 δόσιν.
2028 4999 2063 5010 -
2082 4971 2260 5043 Ampheia

372 5039 414 5088 10.
534 5037 627 5096 8)10.
655 5051 680 5099 p.
705 5037 766 5085 626.
828 5037 972 5109 inscriptio
989 5037 1028 5084 ibi
1045 5036 1112 5084 iaec
1129 5041 1187 5085 eat:
1223 5031 1278 5085 άπο
1295 5038 1345 5084 τοῦ
1366 5035 1458 5107 τρίτου
1474 5038 1615 5096 κεφαλαίου
1630 5043 1677 5106 τῆς
1693 5044 1788 5111 νεαρᾶς
1804 5037 1949 5098 διατάξεως.
2000 5043 2075 5091 ,tute
2093 5061 2112 5092 ν
2169 5040 2261 5090 ³01·

371 5107 520 5168 interponit
537 5104 632 5174 τρίτης.
719 5104 911 5172 6)1’1οιιαρα
928 5104 978 5154 τοῦ
995 5102 1098 5160 δέοντος
1115 5102 1155 5152 10.
1173 5104 1252 5153 11111101
1268 5103 1336 5173 πίροι
1352 5103 1384 5156 τό
1401 5103 1467 5156 δίον.
1505 5105 1557 5156 Otr.
1576 5113 1664 5158 131000
1682 5106 1793 5168 δέοντος.
1879 5109 1925 5166 16)
1942 5107 2120 5170 ἐγνωσμένους
2176 5143 2195 5172 .,
2213 5107 2262 5160 θτ.

371 5177 462 5225 1101οο
480 5171 643 5234 ἐγνωσμένον.
714 5171 868 5229 invoces
885 5167 932 5220 τὸν
948 5165 1068 5239 ἀριθμόν
1085 5169 1181 5220 desunt
1198 5170 1268 5235 apud
1287 5171 1326 5222 10.
1411 5173 1457 5232 12)
1473 5171 1522 5224 τόν
1538 5174 1613 5225 deest
1630 5175 1699 5240 apud
1719 5175 1759 5226 10.
1827 5176 1970 5236 13)1321.
1987 5175 2139 5238 οἰκονόμος,
2167 5179 2209 5228 ln.
2227 5173 2262 5225 al-

372 5237 490 5300 τονόμον.
529 5241 581 5291 Oc.
600 5243 688 5288 tamen
708 5251 768 5288 οιιιο
785 5239 895 5302 vulgata
912 5241 1031 5289 lectione
1049 5241 1193 5288 consentit
1261 5237 1309 5299 14)
1323 5237 1471 5311 ὑπογράψει
1490 5241 1530 5292 10.
1599 5244 1645 5302 13)
1663 5243 1703 5294 10.
1721 5241 1896 5314 άδιορίοτους.
1965 5245 2011 5303 16)
2027 5247 2213 5314 προέφθαοίν
2226 5259 2263 5298 τις

373 5321 443 5358 uuus
460 5309 544 5357 Petis.
615 5303 707 5364 18)τὸ
728 5307 862 5357 133310.
932 5307 978 5366 16)
995 5293 1071 5356 οὖσιν
1088 5319 1156 5356 nnus
1173 5308 1260 5358 Parta.
1328 5307 1377 5367 26)
1394 5313 1533 5380 προσιοῦσι
1549 5324 1619 5360 unus
1636 5312 1732 5376 Paria,
1749 5313 1871 5380 περιοῦσι
1889 5311 1930 5362 10.
1965 5313 2008 5361 lid
2025 5318 2191 5377 marginem
2207 5311 2263 5362 edi·

371 5377 416 5425 101·
433 5377 547 5425 coniicit
564 5375 708 5442 περιεοῦσι.
810 5374 857 5434 21)
874 5374 954 5425 isui.
969 5377 1099 5445 χορηγεῖν.
1201 5375 1248 5432 22)
1271 5371 1353 5441 ὁποία
1376 5375 1471 5443 δήποτε
1495 5378 1535 5428 10.
1637 5379 1685 5438 26)
1709 5377 1830 5446 σχήματα
1847 5379 1904 5436 10.,
1940 5378 1993 5430 03.
2017 5385 2114 5430 nmen
2141 5381 2266 5446 σχήματι·

371 5442 423 5501 24)
440 5443 493 5493 Pru
512 5443 653 5501 θεωμίνοις
670 5442 697 5492 τί
714 5443 755 5493 10.
773 5444 854 5493 nubet
872 5442 1004 5512 θεωροῠτί
1019 5459 1055 5492 τι.
1093 5441 1350 5502 010.θεομ1νοιςτι.
1410 5445 1458 5503 26)
1475 5444 1516 5495 10.
1534 5459 1561 5509 p.
1578 5447 1638 5496 618.
1672 5448 1816 5512 inanupiio
1839 5448 1878 5497 tbi
1894 5448 1963 5498 haee
1979 5453 2034 5498 est:
2069 5444 2134 5500 ἀπὸ
2152 5451 2206 5500 τοῦ
2222 5445 2269 5496 ια’.

374 5510 515 5567 κεφαλαίου
532 5511 583 5560 τιῖιν
600 5507 749 5568 διατάξεων.
853 5513 902 5568 26)
927 5513 974 5559 Sic
996 5515 1024 5558 ut
1047 5509 1088 5560 10.
1127 5509 1180 5561 03).
1204 5517 1293 5560 tamen
1318 5499 1342 5560 νο
1363 5512 1445 5562 habet
1470 5518 1498 5562 et
1522 5516 1550 5562 10
1568 5517 1690 5579 margine
1705 5517 1754 5566 τοῦ
1770 5512 1858 5580 μηνός.
1959 5515 2008 5573 27)
2025 5533 2052 5566 κε
2078 5514 2159 5568 'tm
2177 5515 2208 5568 ’ἐν
2224 5515 2270 5564 τοῦ

375 5575 538 5636 νομίσματος
555 5578 632 5627 ioco.
699 5579 745 5637 28)
764 5580 829 5627 Post
847 5573 898 5636 ὅτε,
915 5579 1024 5628 stellula
1041 5577 1179 5642 adposita,
1201 5578 1290 5628 editor
1305 5577 1433 5628 labanius
1450 5583 1527 5630 notat
1543 5584 1572 5631 1ο
1591 5582 1644 5634 on.
1662 5596 1723 5634 esse
1740 5580 1908 5648 ὀγδοήκοντα.
1992 5583 2042 5644 w)
2081 5597 2120 5636 ro
2138 5583 2176 5636 τὸ
2195 5585 2270 5635 itit-i·

373 5645 411 5708 τῷ
429 5644 516 5695 habet.
584 5647 634 5705 36)
652 5647 713 5696 t'ox
729 5642 765 5710 μίγ
783 5645 851 5708 apud
871 5645 912 5694 10.
932 5645 1016 5694 deest.
1084 5645 1129 5704 31)
1147 5646 1187 5696 10.
1206 5659 1231 5708 p.
1249 5643 1309 5694 361.
1376 5647 1424 5706 33)
1442 5647 1585 5703 3101321.
1603 5650 1688 5701 ello.
1723 5651 1766 5702 Ad
1792 5654 1941 5716 marginem
1958 5651 2048 5702 editor
2071 5659 2165 5704 neta
2180 5655 2271 5703 cerri·

372 5712 491 5777 gendum
508 5725 569 5762 esse
586 5711 677 5775 νόμου.
712 5715 758 5760 sic
776 5725 874 5762 revera
893 5713 991 5776 reliqui
1007 5713 1094 5762 Paris.
1187 5714 1465 5772 33)εουτ1στι131ιθ.
1490 5713 1530 5765 10.
1616 5719 1664 5777 aa)
1680 5718 1786 5784 Νααίηι
1800 5721 1853 5770 τῶν
1868 5717 1929 5784 τιη’.
1946 5719 1987 5772 10.
2071 5720 2129 5784 83)
2148 5721 2210 5774 Pru
2226 5721 2276 5770 cair

374 5779 415 5829 10.
432 5777 496 5838 τοῦς
511 5782 600 5829 habet.
701 5780 748 5838 36)
766 5779 968 5830 Κωνοταντίνου
985 5781 1060 5830 ποίει
1077 5781 1152 5832 16611.
1255 5781 1301 5842 67)
1323 5782 1375 5832 τείν
1398 5779 1445 5852 ρνί.
1469 5782 1508 5834 10.
1543 5785 1719 5854 81031031,
1752 5791 1868 5853 excepte
1886 5792 1987 5852 1010311,
2009 5785 2082 5852 quod
2100 5783 2164 5858 η’.
2181 5789 2272 5842 met

374 5848 423 5906 38)
438 5849 486 5913 τῆς
503 5853 532 5898 et
553 5847 616 5912 On,
634 5845 675 5896 10.
693 5851 783 5897 tamen
800 5845 862 5904 τοῦς
879 5861 928 5910 pro
946 5849 992 5914 τῆς
1009 5848 1097 5898 nabet.
