4824 7048
605 545 860 618 novettae
883 541 1232 629 ‚imponsuonttn
1257 543 1645 620 oizattttnondm.

612 772 667 847 ΙΙ.
1579 769 1634 848 11.

187 961 303 1045 Νεαρά
330 961 525 1042 ταῦταρίου
551 953 754 1038 Ῥωμανσῦ
786 953 859 1021 τοῦ
886 955 1097 1032 Βασιλέως
1146 949 1293 1019 Nouello
1315 953 1441 1018 domirn'
1468 952 1643 1020 Romani
1670 953 1888 1043 imperatoris
1917 965 2053 1030 sertio-

225 1049 297 1112 τοῦ
322 1054 529 1130 γέροντος,
567 1041 759 1118 ἀκόλουθος
784 1042 825 1123 τῆ
854 1037 963 1124 πρωτγγ
992 1037 1095 1106 αὑτοῦ
1188 1042 1272 1124 rme,
1306 1035 1511 1124 srrbseqnens
1544 1043 1688 1124 primum
1722 1045 1793 1108 cine
1820 1049 1985 1114 trosellum
2013 1051 2055 1114 de

224 1134 326 1219 oropo}
339 1135 364 1214 ¹)
386 1131 425 1213 τῇ
447 1129 537 1215 περὶ
558 1122 841 1214 προτιμῆσεως.
1186 1123 1473 1208 praelatione.

268 1301 495 1384 (Prooemium.)
539 1301 612 1376 Περὶ
634 1304 686 1378 τῆς
706 1302 803 1370 πενίας
831 1299 878 1358 καλ
899 1292 1023 1373 ἀπορίας
1044 1300 1096 1358 τοῦ
1232 1293 1468 1372 (Prooemium.)
1511 1297 1556 1354 lie
1578 1301 1713 1372 egestate
1735 1303 1766 1356 et
1786 1301 1886 1374 inopis
1907 1307 2002 1377 piebis
2025 1308 2055 1366 in

184 1395 255 1453 λαοῦ
275 1397 327 1452 τοῦ
349 1397 478 1467 θέματος
499 1391 557 1446 τῶν
574 1383 773 1456 Ἀνατολιειῶν,
794 1385 840 1444 καλ
862 1387 913 1460 τῆς
933 1387 991 1440 των
1013 1384 1094 1442 δυνά·
1145 1379 1300 1452 provincia
1325 1381 1456 1438 Orientis
1485 1387 1515 1438 et
1545 1385 1706 1453 {nolentium
1734 1385 1763 1442 in
1801 1403 1852 1442 eos
1882 1393 2055 1452 crudelitate

183 1482 239 1537 τῶν
260 1474 327 1536 κατ’
351 1474 448 1537 αὐτῶν
478 1472 641 1548 τνραννίδος
662 1465 864 1547 ἀνεμάθσμεν,
891 1467 938 1525 καλ
966 1465 1095 1544 μεγάλως
1146 1466 1356 1540 comperimus,
1385 1482 1422 1521 ειο
1450 1467 1640 1524 vehementer
1666 1471 1794 1540 perculsi
1816 1489 1917 1530 sumus
1946 1477 1982 1532 ob
2004 1479 2055 1534 in-

183 1557 372 1641 ίξεπλάγρμεν
409 1557 454 1619 ἐπὶ
481 1561 515 1634 τῆ
541 1553 688 1630 ἀκορέοτρι
719 1554 767 1612 καὶ
793 1553 971 1626 πλεονεκτικῆ
998 1549 1093 1610 αὐτῶν
1148 1550 1323 1622 explebiiem
1352 1554 1383 1606 et
1410 1566 1531 1606 avarum
1561 1567 1661 1608 eorum
1690 1555 1832 1628 altimum,
1862 1559 1938 1628 quod
1961 1577 2056 1632 nequo

320 1641 331 1658 ’ν
404 1635 414 1658 d
492 1637 498 1656 r

182 1639 291 1724 „pm
314 1668 360 1708 0„
381 1665 447 1704 ,m
468 1662 554 1719 ,ομρς
583 1630 648 1700 οὖς,
669 1631 761 1716 φόβος
781 1637 919 1716 βασιλέως
945 1629 979 1694 τά
1007 1627 1096 1712 ἀπλη-
1148 1635 1199 1690 lex
1221 1650 1316 1705 neque
1338 1636 1506 1690 reverentia
1527 1639 1717 1708 imperatoris
1739 1641 1937 1698 insacietatem
1955 1661 2056 1702 eorum

182 1752 253 1790 στον
265 1727 361 1790 αὐτῶν
379 1721 581 1804 έστράγγενσεν
591 1723 659 1798 ¹³).
681 1717 741 1782 Διά
754 1726 838 1780 τοῦτο
851 1724 880 1780 ἐκ
892 1723 1026 1796 κνριακῆς
1039 1720 1097 1778 δια·
1147 1722 1293 1776 remorato
1315 1723 1370 1774 est.
1409 1722 1593 1791 Quapropter
1607 1722 1752 1793 imperiali
1766 1726 1969 1800 indignatione
1985 1733 2056 1786 moli

180 1817 355 1894 pa'paprom')
372 1807 465 1872 κοινὸν
485 1803 578 1887 δόγμα
601 1812 771 1886 ἐκτυποῦμεν
792 1806 1041 1880 καλδκτιθέμεθα,
1065 1797 1097 1862 ἓν
1147 1819 1299 1860 commune
1337 1803 1465 1860 edictum
1503 1808 1704 1879 eliormamus,
1742 1815 1831 1880 atque
1869 1816 2056 1884 proponimus

182 1892 261 1970 ὅλοις
282 1898 360 1977 ἡμῶν
369 1897 397 1976 ³)
419 1907 478 1966 τοῖς
499 1899 624 1973 θέμασιν
645 1886 750 1962 οὕτως·
771 1895 828 1949 τάν
848 1882 903 1968 γάρ
912 1887 941 1965 ⁴)
963 1885 1022 1948 ἀπὸ
1046 1893 1097 1966 τῆς
1146 1903 1237 1945 unum
1259 1890 1392 1944 omnihus
1414 1890 1522 1946 uostris
1544 1892 1713 1962 lnovineiis.
1756 1893 1850 1959 Quum
1878 1898 1954 1954 euim
1985 1916 2056 1970 per-

181 1985 331 2062 βοισιλικῆς
357 1982 533 2062 νομοθεσίας
562 1981 726 2056 εἰργομένων
753 1970 900 2052 ἀγοράζων
931 1968 1096 2051 npooar'omr
1148 1988 1270 2028 ⁸⁰¹¹fle·
1301 2012 2055 2039 ··························

180 2071 229 2128 καὶ
257 2073 314 2128 τεάν
341 2067 495 2146 βασιλικῶν
522 2085 553 2124 τι
579 2065 626 2122 καλ
648 2064 751 2140 διάγων
779 2055 838 2119 ἀπὸ
866 2061 917 2136 τῆς
938 2061 995 2116 τῶν
1016 2078 1095 2135 γωρι·
1146 2073 1200 2130 γιον
1222 2057 1438 2128 imperatoriam
1461 2059 1699 2116 constitutionem
1722 2063 1886 2133 prohibitae
1908 2067 1975 2136 sint,
1997 2073 2056 2126 taur

183 2157 242 2213 τῶν
271 2147 382 2230 άμάδος
418 2145 435 2228 ἢ
465 2153 517 2210 τοῦ
545 2144 622 2209 καθ’
646 2144 779 2216 ἕκαστον,
813 2144 861 2202 καλ
887 2134 1019 2217 ἀλλωςῧ)
1045 2139 1096 2218 μὲν
1147 2157 1166 2196 a
1187 2141 1363 2197 rusticorum
1393 2142 1606 2216 universitate,
1634 2160 1719 2216 quam
1747 2164 1766 2202 a
1787 2149 1915 2224 singuiis
1937 2153 2057 2221 praedia

182 2241 241 2297 τῶν
276 2233 388 2316 πράςθ)
419 2239 470 2314 τῆς
503 2233 679 2312 νομοθεσίας
710 2224 770 2289 ἀπὸ
807 2232 859 2308 τῆς
892 2224 1097 2304 παρελθούσης
1148 2241 1334 2296 comparare,
1363 2231 1393 2282 et
1423 2243 1511 2297 quum
1545 2229 1652 2285 leuiter
1680 2231 1796 2302 quidem
1831 2235 2056 2308 expellerentur,

181 2315 299 2400 πρώτης
319 2323 496 2389 ίνδικτιάνος,
517 2319 681 2398 βαρυτέρας
701 2313 731 2373 δὲ
759 2318 815 2372 τῶν
842 2305 916 2388 μετά
943 2304 994 2387 τῆν
1014 2329 1096 2388 νομο·
1147 2311 1198 2382 qui
1220 2315 1289 2365 ante
1311 2311 1550 2368 constitutionem
1579 2317 1753 2384 praeteritae
1775 2318 1886 2388 primae
1914 2319 2058 2376 indictio-

180 2407 304 2466 θεσίαν·
334 2403 397 2466 otti
418 2398 509 2474 οὕτως
537 2405 566 2462 σι’
584 2403 709 2470 πλείονες
730 2401 787 2456 τῶν
808 2397 1008 2471 δυνατωτέρων
1029 2392 1096 2452 rat·
1148 2395 1194 2452 nis
1216 2395 1372 2468 emissent,
1406 2398 1529 2468 gravius
1552 2413 1633 2466 vero,
1663 2401 1713 2470 qui
1736 2407 1801 2472 post
1823 2419 1887 2459 eam
1908 2408 2057 2462 constitu·-

182 2489 326 2570 oporw7)
347 2493 405 2549 τῶν
426 2483 499 2567 πρὸς
520 2482 587 2556 τοὺς
609 2488 730 2560 πένητας
750 2479 894 2558 ὀλεθρίων
911 2478 1020 2538 τούτων
1032 2499 1095 2536 σοι·
1147 2481 1276 2550 tionem;
1308 2495 1345 2535 ne
1374 2481 1556 2550 sicquidem
1588 2484 1720 2555 plerique
1743 2489 1937 2556 potentiorum
1959 2491 2056 2546 absti-

180 2568 429 2653 ailuppdrma⁸)‚
458 2570 496 2642 ἀς
522 2572 569 2630 καλ
590 2563 657 2638 τοὺς
684 2563 820 2637 δικαστάς
841 2558 960 2642 ἀπάγειν
980 2562 1096 2640 μᾶλλον,
1147 2569 1274 2620 nuerunt
1300 2579 1319 2617 a
1345 2564 1523 2634 perniciosis
1550 2566 1618 2624 istis
1647 2585 1712 2624 cum
1747 2573 1923 2642 pauperibus
1951 2575 2058 2648 pomis,

178 2657 254 2735 τῆθ)
275 2660 441 2736 προαιρέσει
468 2657 672 2732 ἐκβιασθέντας
692 2643 794 2712 ἄλλοτε
815 2643 906 2719 ἀλλος
937 2649 1002 2724 περὶ
1031 2641 1095 2705 τού·
1146 2648 1226 2704 undo
1255 2653 1285 2704 et
1315 2648 1430 2704 iudices
1457 2650 1486 2704 in
1516 2649 1563 2706 his
1593 2655 1714 2710 arbitrio
1742 2658 1838 2730 magis
1860 2657 2057 2732 indulserunt,

180 2765 241 2805 των
262 2741 329 2802 κατ’
354 2741 514 2819 οἰκονομίαν
534 2741 657 2816 ε’κεγέρειν
677 2731 731 2806 τάς
752 2728 921 2812 ἀποφάσεις.
947 2763 980 2774 -
1015 2733 1097 2807 (ca-
1146 2733 1233 2788 modo
1255 2733 1343 2804 hane,
1364 2733 1449 2790 modo
1471 2734 1559 2791 aliam
1581 2740 1756 2796 senientiam
1778 2743 1938 2798 seeundum
1961 2760 2057 2802 rerum

179 2833 236 2902 put
257 2827 301 2901 1.)
338 2820 429 2886 Ὅθεν
450 2819 526 2900 κοινῆ
547 2824 611 2898 περὶ
636 2815 845 2880 τῶντοιούτων
873 2811 1024 2894 ἀπόφασις
1049 2836 1096 2894 με·
1147 2820 1278 2873 rationes
1300 2819 1433 2888 prolerre
1454 2819 1560 2877 coacti.
1585 2851 1624 2864 —
1668 2823 1788 2898 (Capiat
1809 2823 1854 2900 1.)
1888 2829 2058 2884 Communis

179 2907 220 2973 τά
243 2915 294 2988 τῆς
315 2909 462 2987 βασιλικῆς
483 2904 563 2986 ἡμῶν
583 2905 747 2982 ἐπικρίσεως
767 2906 882 2984 γέγονεν,
910 2894 986 2960 ὥστε
1007 2899 1096 2992 ἀναμ-
1146 2901 1214 2958 ideo
1236 2902 1274 2957 de
1296 2901 1420 2978 talibus·
1433 2903 1534 2960 causis
1562 2909 1709 2962 sententia
1739 2925 1805 2966 eum
1832 2911 1977 2982 imperiali
2000 2930 2055 2970 no-

180 2989 310 3076 φιβάλως
331 2995 378 3053 καὶ
405 2989 662 3071 transponerem)
683 2985 794 3059 πάντας
821 2985 1005 3064 ἀπελαθῆναι
1032 3005 1098 3054 τονς
1148 2991 1213 3042 stra
1234 2987 1444 3060 approbatione
1474 2989 1555 3044 faeta
1576 2995 1631 3064 est,
1660 2997 1693 3048 ut
1714 2993 1780 3050 sine
1803 2998 2006 3053 controversia
2028 3003 2059 3056 et

180 3073 244 3141 ἀπὸ
274 3083 327 3156 τῆς
354 3079 496 3157 εἰρημένης
523 3077 698 3154 νομοθεσίας
724 3069 869 3152 ἀγοράζειν
895 3072 1096 3160 κωλυομένους,
1148 3087 1230 3128 mora
1251 3085 1352 3127 ornnes
1374 3073 1607 3146 expellerentur,
1636 3077 1686 3146 qui
1708 3093 1760 3148 per
1780 3081 1960 3150 praedictam
1982 3099 2059 3139 eon-

178 3162 268 3245 μιγδὲν
304 3155 408 3242 ἀλσγσν
439 3162 504 3240 περὶ
542 3153 752 3237 δαπανημάτων
779 3156 940 3235 ἀπαιτῆσαι
973 3151 1098 3234 ἔχοντας,
1149 3157 1333 3212 stitutionem
1356 3171 1454 3213 emere
1476 3158 1546 3230 quid
1568 3161 1654 3216 vetiti
1675 3167 1753 3234 sunt,
1776 3180 1829 3220 nee
1851 3171 1883 3220 ut
1904 3167 2057 3237 impensa-

178 3243 250 3310 ὅσοι
271 3244 378 3324 δηλαδὴ
399 3241 459 3306 ἀπὸ
483 3249 535 3324 τῆς
556 3235 664 3324 ἡμέρας
684 3247 735 3321 τῆς
756 3238 997 3320 αὐτοκρατορικῆς
1018 3234 1099 3317 ἡμῶν
1149 3257 1214 3298 rum
1238 3241 1354 3296 nomine
1383 3241 1539 3312 quidquam
1567 3245 1673 3300 rationi
1702 3249 1877 3304 corrirarium
1907 3253 2059 3321 postulare

179 3327 426 3410 airnppq'ormefl)
464 3323 683 3402 κατετάλμασαν
714 3325 953 3401 ὑπεισελθεῖνη)
985 3327 1013 3383 ἐν
1046 3343 1098 3402 pm·
1149 3329 1288 3398 possent,
1315 3332 1456 3396 quotquot
1484 3327 1618 3384 nimirum
1639 3329 1709 3386 inde
1737 3332 1825 3388 edie
1847 3335 1983 3406 publicae
2004 3352 2059 3394 re-

180 3419 256 3496 ρίοις
278 3412 295 3494 ἢ
318 3413 453 3494 ἀγριδίοις
473 3419 512 3484 είς
532 3417 632 3488 κτῆσιν
652 3405 778 3488 πενήτων
799 3407 928 3488 ἀκίνητον
938 3407 992 3485 ¹³).
1035 3407 1099 3486 περὶ
1150 3409 1351 3466 nunciationis
1373 3412 1488 3482 imperii
1511 3415 1603 3468 nostri
1625 3413 1655 3470 in
1679 3415 1778 3472 tundis
1806 3423 1836 3472 et
1863 3420 1971 3493 agellis
1997 3422 2058 3476 im-

179 3500 213 3562 δὲ
235 3506 288 3580 τῆς
308 3497 424 3579 πρώτης
445 3500 623 3568 ίνδικτιωνσς,
652 3488 716 3575 ἦτοι
737 3492 843 3570 retu)
865 3497 965 3573 καιροῦ
986 3497 1038 3553 τοῦ
1060 3493 1098 3550 λι·
1149 3494 1286 3551 mobilem
1309 3511 1467 3567 paauperum
1490 3499 1708 3568 possessionem
1729 3501 1871 3558 invadere
1893 3505 1959 3560 ausi
1981 3510 2059 3562 sunt.

176 3589 248 3667 μοῆ,
291 3587 371 3664 μέχρι
399 3580 506 3662 ἡμέρας
527 3585 577 3660 τῆς
598 3578 736 3660 ἡμετέρας
762 3573 983 3658 ἀναγορεάομεν,
1020 3574 1099 3638 ἀδια-
1149 3581 1181 3636 Α
1202 3579 1296 3650 ρτὶιοει
1317 3595 1389 3636 vero
1411 3581 1581 3654 indictione,
1603 3582 1669 3640 sive
1691 3599 1709 3638 ει
1731 3590 1860 3656 tempore
1882 3589 1979 3662 tamis,
2001 3606 2058 3646 us-

178 3665 338 3751 φάρωςῑθ)
359 3670 427 3746 μίαν
454 3669 502 3728 καλ
530 3661 582 3746 τῆν
611 3663 715 3742 adria,
749 3667 879 3724 ἐνταῦθα
907 3665 1099 3740 διωρισμένον,
1150 3679 1207 3736 que
1223 3663 1265 3750 ¹ad
1287 3671 1417 3722 nostrum
1441 3665 1517 3721 diem
1534 3666 1680 3738 iubemus,
1702 3670 1954 3728 indiscriminatim
1970 3691 2058 3731 utram

178 3750 336 3834 ἀπόφασιν
364 3757 496 3832 ἐνεργεῖν,
531 3746 607 3811 ὥστε
638 3753 739 3810 πᾶσαν
767 3743 876 3825 δωρεάν
902 3749 948 3806 καλ
967 3749 1097 3825 κληρονο·
1148 3749 1339 3820 eandemque,
1361 3765 1437 3820 quae
1458 3751 1521 3806 illic
1542 3753 1703 3808 constituta
1725 3757 1780 3828 est,
1802 3758 1978 3814 sententiam
2000 3775 2059 3814 va-

176 3840 251 3918 μίαν
272 3831 373 3908 καλτάς
389 3840 600 3914 ε’πινενοημένας
621 3829 696 3912 πρὸς
718 3825 974 3912 περιγραφῆνῑω)
993 3826 1097 3890 τούτου
1147 3832 1220 3906 lere,
1250 3839 1282 3888 ut
1311 3835 1405 3890 omnis
1434 3835 1568 3908 donatio,
1604 3839 1756 3910 omnisque
1785 3841 1947 3912 heredites,
1970 3847 1999 3898 et
2027 3843 2058 3900 in

178 3928 237 3984 τοῦ
258 3919 348 4002 νόμον
369 3915 571 4000 έπιεισρωτικάς
592 3921 639 3978 aei
661 3914 802 3988 διαλύσεις
822 3911 929 3997 μεταξὺ
959 3920 1016 3976 τάν
1044 3909 1097 3994 ρ’δῆ
1148 3917 1282 3974 iraudem
1305 3917 1387 3974 iliius
1409 3920 1487 3994 legis
1510 3923 1699 3996 excogitatae
1728 3925 1961 3982 conssrmotoriae
1983 3943 2059 3984 eon-

177 4010 379 4086 κεκαιλνμένων
407 4004 517 4083 ἀργεῖν,
554 4005 600 4064 καλ
629 3999 692 4064 ἀντὶ
720 4000 789 4080 μηδὲ
816 4005 967 4081 γενομένων
992 4001 1096 4078 νομίζε-
1146 4003 1302 4058 vectiones
1324 4009 1355 4060 et
1375 4007 1591 4062 transactiones
1618 4007 1695 4064 inter
1716 4023 1859 4078 personas
1887 4011 2058 4082 iampridem

178 4096 278 4163 σθαι,
305 4089 373 4168 ppei
400 4091 465 4168 napi
490 4093 548 4150 τῶν
579 4089 624 4148 ozi
651 4082 824 4164 ταάταιςῐθ)
858 4087 1096 4162 καταβληθέντων
1146 4086 1312 4158 prohibitas
1342 4087 1444 4144 irritae
1467 4089 1543 4162 sint,
1569 4096 1598 4146 el
1620 4107 1672 4163 pro
1694 4107 1751 4146 non
1775 4095 1863 4148 latetis
1886 4095 2059 4162 habeantur,

177 4170 353 4253 οἱανδήποτε
386 4171 533 4251 εἴσπραξιν
544 4173 587 4250 ¹⁷)
615 4177 673 4232 των
692 4167 934 4248 arapennem)
961 4167 1094 4247 εὐλαβον·
1144 4171 1188 4227 ita
1210 4176 1242 4226 ut
1264 4187 1359 4242 neque
1381 4171 1418 4228 de
1440 4174 1534 4244 prelio
1556 4176 1653 4232 soluto
1667 4177 1903 4234 reclamationem
1920 4165 2059 4238 vendiioss

177 4260 283 4337 μένων,
309 4254 351 4316 ἔτι
377 4257 406 4317 di
427 4260 474 4318 καλ
506 4254 559 4328 τάς
590 4251 744 4336 ἐνπλλαγάς
771 4253 998 4334 ἀνατρέπεσθαι,
1026 4251 1094 4314 ἀνα·
1144 4271 1193 4312 res
1215 4255 1342 4312 debeant
1364 4257 1531 4330 formidare,
1558 4267 1591 4315 ut
1612 4275 1697 4331 porro
1720 4263 1806 4318 eiiam
1829 4267 2059 4334 permutationes

177 4339 433 4422 ὶᾱμβᾶνθέτοςω)
455 4336 576 4404 morano
597 4337 630 4402 τὸ
654 4337 711 4402 ἀπ’
735 4335 827 4419 ἀρχῆς
847 4337 983 4414 ¹⁹3¹⁰t²⁰)·
1143 4339 1360 4482 reqcindanqn,
1378 4357 1494 4414 quoque
1509 4345 1682 4420 recipiente,
1702 4345 1779 4419 quod
1792 4347 1828 4404 ab
1846 4349 1930 4405 initio
1943 4351 1971 4405 ei
1987 4365 2058 4421 pro-

1144 4441 1179 4498 pr
1193 4440 1241 4481 um
1263 4440 1314 4482 era
1329 4465 1336 4480 .

371 4608 401 4666 1)
420 4609 495 4669 Quae
512 4610 612 4659 emima
628 4609 670 4658 est
687 4619 759 4658 anno
776 4608 838 4658 229.
860 4607 976 4670 Legitur
992 4609 1020 4656 in
1045 4605 1110 4658 lure
1127 4606 1380 4660 Graeco-Romano
1398 4611 1431 4661 il.
1457 4612 1514 4661 iss.
1533 4617 1561 4662 et
1583 4614 1651 4676 aptari
1674 4615 1827 4666 Latiarum
1848 4617 1928 4674 (h'ov.
1952 4621 2060 4668 constit.

177 4679 374 4744 graeco-lat.)
392 4691 417 4738 p·
436 4676 539 4726 i-li.
641 4673 992 4744 1ο)0οθοιτίστράπιοοεν.
1095 4679 1127 4734 2)
1144 4677 1184 4725 ita
1202 4689 1235 4724 cx
1254 4681 1412 4728 coniectura
1428 4681 1591 4744 scripsimus.
1636 4681 1701 4732 cor.
1719 4685 1806 4732 t'ntie.
1825 4691 1952 4746 corrupte
1973 4703 2060 4753 εριιῆς

175 4725 311 4820 δραμινρά.
433 4746 463 4802 3)
480 4743 590 4798 ,Codex
623 4739 647 4787 λ’
681 4761 736 4802 μεν.
787 4743 831 4793 An
866 4742 910 4792 καὶ
943 4733 1042 4804 porea?
1131 4744 1162 4802 4)
1196 4745 1247 4792 ine
1281 4745 1358 4794 locus
1393 4761 1476 4810 nsque
1510 4749 1543 4797 ed
1577 4751 1660 4799 verba
1692 4752 1836 4818 βαρυτέροις
1859 4749 1896 4800 ’δέ
1930 4753 1980 4800 τινἰν
2014 4771 2059 4814 με-

173 4834 218 4866 τα
235 4811 283 4880 τῆν
300 4811 462 4874 νομοθεσίαν
480 4811 642 4872 οσιτιιρνολλο
659 4811 795 4861 abundare
813 4811 927 4860 videtur.
963 4813 1052 4870 Quare
1070 4821 1131 4861 eum
1158 4824 1191 4860 cx
1210 4811 1318 4861 Codicis
1336 4812 1387 4862 tide
1406 4817 1582 4866 exhibuimus.
1617 4817 1743 4866 Fortasse
1768 4823 1976 4880 transpositione
1994 4833 2058 4870 ver-

174 4885 280 4934 borum
297 4885 450 4932 sententiae
467 4892 626 4930 succintus:
644 4881 695 4928 τῶν
711 4877 761 4948 γάρ
778 4879 917 4944 βασιλικῶν
933 4894 962 4926 τε
980 4877 1024 4927 καὶ
1040 4877 1172 4936 dromonis
1193 4879 1271 4936 (eod.
1297 4878 1404 4944 διάγων)
1429 4883 1571 4951 προσώπων
1593 4879 1648 4932 ἀπὸ
1676 4886 1722 4948 τῆς
1746 4887 1879 4950 βασιλικῆς
1901 4888 2060 4947 νομοθεσίας

175 4947 336 5018 εἰργομένων
352 4945 490 5017 ἀγοράζειν
506 4941 523 5014 ἢ
541 4946 620 5006 (Coti.
637 4946 694 5006 καὶ)
711 4943 766 4996 ἀπὸ
783 4965 805 4995 ει.
823 4963 848 4996 τ.
866 4947 889 4998 λ.
927 4945 968 4996 Gi.
986 4946 1020 4996 de
1038 4945 1166 4996 Basltirls
1183 4945 1323 4998 Ranilum
1342 4949 1373 4998 ad
1393 4949 1484 4999 const.
1502 4952 1670 5012 Porphyrog.
1695 4951 1727 5000 de
1746 4957 1890 5003 caerirnon.
1910 4956 1989 5004 uariae
2007 4959 2060 5018 ity-

177 5021 258 5070 znnt.
277 5031 301 5078 ρ.
318 5017 360 5064 21.
379 5017 420 5065 ed.
439 5019 568 5066 Bonnam.
604 5017 740 5076 Quaenam
758 5026 823 5064 vero
841 5025 973 5076 personae
990 5013 1024 5062 ab
1042 5015 1161 5063 emendis
1179 5027 1323 5076 pauperum
1342 5018 1458 5079 praediis
1477 5019 1625 5079 prohibitae
1642 5020 1751 5080 ruerint,
1769 5025 1796 5069 in
1815 5031 1978 5071 memorante
1993 5035 2060 5073 eon-

89 5133 95 5139 .
172 5085 332 5136 stitutionis
349 5087 434 5144 prium
452 5085 478 5144 s.
495 5085 564 5146 apud
581 5083 655 5132 hato
674 5095 700 5144 p.
717 5082 802 5130 l-o.
821 5082 932 5130 videbis.
967 5083 997 5140 θ)
1016 5081 1144 5132 Fortasse
1160 5083 1287 5142 μαλακῶς.
1322 5085 1352 5143 6)
1369 5086 1545 5134 scribendum
1563 5086 1671 5140 videtur,
1686 5085 1747 5155 πρό.
1782 5089 1885 5147 eaeor.
1901 5088 2059 5153 ἀπεσγοντιι.

173 5156 212 5213 Β)
237 5151 302 5201 (iod.
326 5151 535 5211 σοναλαγματων.
631 5153 661 5208 2)
679 5150 720 5198 ita
736 5149 887 5198 multandam
904 5152 1057 5198 ceusnimus
1075 5149 1183 5200 Codicis
1206 5153 1367 5210 scripturam
1391 5149 1466 5212 ἀναγ.
1490 5151 1564 5210 μαλλ.
1583 5171 1633 5216 μγ,
1668 5159 1786 5217 (γαπονεῖν
1804 5163 1831 5205 et
1853 5162 1892 5205 sic
1918 5159 2061 5210 oirscnrior

174 5223 293 5274 maneat
309 5221 406 5266 oratio.
498 5217 543 5274 io)
561 5215 626 5265 Cod.
644 5213 834 5280 ἀνοπιρθετως.
926 5213 1227 5287 11)Οοι1.αναρριγσαι.
1268 5222 1404 5269 Romanus
1422 5221 1579 5280 Lecapeuus
1602 5222 1651 5270 snb
1669 5223 1748 5272 tinem
1765 5229 1827 5273 anari
1845 5225 1895 5273 oao
1911 5227 2061 5286 imperator

174 5288 361 5342 reurrneiutus
378 5289 429 5334 est.
464 5284 619 5348 deiicerer,
642 5283 866 5344 melmechte-ote
883 5281 916 5332 ii.
937 5297 960 5344 p.
977 5284 1038 5330 2³6.
1057 5283 1116 5332 287.
1192 5285 1236 5343 12)
1255 5279 1319 5336 odo.
1339 5289 1514 5336 νπτισειθειν.
1609 5287 1871 5356 inconsumpto.
1958 5295 2001 5348 itt
2019 5295 2060 5344 ita

173 5355 345 5418 scripsimus
361 5353 394 5402 ad
412 5353 524 5416 primam
540 5352 654 5400 Romani
672 5349 705 5398 de
722 5349 818 5398 eodem
835 5358 995 5414 argumento
1013 5355 1234 5402 constitutionem
1253 5355 1438 5418 respicientes,
1456 5355 1524 5418 ιιριιδ
1541 5354 1696 5408 Ιισδίναιαιιι
1713 5373 1738 5422 p.
1757 5361 1798 5410 o:
1827 5357 1882 5409 ἀπὸ
1900 5362 1946 5426 τῆς
1963 5363 2060 5430 παρελ-

174 5487 289 5555 θούσης
305 5483 408 5556 πρώτης
430 5481 594 5545 ι’νδιειτιῶνος,
611 5479 691 5549 ῆτοι
707 5485 766 5534 τοῦ
783 5484 893 5544 λιμοῦ.
927 5483 993 5535 cod.
1011 5489 1104 5535 nostor
1121 5487 1200 5536 habet
1217 5507 1234 5552 η
1251 5503 1375 5536 τοιουτου
1392 5505 1492 5556 καιροιν.
1525 5515 1560 5526 -
1594 5492 1695 5542 Eodem
1714 5496 1790 5556 prior
1810 5497 1965 5544 constitutio
1990 5495 2060 5546 indi·

175 5571 251 5612 care
269 5555 385 5616 videtur,
404 5566 475 5604 nuno
492 5553 544 5602 922
561 5554 629 5602 hanc
647 5552 826 5602 calamitatem
843 5554 1035 5616 rempublicam
1052 5555 1191 5603 afflixisse.
1227 5555 1339 5603 indictio
1359 5559 1446 5606 tamen
1464 5560 1549 5619 prima
1567 5561 1706 5610 inciditis
1724 5575 1822 5610 anulum
1840 5563 1898 5610 928.
1923 5563 1952 5611 in
1972 5563 2059 5614 Theo·

175 5629 278 5694 phone
294 5625 459 5684 continuato,
477 5622 519 5671 ed.
538 5621 620 5669 Bono.
638 5634 664 5682 p.
681 5619 848 5682 ode—itte,
866 5621 943 5684 nihii,
960 5621 1029 5686 quod
1046 5623 1098 5671 hnc
1116 5623 1207 5678 iactat,
1224 5623 1344 5672 invenio.
1407 5626 1455 5682 it)
1473 5625 1538 5675 cod.
1556 5627 1706 5696 αδεαφερως.
1785 5631 1845 5688 toa)
1863 5631 1926 5679 θοι).
1945 5647 2058 5698 παραγρ.

173 5697 231 5752 io)
250 5691 317 5744 θοὰ.
334 5687 449 5748 τούτοις.
491 5689 537 5748 17)
555 5687 621 5740 eod.
639 5685 666 5738 oi
680 5685 811 5754 ανδνγσοτν
829 5685 864 5748 εἰς
880 5690 985 5762 πρᾶξιν·
1026 5689 1071 5747 13)
1089 5689 1154 5740 0⁰1¹·
1171 5705 1357 5758 mnqvtnotoa·
1405 5691 1452 5751 19)
1469 5691 1535 5746 God·
1552 5697 1784 5761 ἀναλαμβάνοντες.
1830 5699 1879 5758 20)
1898 5699 1962 5750 cod.
1981 5697 2057 5750 ιδιοο.

250 5917 288 5974 11.
1599 5913 1650 5980 35
