4790 7064
724 581 1193 654 contuentis.
1243 581 1449 650 nini.
1981 583 2006 652 8

164 777 292 856 ροτονίαν
310 769 410 857 γάμοις
418 769 465 853 ⁰⁴)
486 771 713 854 προςομιλῶνθλ)
733 769 752 854 ἢ
772 767 972 855 monopoli&
994 777 1069 836 λαις.
1111 771 1313 828 ordinationem
1347 767 1549 826 metrimcoiuor
1586 765 1745 840 moranti,
1780 773 1829 826 aut
1867 771 2006 830 concubi-

55 875 59 886 ·
164 837 237 939 ἆγον
259 859 305 938 (ν.
324 853 490 939 ἐνιτράγων)
506 854 551 936 39)
577 864 707 938 φανεροῖς
726 853 744 937 ι)
761 861 1003 940 ἐσχηματισμένος
1019 863 1070 936 γῆς
1110 871 1173 912 nam
1216 853 1408 928 superinducit
1445 857 1543 921 operte
1581 852 1629 910 uel
1663 853 1811 926 simulate,
1847 857 2006 916 sacerdotio

164 940 316 1024 ἱερωσύνης
339 946 479 1005 ἐκπίπτων
497 936 608 1022 ίδιάτης
625 939 707 1004 ἔστω
734 939 914 1024 άναγνύστης
929 945 958 1022 ¹)
980 947 1068 1004 δοκε.
1110 937 1234 996 excidito
1261 945 1290 994 et
1316 940 1443 1008 priuatus
1470 941 1539 992 esto.
1572 935 1694 1009 λιεικοτ,
1730 937 1777 1008 qul
1810 938 1922 1010 nuptias
1951 954 2004 995 se-

164 1031 296 1108 ρογαμῶν
316 1029 348 1104 ⁸)
375 1021 414 1106 μὴ
434 1031 618 1107 apostorum]
638 1025 668 1104 ³)
695 1030 734 1098 τίς
760 1023 878 1106 βαθμὸν
904 1021 1053 1106 ἱερωσύνης
1061 1042 1073 1056 ”’
1110 1023 1218 1080 Cilndae
1253 1023 1405 1093 contrahit,
1438 1020 1473 1076 ad
1513 1021 1664 1078 sacerdoiii
1702 1020 1822 1094 graiium
1860 1037 1897 1080 ue
1931 1037 2004 1096 pril-

164 1116 306 1192 3133133333
329 1109 359 1170 ‘5⁴
376 1113 554 1172 Μαλίσθω
573 1115 625 1170 τοῦ
644 1105 755 1191 κλήρου.
770 1111 799 1186 ⁴)
828 1108 1067 1192 ἦχειροτονουμί.
1108 1107 1230 1164 vehitor.
1271 1106 1376 1172 Quodsi
1396 1105 1507 1176 tertias,
1539 1103 1617 1160 clerc
1638 1105 1770 1162 excidito.
1818 1105 1897 1172 Quae
1923 1107 2005 1166 ordl-

164 1219 195 1276 νη
220 1195 251 1276 3)
275 1189 442 1256 διακόνισσα
467 1197 613 1276 παρθένος
638 1192 713 1256 ἔστω
744 1190 762 1273 ἢ
788 1197 825 1255 tvl
850 1197 896 1254 καί
926 1190 1013 1274 μόνον
1036 1193 1064 1268 3)
1109 1197 1190 1249 natur
1229 1190 1406 1262 diaconissa,
1440 1191 1522 1262 virgo
1556 1197 1615 1246 esic
1648 1195 1696 1245 aut
1731 1205 1803 1262 quae
1839 1191 1905 1248 olim
1939 1205 2004 1250 cunr

163 1273 259 1359 πρώην
277 1273 474 1358 Meropem
495 1281 525 1356 ¹⁴)
551 1275 646 1360 ἀνδρί,
668 1274 799 1359 σύνεγγυς
818 1275 848 1356 θ)
870 1271 944 1339 οὖσα
960 1283 1018 1340 τῶν
1035 1271 1066 1339 ν’.
1108 1291 1164 1332 illio
1192 1289 1282 1346 eoque
1308 1275 1368 1330 eolo
1389 1275 1451 1330 viro
1480 1273 1699 1344 cohabiiavet'ii,
1730 1281 1757 1330 ct
1783 1289 1871 1345 pluite
1891 1275 1927 1332 ab
1947 1292 2005 1332 an-

162 1368 296 1426 ἐνιαντων
308 1361 355 1440 ⁹),
373 1358 446 1441 πλὴν
465 1365 491 1424 εί
503 1357 544 1441 μὴ
556 1365 585 1424 es
601 1367 782 1444 μοναστηρίφ
799 1375 1001 1444 χειροτονεῖται.
1024 1363 1067 1422 δε·
1107 1361 1153 1418 ins
1180 1359 1382 1434 quinquaginta
1409 1358 1493 1428 absit,
1519 1357 1571 1412 ulsl
1596 1360 1622 1415 si
1648 1359 1676 1414 in
1697 1361 1866 1416 monaterio
1886 1361 2005 1416 ordina-

162 1441 502 1528 χίσδωδλκαλαύτίγίθ)
517 1441 554 1508 τά
565 1450 785 1530 παραγγέλματα
796 1443 833 1508 τά
844 1441 975 1508 κανονικοὶ
995 1443 999 1528 Ι
1021 1447 1066 1524 ¹¹)
1109 1449 1162 1502 tur.
1204 1443 1339 1514 Accipite
1364 1447 1457 1498 autem
1484 1447 1512 1496 ct
1538 1443 1598 1512 ipsa
1624 1449 1777 1512 praecepta
1804 1444 1939 1500 canonica
1966 1445 2003 1502 ad

162 1529 236 1592 καθ’
263 1525 419 1610 ὁμοιότητα
444 1535 502 1591 τῶν
521 1535 768 1612 χειροτονουμένων
795 1533 929 1611 κληρωτῶν
949 1533 997 1590 καί
1015 1553 1066 1610 μη·
1108 1527 1314 1584 similitudinem
1336 1527 1517 1598 clericorum,
1536 1527 1585 1598 qui
1604 1525 1775 1598 ordinentur,
1797 1534 1823 1584 ct
1845 1543 1908 1584 cnm
1930 1529 2005 1588 nullo

163 1611 361 1690 διαλέξοντας)
382 1617 555 1688 concoctum,
583 1611 657 1676 ἀλλά
678 1609 774 1694 μόνοις
800 1627 860 1686 τοῖς
880 1619 1004 1696 γονεῦσιν
1019 1613 1064 1690 ¹²)
1108 1618 1242 1668 extraneo
1264 1611 1433 1684 conciliato,
1447 1625 1544 1665 verum
1566 1625 1630 1666 cum
1651 1611 1721 1666 solis
1740 1613 1902 1680 pareuiihus
1921 1619 1948 1670 et
1962 1614 2005 1670 il·

162 1703 207 1760 καί
235 1702 341 1769 τέκνοις
367 1700 414 1759 καί
442 1696 575 1777 ἀδελφοῖς
608 1699 654 1760 καί
682 1701 773 1770 θείοις
796 1697 850 1774 33).
881 1703 908 1760 εί
933 1699 962 1758 ci
982 1699 1067 1778 ίτίρῳ
1109 1698 1184 1754 heris
1219 1703 1247 1752 et
1271 1695 1408 1752 fratribus
1441 1698 1469 1750 et
1495 1694 1602 1764 patruis
1633 1695 1828 1754 avuncullsue.
1875 1697 1909 1754 Si
1935 1712 2004 1756 veru

162 1786 246 1864 χωρίς
279 1777 387 1844 τούτων
415 1794 549 1856 corconi,
583 1777 654 1844 αύτί
687 1789 772 1844 τοῦτο
798 1783 844 1861 ¹⁴)
875 1781 944 1862 μηδ)
977 1803 1066 1861 προοι-
1109 1795 1173 1838 curn
1195 1781 1250 1838 aiio
1276 1785 1389 1852 practer
1408 1779 1461 1834 hos
1483 1777 1638 1848 cohabitet,
1659 1787 1771 1849 propter
1796 1781 1824 1838 id
1849 1779 1941 1850 ipsum
1969 1797 2005 1840 ne

161 1871 261 1948 χίσίίω
277 1867 325 1946 ¹³)
346 1871 386 1938 είς
405 1869 588 1948 χειροτονίαν,
616 1861 689 1928 ἀλλά
710 1868 757 1926 κοί
777 1873 1012 1948 χειροτονηθεῖσα
1025 1869 1066 1926 ίκ-
1109 1869 1287 1936 γετοινονελοτ
1307 1865 1343 1920 ad
1366 1863 1577 1932 ordinationem,
1598 1863 1647 1918 sed
1671 1871 1698 1918 et
1719 1865 1743 1920 si
1763 1865 1891 1920 ordinata
1910 1867 2005 1942 luerit,

162 1954 303 2024 πιπτέτω,
331 1947 563 2030 ύποβαίλομεύων
582 1948 671 2030 αὐτῆς
691 1950 720 2012 τί
743 1953 786 2028 ¹⁶)
808 1953 855 2012 καλ
875 1956 926 2011 τοί
949 1951 1067 2012 συνοικί·
1109 1954 1282 2020 removetor,
1308 1949 1349 2004 ita
1376 1953 1405 2004 ut
1431 1948 1547 2018 ipsaque
1568 1951 1596 2004 ct
1616 1947 1656 2017 is,
1677 1949 1808 2018 quicum
1829 1949 1890 2020 ipss
1911 1950 2004 2008 coha-

163 2056 268 2106 σαντες
295 2035 341 2114 ⁴⁷)
378 2035 421 2114 (v.
450 2029 681 2114 συνοικήσαντος)
708 2033 780 2114 αὐτῇ
806 2039 846 2111 τῷ
868 2056 898 2094 τε
921 2035 966 2108 33)
995 2055 1067 2114 παρ
1109 2034 1222 2106 λιλλευίλ,
1244 2039 1272 2089 et
1292 2031 1353 2106 legi
1374 2032 1515 2102 praesenti
1536 2035 1563 2087 et
1583 2031 1619 2088 iis
1639 2031 1750 2103 poenis,
1772 2049 1843 2104 quae
1863 2034 2003 2092 adversus

162 2117 222 2182 ίντι
242 2113 322 2198 νόμῳ
343 2121 390 2179 καί
410 2130 473 2190 ταῖς
487 2115 562 2180 κατά
574 2123 630 2179 τῶν
642 2123 775 2199 φθορίων
787 2121 1006 2218 διηγορευμένον
1022 2117 1066 2194 ¹⁴)
1108 2123 1281 2188 stupratores
1306 2118 1432 2172 saunitas
1459 2121 1539 2186 sunt,
1565 2115 1739 2172 subnotetur.
1786 2117 1818 2173 ei
1846 2133 1916 2176 vero
1941 2123 2005 2189 post

162 2215 281 2274 ποιναῖς.
316 2206 344 2263 εί
360 2201 390 2262 δί
410 2198 482 2282 μετά
509 2199 560 2281 τὴν
579 2207 749 2284 χειροτονίαν
769 2200 882 2284 χαμὴση
902 2227 920 2280 η
942 2199 1068 2282 ἀσελγῶς
1109 2203 1307 2258 ordinationem
1329 2200 1525 2271 nupserihaut
1544 2197 1689 2258 luxuriose
1710 2199 1798 2272 vivat,
1812 2203 2004 2262 auiadallanr

161 2283 251 2367 διάγει
267 2285 314 2362 ²0)
338 2281 356 2365 ἢ
377 2291 416 2358 είς
431 2287 476 2364 ²¹)
498 2285 593 2366 ἕτερον
612 2287 657 2364 ²⁴)
679 2289 802 2367 μετέλθῃ
822 2290 883 2367 βίον
897 2287 954 2362 ²³),
974 2283 1068 2366 ίνοχος
1109 2287 1195 2344 vitam
1216 2285 1370 2355 transterit,
1393 2285 1490 2342 mortis
1511 2281 1652 2358 (poenae)
1674 2285 1881 2358 occecinerit,
1902 2302 2004 2360 resque

161 2370 243 2432 ἔσται
264 2365 386 2446 θανάτῳ
395 2370 451 2448 ⁴⁴),
471 2373 518 2431 καλ
539 2367 576 2431 τά
597 2366 753 2452 πράγματα
774 2370 862 2451 αὐτῆς
882 2376 916 2449 τῇ
938 2372 1068 2448 ἐκκλησία
1109 2372 1170 2428 cius
1191 2371 1334 2426 ecclesiae
1355 2375 1383 2426 et
1403 2367 1580 2440 munasterio,
1601 2369 1629 2424 in
1650 2383 1705 2440 quo
1726 2369 1853 2426 ordinata
1871 2375 1924 2444 ast,
1937 2373 2004 2428 κλιν-

159 2453 243 2538 pop
264 2458 445 2536 μοναστηρίφ
473 2455 517 2532 [ἐν
544 2445 567 2530 ᾧ
594 2451 790 2536 ἐχειροτονήθη
821 2453 985 2536 προςκυρω]
1013 2449 1067 2534 δή·
1108 2455 1288 2528 dicahuntur,
1315 2455 1354 2510 its
1380 2458 1410 2510 ut
1437 2453 1475 2521 is,
1504 2453 1550 2524 qul
1577 2467 1638 2508 eam
1661 2454 1798 2526 corrupit,
1821 2455 1867 2510 vel
1888 2471 2003 2514 uxorem

161 2562 264 2600 σονται
280 2537 344 2616 ⁴⁵),
369 2544 421 2599 τοῦ
443 2541 615 2618 φθείραντος
636 2535 653 2618 ἢ
674 2535 813 2622 γήμαντος
829 2543 875 2616 33)
910 2534 998 2616 αὐτὴν
1030 2537 1066 2610 ξί-
1109 2541 1201 2612 duxit,
1240 2538 1336 2612 gladio
1378 2539 1508 2609 puniatur
1549 2541 1577 2594 et
1609 2538 1799 2594 confiscationi
1831 2541 2004 2602 suniieiaiur.

159 2645 208 2704 φει
233 2625 282 2702 ¹⁷)
304 2625 509 2702 τιμωρουμίνου
531 2625 578 2702 ¹⁸)
606 2625 652 2683 καί
680 2620 809 2702 δημεύσει
837 2620 1066 2702 ύποκατοβαλλο-
1109 2624 1207 2680 Omnis
1229 2623 1367 2692 clericus,
1394 2623 1447 2678 etsi
1474 2623 1501 2678 in
1531 2621 1670 2678 lectorum
1699 2638 1814 2678 numero
1836 2625 2004 2682 constitutus

157 2711 251 2786 μένου.
269 2707 317 2785 ²⁹)
368 2709 436 2778 Πᾶς
455 2703 584 2786 κληρωτάς
598 2705 659 2786 33)),
687 2712 714 2769 εί
736 2711 782 2769 ml
801 2705 848 2784 31)
870 2711 899 2766 ἐν
919 2719 978 2778 τοῖς
999 2705 1066 2766 άνα-
1108 2713 1164 2778 est,
1186 2726 1204 2763 a
1224 2723 1308 2766 sucro
1328 2705 1481 2762 ministerio
1501 2705 1635 2762 detlcleus
1655 2707 1702 2764 vel
1723 2707 1805 2762 aliam
1827 2709 1912 2764 vitam
1935 2725 2005 2779 per-

158 2787 302 2870 γτείσταις
322 2793 467 2864 τέτακται,
488 2795 539 2869 τῆς
565 2795 642 2894 Ιερᾶς
663 2787 854 2872 ἀφιστάμενος
875 2785 1065 2870 ύπνγρεσίαςῆ
1108 2807 1245 2874 sequens,
1273 2791 1407 2860 siquidem
1434 2793 1516 2860 inops
1542 2790 1594 2862 sit,
1621 2789 1773 2848 cohortalis
1801 2792 1863 2848 crit.
1897 2791 2005 2858 Quodsi

158 2875 257 2956 ἕτερον
278 2870 458 2954 μεταδιώκων
484 2877 560 2954 βίον,
580 2897 691 2954 απορος
716 2877 765 2976 plo
785 2871 1066 2952 oio³⁴)‚'s'cror'un·
1108 2877 1239 2947 locuples
1256 2875 1304 2948 sit,
1324 2873 1439 2931 curialis
1459 2876 1489 2931 nt
1509 2890 1560 2944 pro
1582 2875 1664 2930 modu
1685 2876 1858 2932 facultatium
1880 2891 2005 2934 auarum.

158 2957 274 3040 ξιεύτης.
297 2964 324 3022 εί
342 2957 371 3020 dl
391 2951 511 3038 εὔπορος
531 2959 581 3038 εἴη,
593 2961 744 3040 βουλευτης
755 2963 857 3040 γίνεται
872 2959 917 3038 33)
931 2955 1004 3040 πρὸς
1020 2959 1064 3038 34)
1107 2961 1263 3017 Numerum
1290 2959 1473 3032 elericorum,
1506 2960 1551 3030 qul
1577 2959 1606 3014 in
1635 2962 1735 3030 quavis
1762 2961 1886 3017 ecclesia
1916 2959 2005 3018 cultui

159 3039 211 3122 τίγν
232 3049 285 3122 τῆς
306 3038 491 3114 ὑποστάσεως
512 3041 652 3122 εὐπορίαν.
679 3039 729 3106 τὸν
750 3037 877 3126 άριλλμόν
897 3049 953 3103 τῶν
970 3043 1016 3121 33)
1039 3048 1067 3104 ἐν
1108 3045 1202 3102 ύλνλοο
1223 3043 1392 3114 λοεετυλυολ,
1413 3045 1551 3100 redituum
1573 3045 1774 3116 cucurrisset,
1795 3061 1868 3116 quae
1887 3045 2006 3102 lnualult

161 3121 266 3206 ύειίστη
280 3128 410 3206 ἐκκλησία
421 3123 815 3208 λειτουργούντωνκληροιῶνὴ
829 3123 1064 3206 ποσότηςτῆς36)
1110 3129 1299 3202 consuetudo,
1328 3128 1430 3185 denuit.
1472 3129 1595 3198 Eorum,
1616 3130 1664 3199 qui
1691 3129 1913 3186 constitutionem
1947 3129 2005 3186 nnl-

164 3207 404 3290 προσόδοοιιαίή
417 3209 463 3286 ³⁷)
486 3207 655 3290 κρατήσασα
668 3213 777 3292 διορίζει
792 3207 928 3291 συνήθεια
937 3211 991 3288 33).
1010 3217 1077 3273 τῶν·
1107 3218 1206 3288 grant,
1230 3213 1455 3286 accusationem,
1483 3213 1531 3284 qul
1558 3212 1648 3282 volet,
1669 3213 1812 3270 instituite.
1863 3214 2005 3286 cuiusque
2056 3246 2062 3259 ·

166 3290 399 3376 παραβαινόντων
425 3290 476 3374 τὴν
503 3291 664 3368 διάταξενί
691 3292 860 3376 βουλόμενος
886 3309 1065 3376 κατηγορεῖτο
1107 3298 1247 3355 ύλοεοεελε
1273 3297 1452 3370 patriarchae
1479 3303 1507 3353 et
1534 3297 1736 3367 metropolitani
1763 3303 1791 3352 et
1823 3299 1949 3368 episcopi
1976 3305 2006 3355 et

170 3381 427 3459 (improprium).
436 3384 464 3440 ολ
473 3374 759 3460 ίκάστηςδιοοιησεως
771 3375 943 3460 πατριάρχαι
955 3383 1002 3440 καί
1015 3403 1065 3461 μη
1108 3382 1220 3456 clerici,
1247 3384 1294 3454 qul
1322 3385 1497 3454 praesentem
1519 3381 1613 3454 legens
1636 3395 1689 3436 non
1711 3381 1879 3452 observant,
1901 3397 2004 3438 sacer-
2110 3420 2123 3441 .
2178 3404 2183 3413 ·

170 3466 343 3542 τροπολεῑται
366 3463 407 3542 (v.
419 3465 635 3544 μητροπολίται)
657 3467 862 3526 καλέπίσιεοποι
881 3465 928 3524 καί
944 3466 1065 3544 κληροιολ
1107 3467 1181 3524 ύολλο
1208 3468 1349 3523 excidunt.
1403 3465 1592 3538 Magistratus
1625 3470 1733 3536 nutem,
1765 3465 1813 3536 qni
1841 3467 2005 3524 violationes
2139 3478 2148 3496 ·

175 3543 468 3626 μὴφυλύττοντεςτόυ
488 3531 716 3628 παρόντανάμον
731 3547 776 3625 33)
791 3555 842 3628 τῆς
856 3543 1004 3627 ἱερωσύνης
1025 3553 1065 3609 ia·
1107 3552 1170 3607 eius
1192 3551 1301 3626 (legis)
1328 3565 1382 3606 noo
1403 3550 1543 3622 indicant,
1565 3549 1685 3621 quinque
1706 3551 1836 3606 librarum
1858 3551 1919 3606 suri
1940 3551 2004 3608 soi-

177 3633 321 3692 niccuccts.
342 3629 382 3708 [oi
399 3631 428 3690 δὲ
445 3621 587 3710 ἄρχοντες]
605 3631 652 3712 ⁴⁰)
669 3631 708 3712 μη
719 3628 868 3712 μηνύοντες
881 3630 929 3710 ⁴¹)
940 3628 991 3703 τὰς
1003 3632 1064 3694 κατ’
1107 3641 1174 3692 vent
1194 3651 1320 3706 poenam.
1369 3636 1492 3708 Scripta
1517 3640 1560 3692 eei
1583 3635 1720 3692 Calendis
1740 3635 1837 3708 April.
1859 3637 2004 3694 Beiisurio

180 3709 256 3773 αύτυύ
269 3715 315 3792 ⁴²)
329 3716 513 3794 παραβασίας
526 3713 573 3792 ⁴⁸)
594 3712 633 3792 [e'.
647 3720 763 3796 χρυσίου
774 3718 872 3796 λίτρας
883 3711 1064 3794 καταθησου-
1106 3727 1135 3778 εί
1156 3721 1301 3794 Eutropio
1325 3722 1406 3778 Cora.

182 3818 209 3858 σι
222 3793 302 3876 τεχνην.
319 3794 456 3878 ίχράφη
474 3793 675 3872 καλάνδαις
695 3799 901 3882 simplitate]
914 3799 959 3880 ⁴⁴)
980 3797 1064 3861 ύπα·

182 3880 1063 3966 τίτς(ν.ύπατιίας)33)ΒελισαρίοοκαίΕύτροπίου.

188 3986 353 4076 ”Effice
375 4013 480 4077 γάμοις,
504 4017 571 4080 quod
589 4019 631 4065 est
646 4016 714 4078 apud
730 4015 884 4082 Fahrotum,
905 4014 997 4067 Codex
1020 4018 1097 4069 nubet
1119 4015 1224 4080 γάμους.
1275 4017 1321 4080 37)
1339 4015 1428 4070 Codex
1450 4017 1515 4136 πρὸς
1532 4015 1633 4077 cippido.
1684 4017 1730 4076 38)
1747 4017 1840 4068 Codex
1861 4015 2003 4083 παλλάκην.

186 4077 225 4138 el)
236 4073 318 4132 Codex
340 4081 475 4145 ίπιοάγονν.
510 4085 588 4134 Fuhr.
611 4081 760 4144 ἐπεισάγων.
794 4085 880 4134 Aous
902 4084 992 4134 Codex
1013 4083 1154 4152 πολλάιην.
1212 4083 1240 4150 1)
1264 4085 1356 4138 Codex
1378 4081 1455 4152 olmss
1491 4088 1551 4136 soei
1572 4098 1621 4148 pro
1643 4081 1814 4148 άναγνιλοεης.
1861 4085 1889 4148 3)
1912 4085 2004 4138 Codex

187 4137 345 4214 dmrpyepw.
386 4153 416 4210 3)
433 4154 477 4200 Sit>
493 4151 570 4201 Febr.
589 4149 679 4201 Codex
696 4152 859 4219 reposcimus.
907 4152 937 4209 4)
956 4152 1008 4202 Pro
1027 4153 1115 4203 verbis
1131 4155 1263 4223 τριγαμύν
1277 4155 1365 4204 -τοῦ
1391 4153 1484 4222 κλήρου
1501 4155 1578 4203 Febr.
1597 4149 1854 4202 demonstrasset.
1872 4169 1893 4202 π
1938 4154 2003 4208 δινσιε

188 4215 314 4265 molseo
336 4217 385 4266 ruri
407 4216 508 4283 κλήρου.
530 4221 664 4288 τριγαμείν
685 4217 712 4267 δὲ
729 4216 860 4268 κωλύεται.
894 4222 937 4270 Sto
959 4223 986 4268 et
1001 4219 1143 4271 Leunclsv.
1166 4223 1234 4272 Nor.
1253 4223 1278 4272 e.
1297 4234 1352 4283 cnp.
1371 4223 1396 4271 5.
1420 4229 1555 4285 utramque
1572 4220 1712 4269 lectionem
1736 4221 1878 4270 confirmet
1919 4221 2005 4270 ahroti

189 4277 254 4358 butio
269 4291 307 4332 est
322 4285 434 4347 plenior.
467 4287 512 4334 Sic
528 4291 614 4356 autent
630 4285 698 4335 Nou.
715 4286 734 4334 l.
750 4286 768 4336 i.
786 4285 879 4346 μενίτεν
903 4286 930 4336 ei
946 4283 991 4336 ίπί
1012 4285 1109 4337 τούτου
1125 4291 1174 4339 τοῦ
1190 4289 1301 4354 βαθμοῦ
1317 4288 1446 4352 διηνεκῶς,
1471 4284 1506 4352 μὴ
1523 4288 1611 4348 μίντον
1629 4287 1671 4336 καί
1688 4286 1752 4355 πρὸς
1767 4287 1871 4356 τρίτους
1888 4287 2004 4372 ίρχίοδω

189 4363 277 4406 νοτίους.
295 4377 321 4388 -
339 4349 364 4401 εί
385 4351 413 4400 δί
423 4369 452 4414 γι
468 4353 576 4402 τοιοῦτό
588 4369 615 4402 τε
633 4351 738 4434 πράξειε
760 4353 804 4402 καί
826 4353 891 4423 πρὸς
906 4353 1040 4423 δευτέρους
1061 4351 1147 4405 tnesis
1163 4355 1261 4418 γάμους
1277 4355 1320 4405 ίπί
1337 4352 1440 4414 μείζονα
1456 4355 1563 4418 βαθμὸν
1586 4353 1736 4417 σπεύσειεν,
1768 4353 1886 4404 αὐτόθεν
1903 4353 2005 4419 ιδιάτης

190 4415 249 4469 ἔσται
267 4417 305 4466 καί
327 4418 427 4481 iulide,
454 4417 538 4484 πάσης
560 4420 589 4470 τί
611 4417 681 4489 ίερας
696 4419 857 4500 λειτουργίας
871 4419 1008 4472 ἐκπίπτων.
1059 4421 1088 4486 δ)
1105 4425 1144 4474 Ad
1161 4437 1243 4486 marg.
1261 4423 1367 4474 Codicis
1383 4439 1416 4473 πε
1434 4423 1443 4472 ί
1460 4415 1539 4472 διαί.
1556 4421 1586 4472 cd
1603 4419 1650 4484 κγ’.
1668 4422 1754 4478 nepai.
1771 4423 1818 4486 τῆς
1834 4421 1922 4486 doside
1945 4422 2003 4470 δια-

188 4479 266 4540 τίὴεις
285 4484 387 4550 ίίαττοί
407 4485 454 4536 τύν
472 4489 565 4555 χρόνον
587 4488 635 4554 τῆς
658 4487 827 4553 διακονίσσης.
878 4491 907 4548 e)
923 4490 1002 4539 noer.
1027 4489 1070 4538 καί
1085 4491 1163 4554 μόνην.
1214 4493 1243 4548 7)
1261 4493 1305 4540 Sic
1321 4491 1399 4540 ruer.
1417 4441 1507 4539 {ludex
1525 4491 1603 4538 habet
1620 4487 1815 4554 συνοικήσασαν.
1867 4493 1896 4546 8)
1913 4489 2004 4539 Codex

189 4547 310 4668 {illi}
332 4551 359 4618 ⁹³
375 4555 429 4680 lii
445 4552 1178 4686 i..itii.²⁰i.⁰tlti..ldi‘.‘fficiei'iniiii
1190 4565 1271 4674 iii
1294 4559 1604 4686 ”iilliii‘iiiil‘
1622 4556 1690 4685 Nili
1707 4556 2005 4680 λ’..ῗὲλλιιίίάῖζ

294 4651 318 4687 κί’
543 4661 544 4664 ’
916 4663 921 4673 ’
995 4661 1002 4674 ”
1166 4657 1172 4672 “
1225 4660 1232 4674 ”
1275 4659 1281 4674 “
1453 4659 1460 4672 ⁸
1581 4659 1588 4672 '
1995 4657 2002 4672 ⁸

188 4683 227 4744 1⁴)
242 4687 310 4738 [sir.
327 4690 360 4739 ad
376 4693 520 4752 marginem
543 4691 577 4739 ίο.
603 4687 655 4740 διά.
689 4691 742 4742 Ρτο
758 4641 920 4741 anemo
937 4691 1027 4742 Codex
1044 4691 1121 4740 hahet
1138 4689 1209 4755 αὐτῷ
1225 4693 1313 4742 τοῦτο.
1349 4693 1394 4754 ld)
1413 4693 1490 4741 h'ahr.
1508 4690 1691 4760 προσαγλολνον.
1744 4690 1788 4752 io)
1805 4695 1849 4741 stc
1866 4691 2003 4751 Frenetes,

187 4761 282 4828 pcepta
297 4758 362 4819 quod
379 4758 458 4806 habet
473 4773 509 4806 τε.
544 4759 616 4816 ocae
633 4759 712 4807 lectio
729 4760 898 4810 eonnrmntur
915 4759 991 4822 plene
1009 4771 1042 4808 ex
1058 4759 1127 4808 nov.
1146 4763 1170 4808 tl.
1194 4771 1250 4822 cup.
1267 4762 1292 4810 n.
1321 4759 1364 4808 καὶ
1388 4757 1455 4824 αὐτὴ
1478 4757 1505 4808 ct
1527 4756 1638 4814 κάκεῖνος
1654 4753 1802 4808 άπιύθυνοι
1820 4759 1922 4808 tuorem
1939 4755 2004 4820 τῷδε

188 4820 247 4900 χρῖεν
265 4824 298 4885 τῷ
318 4824 387 4888 νόμην
409 4823 452 4872 καί
473 4827 528 4880 τοῖς
552 4827 652 4882 λοιποῖς
674 4822 737 4882 τούς
757 4827 872 4894 φθορίοις
896 4824 1054 4881 κολάζουσιν,
1088 4827 1141 4876 Pro
1164 4822 1374 4890 ύποβαλλομίνονν
1398 4823 1481 4912 σίντης
1496 4825 1525 4876 τί
1541 4826 1635 4876 Codex
1651 4827 1729 4874 hahet
1744 4829 1793 4876 τοῦ
1810 4824 2004 4894 προβαλομίνου

186 4888 255 4950 “utin
273 4889 306 4938 ct.
339 4892 396 4940 Nisi
420 4892 490 4940 forte
512 4892 649 4954 legendnm
672 4894 719 4957 τῆς
739 4895 931 4962 προβαλομίνης
955 4891 1036 4959 αύτῆς
1053 4891 1079 4942 ci
1096 4894 1140 4942 καί
1156 4896 1204 4943 τοῦ
1221 4897 1413 4951 συνοικίσαντος
1430 4895 1499 4960 coepi
1517 4889 1760 4958 (ὑπεραλλομένων.)
1809 4889 2004 4955 inprospere

186 4953 355 5020 moisem.
390 4959 430 5008 Δύ
447 4971 529 5022 marg.
548 4967 633 5009 τιιιεω
652 4961 729 5010 λλελντ.
746 4963 896 5012 εύιιολτίιιω
913 4967 963 5010 est.
982 4961 1016 5010 lo.
1033 4962 1082 5011 τοῦ
1099 4959 1303 5026 συνοικήσαντος.
1353 4961 1397 5020 le)
1414 4961 1506 5012 Codex
1522 4959 1595 5010 τολτε.
1642 4962 1687 5018 te)
1705 4960 1769 5011 Cod.
1787 4957 2002 5026 διῆγορευμίναις.

185 5018 229 5098 2⁴¹)
247 5019 261 5086 ἢ
279 5023 385 5087 άτελγολς
408 5023 492 5086 διάγει
516 5029 610 5076 desunt
631 5031 698 5089 apud
720 5029 798 5078 Febr.
853 5027 899 5088 31)
921 5027 958 5084 είς
980 5029 1056 5078 deest
1077 5031 1144 5091 apud
1161 5029 1238 5079 Fnhr.
1295 5027 1450 5086 ericodes
1472 5029 1566 5098 ἔτερον.
1617 5027 1664 5086 23)
1681 5028 1770 5078 Codex
1786 5025 1843 5076 υίδν
1861 5027 1938 5074 hahet
1954 5035 2003 5088 pro
2035 5061 2041 5080 .
2135 5079 2144 5100 ι

186 5089 248 5168 θεων,
271 5092 313 5154 24)
330 5095 408 5143 λέλντ.
426 5093 512 5155 eope<
528 5093 583 5144 ίστι
601 5093 731 5144 θανάτου.
769 5094 815 5158 35)
832 5098 905 5156 Onne
922 5098 997 5144 uncis
1019 5096 1128 5158 inclusi,
1150 5098 1244 5146 desunt
1259 5100 1286 5146 ln
1303 5097 1417 5155 Codice,
1434 5109 1527 5146 verum
1545 5099 1641 5147 adsunt
1657 5097 1724 5158 apud
1740 5096 1817 5143 Febr.
1859 5091 1906 5154 2⁰)
1924 5093 2003 5142 Fshr.
2109 5121 2113 5129 ·

185 5169 337 5220 mirumne.
390 5161 437 5216 27)
455 5161 533 5210 itithr.
556 5157 601 5211 διά
617 5161 712 5220 ξίφους.
768 5163 814 5226 2¹3)
832 5164 924 5214 Codex
947 5161 1141 5231 τιμωρούμενος.
1192 5164 1239 5222 23)
1257 5163 1349 5214 Codex
1372 5159 1424 5213 ύπύ
1446 5165 1673 5229 καταβαλλόμενος.
1708 5163 1784 5212 nnnc
1802 5159 2003 5222 καθυποβαλλσ-

186 5221 263 5277 νίνου.
304 5226 350 5290 eil)
368 5229 426 5277 lloc
442 5236 520 5289 ceput
535 5231 670 5278 Athanasii
686 5231 805 5279 λιιινύκιυι·
821 5233 848 5280 in
864 5231 929 5280 Cod.
948 5230 1119 5280 bibliothecae
1142 5231 1331 5287 ambrosianae
1354 5231 1374 5279 λ.
1392 5231 1435 5287 48.
1454 5245 1513 5294 μσς.
1533 5233 1607 5295 lde,
1629 5235 1657 5280 ni
1673 5243 1715 5280 me
1732 5229 1819 5278 docuit
1837 5230 1879 5276 νλτ
1895 5229 2004 5292 elegun-

184 5291 286 5353 Quam
300 5295 445 5346 caroius
463 5295 577 5345 wirte.
611 5301 655 5344 Sic
677 5299 747 5346 euim
768 5299 816 5345 tin:
839 5295 866 5345 ίν
890 5296 917 5346 δί
933 5299 970 5361 cpi
991 5293 1140 5361 'Ailuracipr
1157 5294 1238 5354 οὕτως
1255 5299 1323 5362 (scil.
1341 5297 1434 5358 κεῖται)
1457 5297 1519 5356 Huic
1536 5297 1657 5368 κληρωτάς,
1675 5295 1699 5345 εί
1715 5293 1758 5344 καί
1774 5293 1801 5344 ίν
1817 5297 1871 5352 τοῖς
1887 5291 2003 5356 ἀναγνοί-

187 5367 250 5414 vws
264 5359 395 5422 τίτσκται,
412 5363 459 5426 τῆς
476 5360 545 5432 ίερυῖς
560 5359 732 5422 ἀφιστάμενος
747 5357 888 5432 ὑπηρεσίας
904 5383 926 5414 κ.
944 5379 968 5414 τ.
986 5365 1009 5414 λ.
1067 5365 1112 5423 ei)
1130 5365 1220 5416 Codex
1237 5369 1269 5416 oti
1287 5380 1369 5430 marg.
1388 5381 1420 5416 πε
1438 5366 1448 5416 ί
1464 5369 1511 5433 τῆς
1528 5365 1655 5434 ἱερατικῆς
1670 5359 1837 5424 λειτουργίας·
1887 5363 1933 5420 89)
1950 5361 2003 5412 Pro

187 5415 217 5470 ὒν
230 5423 311 5478 Codex
334 5431 412 5480 hahet
435 5417 477 5478 ιλν.
518 5427 564 5493 33)
581 5427 658 5480 Fahr.
682 5427 825 5496 γενήσεται.
865 5429 911 5494 ed)
936 5433 988 5482 Pro
1010 5449 1031 5482 π
1047 5431 1075 5488 ὸς
1097 5437 1124 5482 in
1140 5433 1241 5484 Codice
1265 5439 1307 5484 est
1329 5423 1387 5504 προ.
1435 5439 1513 5497 ncipit
1531 5435 1575 5484 λολ.
1594 5434 1634 5482 re
1653 5433 1680 5478 a.
1713 5431 1759 5486 33)
1777 5429 1829 5480 Ρτο
1845 5429 1896 5478 τῶν
1918 5435 1960 5480 est
1975 5433 2003 5480 iu

185 5485 268 5544 Codice
288 5497 341 5546 τόν.
375 5497 416 5548 Ad
433 5510 516 5560 msrg.
538 5495 599 5566 περὶ
615 5497 769 5568 κατηγορίας
783 5515 855 5568 παρα
902 5496 996 5549 νύντοιν
1018 5449 1094 5557 (ion.
1118 5499 1355 5570 παραδεικνύντα).
1405 5501 1451 5564 etl)
1469 5505 1521 5552 Pro
1544 5501 1590 5564 τῆς
1606 5497 1697 5547 Codex
1719 5497 1795 5546 hahet
1815 5499 1873 5546 τοῦ.
1923 5491 2003 5561 3ηῆ

183 5555 249 5610 deest
263 5565 325 5624 apud
342 5565 422 5614 Faus.
473 5567 519 5622 38)
537 5563 628 5615 Codex
644 5566 781 5631 συνηλοία.
822 5570 856 5617 titi
883 5567 936 5618 Pro
951 5568 1031 5626 νόμον
1047 5566 1137 5618 Codex
1153 5571 1240 5628 μόνον.
1258 5571 1335 5620 Febr.
1353 5571 1456 5620 κανόνα.
1490 5569 1558 5618 Vide
1579 5567 1646 5614 nou.
1664 5565 1688 5610 6.
1707 5563 1768 5626 epil.
1786 5566 1825 5614 nd
1842 5575 1927 5628 marg.
1943 5563 2004 5634 περί

182 5621 312 5687 (παναίτιος
328 5629 471 5700 ἱερωσύνης.
489 5629 557 5680 άνυί.
576 5625 625 5695 τὴν
640 5631 728 5698 ἐφεξῆς
745 5631 814 5684 διάτ.
830 5651 919 5686 παντο
936 5635 1000 5698 (sic)
1017 5633 1106 5696 σχεδὸν
1127 5631 1162 5684 τά
1182 5635 1224 5686 ίντ
1241 5635 1355 5704 παρούσι
1378 5638 1441 5701 (leg.
1459 5631 1588 5702 παρούσῃ)
1611 5629 1725 5686 &rusaio
1743 5631 1806 5696 (leg.
1823 5631 1949 5692 δλῦῒᾶίὲλ)
1970 5629 2003 5682 ⁴⁴

181 5681 222 5750 ν)
231 5695 374 5762 neoresium
394 5687 554 5768 ίπερωπληῑσ
577 5697 793 5768 διαλαμβανούσης.
844 5701 893 5762 iu)
911 5704 989 5752 tineis
1006 5703 1107 5752 lucinsu
1129 5705 1224 5753 desunt
1245 5709 1271 5754 tn
1288 5705 1394 5756 Codice.
1433 5705 1481 5752 scd
1497 5707 1564 5766 ¹snrn
1587 5703 1613 5746 et
1636 5699 1702 5758 κινού
1718 5700 1796 5750 Fahr.
1821 5706 1848 5750 et
1869 5685 1895 5749 ίο
1913 5699 2001 5750 Notat.

65 5796 69 5805 ·
179 5771 206 5820 Ρ·
220 5759 274 5814 2³⁰.
307 5765 354 5828 41)
372 5765 462 5816 Codex
479 5767 647 5825 μιμοινίοντις
664 5769 741 5820 hahet
756 5783 805 5830 pru
822 5766 857 5834 μὴ
875 5768 1020 5834 μηνύοντες.
1040 5769 1119 5820 l'uhr.
1136 5767 1172 5836 με)
1189 5767 1319 5830 ὄμνυντες.
1336 5774 1385 5822 sed
1403 5773 1435 5820 nd
1454 5781 1536 5830 marg.
1554 5766 1631 5815 l'nhr.
1650 5761 1683 5814 ίσ.
1700 5765 1845 5829 γοητεύοντες·
1885 5766 1932 5828 42)
1948 5768 2002 5816 Pr⁰

183 5827 262 5878 ucrhls
284 5829 337 5880 κατ’
362 5830 445 5884 αὐτοῦ
462 5836 551 5884 Notat.
574 5847 598 5896 p.
616 5835 676 5886 230.
700 5836 796 5888 natent
818 5833 885 5886 κατὰ
907 5838 955 5886 τοῦ
977 5838 1065 5896 νόμον.
1116 5840 1164 5896 48)
1187 5839 1242 5889 Pro
1265 5835 1312 5894 τάς
1336 5835 1390 5886 κατ’
1413 5831 1496 5884 cirrosi
1517 5849 1556 5883 πα
1590 5831 1681 5895 βοείας
1697 5834 1787 5884 Codex
1802 5836 1880 5884 natet
1895 5830 1929 5882 roi
1945 5830 2001 5883 κατ3

180 5891 268 5954 αύτούς
281 5901 327 5963 τῆς
342 5900 514 6016 carponius.
565 5898 611 5963 41)
628 5903 707 5954 Febr.
724 5899 890 5971 Ἀπριλλίαις.
908 5905 960 5954 Ρτο
976 5907 1019 5962 iis,
1035 5917 1101 5967 qnae
1119 5908 1192 5956 rrncls
1210 5907 1310 5956 inclusa
1327 5910 1400 5962 sunt,
1417 5902 1507 5951 Codex
1524 5903 1557 5950 λιιι
1574 5905 1601 5950 ct
1616 5899 1670 5971 ῖγλρ.
1695 5900 1732 5965 (ld
1749 5910 1790 5953 est
1806 5900 1835 5951 ε’.
1850 5901 1969 5970 χρυσίου)
1986 5901 2002 5951 λ

58 5976 69 6083 γ
179 5957 212 6024 (ir
233 5971 305 6016 esta
367 5965 465 6036 λτρας)
481 5971 509 6036 p.
526 5969 637 6034 Reliqua
659 5971 717 6020 stne
740 5971 848 6020 lucense
871 5975 1021 6033 suspicione
1038 5974 1139 6022 desunt.
1178 5971 1227 6035 43)
1244 5973 1335 6023 Codex
1356 5965 1465 6018 άπατλο.
1483 5969 1561 6018 Fnhr.
1578 5963 1638 6018 δπιλ.
1666 5970 1841 6020 λιεαινελνυλιιτ
1857 5974 1896 6018 sic
1912 5971 2003 6019 hehet:

174 6029 239 6082 nat.
256 6032 287 6087 X
343 6035 510 6086 araneum
526 6036 665 6102 Apelleis,
682 6037 818 6088 Bellenrio
834 6040 862 6088 ct
877 6037 1012 6102 Eutropio
1029 6052 1096 6090 coss.
1114 6041 1200 6090 Notat.
1219 6053 1243 6101 p.
1260 6038 1322 6088 330.
1340 6039 1406 6086 nnuc
1422 6037 1636 6099 suinscripttouern
1659 6039 1699 6089 sie
1715 6039 1838 6088 exhibent
1853 6034 1951 6107 ἐγράφη
1966 6035 2002 6103 τῇ

36 6092 59 6285 l
174 6097 201 6153 ιζ’
218 6097 346 6152 ulmeri·
360 6097 511 6172 Ἀπριλλίων
528 6099 641 6170 ὑπατείᾳ
657 6103 813 6176 Βελισαρίου
829 6105 872 6156 καί
888 6104 1045 6177 Εὐτροπίωνα
1533 6167 1551 6234 1
1573 6167 1603 6226 ἕ
