4790 7064
376 585 482 674 ω,
943 595 946 606 ·
1092 579 1529 651 srunnasn.

377 782 490 860 ηθέντα
509 741 673 858 μεθαθεύόν
693 775 766 858 μετὰ
786 775 881 860 αάαης
902 781 1065 858 διακρίσεως
1077 771 1227 854 πληραύνω
1243 770 1280 836 τὰ
1322 779 1405 846 sunt,
1427 773 1552 846 exigens
1573 789 1640 830 curn
1659 771 1738 830 omni
1759 771 1939 829 discretione
1953 771 2072 844 impleto
2088 789 2133 845 ca,
2155 791 2228 846 quae

375 866 584 943 διατεταγμένα.
617 868 644 924 εἰ
661 862 691 924 n)
713 861 729 924 ὁ
750 864 967 938 χαλεπαίνομεν)
996 863 1088 922 ταῦτα
1115 858 1223 940 πρᾶξαι
1232 859 1278 934 ⁷²)
1321 861 1479 929 praecepta
1499 862 1576 912 sunt.
1618 857 1670 914 Sin
1693 861 1789 913 nutem
1812 855 1849 926 is,
1872 859 1922 927 qui
1943 857 2019 913 heco
2041 860 2141 914 iacere
2162 861 2227 915 ius-

375 941 466 1028 [όπαξ
487 949 534 1007 καλ
555 949 597 1017 dic
617 945 823 1026 dannenstide]
833 946 879 1026 18)
900 941 981 1024 παρὰ
1002 949 1053 1005 τοῦ
1068 940 1277 1021 salonianum)
1322 959 1374 997 sus
1395 947 1458 1012 est,
1497 943 1588 997 semel
1616 949 1646 998 et
1674 943 1721 997 bis
1750 941 1915 997 admonitus
1943 942 2141 1014 abepiscopo
2178 961 2228 1015 per

264 1020 267 1030 ¹
374 1027 422 1094 διά
443 1033 584 1110 δημοσίων
605 1026 783 1111 προσώπων,
805 1030 962 1109 ι’νπέρθεται
984 1031 1027 1107 (ι.
1048 1025 1221 1107 ι’νπέρθηται)
1230 1028 1277 1105 ⁸⁰)
1319 1026 1454 1096 publicas
1490 1041 1647 1096 personne,
1690 1026 1805 1080 ditieret
1839 1025 1885 1096 id,
1929 1026 2005 1096 quod
2043 1033 2227 1098 praeceptum

374 1111 407 1178 τὸ
430 1115 615 1196 προσταχθὲν
636 1120 675 1186 τις
695 1112 775 1195 ἔργα
791 1113 913 1194 ἀγαγεῖν,
934 1109 1023 1184 αὐτὸς
1034 1111 1084 1191 μλυ
1098 1107 1206 1184 παντὸς
1219 1116 1277 1192 κιρ.
1320 1117 1383 1181 est,
1405 1109 1441 1165 nd
1465 1112 1598 1166 effectum
1621 1109 1796 1182 perducere,
1826 1109 1891 1180 ipse
1919 1109 2036 1180 quidem
2066 1127 2150 1166 omne
2177 1111 2228 1168 lu-

374 1203 440 1270 δοος
461 1194 664 1278 περιελθόντος
684 1203 723 1270 εἰς
743 1193 831 1258 αὐτόν
852 1201 881 1258 eit
908 1203 961 1258 τοῦ
981 1191 1154 1276 τεστάτορος
1167 1195 1214 1276 ⁸¹)
1236 1202 1277 1257 ἐκ.
1319 1207 1418 1266 crum,
1440 1193 1517 1264 quod
1537 1193 1575 1248 ed
1596 1195 1691 1265 ipsum
1719 1209 1738 1248 s
1758 1197 1899 1250 testatore
1925 1195 2109 1266 ptervenerit,
2138 1197 2227 1252 amit-

372 1283 531 1360 πίνιτει89).
562 1280 578 1344 ό
601 1283 630 1343 δὲ
651 1287 708 1342 τών
729 1277 825 1342 τόπων
846 1284 997 1353 ἐπίσκοπος
1018 1279 1121 1356 καλῦθ)
1143 1276 1176 1341 τὸ
1206 1285 1277 1358 elon·
1301 1279 1364 1333 111·
1405 1279 1573 1349 E2l¹l⁸⁰⁰ll¹¹⁸
1594 1283 1691 1334 8111818
1713 1292 1831 1350 mmm,
1861 1277 1922 1352 (¹1⁰
1952 1277 2057 1348 quibus
2086 1279 2226 1354 ³gllffl5)

372 1362 699 1448 pomunonpmtffl)
714 1369 770 1426 τών
783 1357 875 1425 ἄλλων
887 1363 1037 1445 λαμβάνων
1047 1359 1276 1444 αραγμάτωνθὸ)
1318 1363 1457 1434 locorum,
1487 1367 1518 1418 et
1537 1361 1664 1434 lucrum,
1699 1361 1775 1432 quod
1803 1377 1893 1432 συρτει
1919 1362 2029 1418 dietum
2064 1367 2128 1436 est,
2162 1379 2227 1422 cnm

373 1447 425 1531 τῆν
445 1455 548 1511 ἐκείνου
561 1445 703 1530 πληρώσει
723 1443 828 1528 βουλῆν
837 1448 901 1526 ⁸⁰),
922 1443 1018 1512 ἄδειαν
1027 1447 1074 1525 ⁸⁷)
1096 1446 1205 1528 ἔχοντες
1225 1453 1276 1508 τοῦ
1318 1447 1441 1516 reliquis
1483 1447 1572 1502 rebus
1614 1446 1779 1520 accipiens,
1821 1445 1904 1502 illins
1944 1447 2125 1504 voluntatem
2167 1448 2226 1504 im-

372 1538 580 1616 μητροπολίτον
592 1537 639 1595 καλ
651 1527 758 1604 παντὸς
770 1535 864 1612 ἑτέρου
875 1530 927 1613 τῆν
939 1528 1070 1613 τοιαύτην
1080 1530 1275 1611 ἐπαγαγετνθθ)
1321 1531 1428 1602 plebit,
1462 1531 1684 1601 metropolitano
1717 1535 1747 1585 et
1780 1545 1953 1601 quoeunque
1992 1531 2051 1586 alio
2092 1535 2226 1602 potestn-

372 1625 413 1696 τῷ
435 1614 579 1694 ἐπιααόπῳ
602 1613 723 1696 ζήτησιν,
754 1615 796 1695 ἐφ’
820 1608 843 1692 ᾧ
864 1619 1004 1690 παντοίας
1033 1611 1278 1694 πληρωθῆναι.)
1320 1621 1377 1670 tem
1407 1615 1494 1670 telem
1525 1616 1724 1686 quaestionem
1752 1615 1890 1686 episcopo
1924 1615 2059 1670 movendi
2089 1615 2225 1688 habente,

373 1703 496 1783 εὐσεβῶς
524 1704 734 1763 διατσποθέντα
765 1701 807 1780 (ν.
829 1699 1059 1777 διατσπωθένεα)
1074 1699 1128 1776 ⁸⁹).
1165 1704 1192 1762 εἰ
1209 1697 1275 1762 did
1320 1703 1370 1772 ut,
1392 1715 1467 1769 quae
1487 1699 1537 1770 pie
1558 1699 1701 1770 dispositu
1720 1705 1801 1771 sunt,
1825 1699 1902 1754 omni
1931 1699 2015 1756 modo
2037 1699 2226 1770 impleantur.

373 1782 597 1868 κληρονόμοςθθ)
617 1788 687 1864 λέγει
697 1781 737 1864 μὴ
754 1798 926 1865 προσαρκεῖν
939 1781 990 1864 τὴν
1001 1783 1108 1858 οὐσίαν,
1120 1779 1277 1844 αἰοδιδότω
1320 1783 1353 1838 si
1389 1797 1460 1838 vero
1494 1783 1600 1839 haeres
1633 1784 1712 1840 dicat
1745 1798 1802 1839 non
1834 1785 1973 1839 suttlcere
2014 1784 2226 1854 substantiam,

373 1867 411 1934 τόν
431 1867 593 1950 πράγματα,
614 1865 653 1948 μὴ
665 1863 851 1948 παρωιρατὸν
867 1867 910 1944 (ν.
923 1873 1129 1949 παρακρατών)
1139 1866 1185 1944 ⁰¹)
1202 1869 1276 1929 Παλ.
1320 1881 1368 1922 res
1403 1866 1529 1947 (ipsas)
1562 1867 1693 1939 reddito,
1727 1882 1784 1922 non
1817 1868 1948 1923 retinens
1983 1867 2161 1942 Falcidium,
2195 1873 2243 1924 ut·

373 1951 530 2032 utecovffl),
552 1953 597 2015 ι’να
617 1951 655 2014 τὰ
675 1951 796 2032 εὐσεβῶς
817 1946 940 2024 δόξαντα
961 1957 1001 2028 τῷ
1024 1947 1218 2030 τελευτήσαντι
1239 1957 1278 2023 εές
1319 1966 1364 2024 ea,
1394 1967 1470 2022 quae
1486 1953 1549 2022 ,pie
1577 1952 1720 2023 disposite
1748 1957 1817 2007 sunt
1845 1968 1865 2006 a
1886 1951 2041 2025 domnoto,
2078 1952 2116 2007 ad
2150 1955 2227 2008 etie-

373 2039 452 2122 ε’ργον
472 2037 614 2118 exem).
643 2033 680 2098 τό
699 2035 876 2116 εὐαγέσινθέ)
896 2035 981 2108 σόιοις
1002 2031 1243 2115 ὐέκκλησίαιςθῧ)
1260 2031 1276 2096 ἐ
1320 2039 1397 2091 ctum
1438 2037 1643 2106 perducantur.
1698 2037 1779 2103 Quae
1816 2036 2035 2092 venerabilibus
2074 2026 2227 2110 domibu's,

374 2119 552 2202 συστήμασιν
565 2121 611 2200 ⁹⁶)
633 2123 861 2197 καταλειφθέντα
889 2117 993 2200 ίεγσίτα
1006 2119 1053 2198 91)
1087 2118 1155 2181 ειίνω
1183 2125 1277 2198 μηνῶν
1318 2120 1366 2174 vel
1388 2121 1524 2176 eeclesiis
1553 2122 1601 2175 vel
1630 2119 1765 2192 collegiis
1794 2119 1898 2176 relicte
1925 2123 1995 2176 sunt
2021 2120 2136 2194 legate,
2174 2121 2227 2177 in-

374 2204 465 2284 35⁹⁸)
491 2212 542 2285 τῆς
563 2208 713 2286 ἐμφανείας
727 2203 773 2281 ⁹⁹)
796 2208 847 2284 τῆς
872 2200 1033 2284 διαθήκης)
1056 2203 1083 2280 1)
1105 2206 1276 2283 καταβαλλέ.
1317 2208 1364 2258 tra
1390 2202 1419 2258 e.
1447 2219 1564 2260 menses
1598 2220 1617 2259 a
1643 2204 1842 2275 publicatione
1877 2205 2045 2260 testamenti
2079 2204 2227 2279 (compu-

374 2299 442 2354 σθω
450 2288 487 2368 ²).
509 2296 536 2351 εἰ
552 2289 581 2350 δὲ
593 2285 671 2370 μήγε,
693 2284 867 2366 ότούτοιςῧ)
888 2291 1076 2368 βεβαρημένος
1087 2311 1214 2367 ιαρπους
1229 2291 1276 2348 καλ
1319 2286 1440 2360 (υσθυε)
1461 2289 1622 2345 solvuntor.
1645 2290 1697 2346 sin
1720 2288 1831 2360 minus,
1854 2289 1901 2357 is,
1923 2290 1972 2358 qui
1994 2289 2096 2346 borum
2117 2289 2226 2362 (prae-

373 2373 473 2447 τόκους
494 2372 587 2435 αὐτῶν
607 2376 654 2433 καί
668 2368 852 2449 έπαυξῆματα
860 2372 888 2447 ⁴)
912 2369 1080 2452 προσδώσει.
1102 2369 1135 2434 τὸ
1149 2374 1276 2432 καταλει-
1318 2372 1463 2446 statione)
1485 2379 1623 2429 oneratus
1645 2379 1708 2444 est,
1730 2375 1845 2428 tructus
1866 2379 1897 2429 ct
1918 2387 2024 2430 usuras
2045 2373 2174 2444 ipsorum
2196 2379 2228 2429 et

373 2461 448 2540 φθλν
469 2457 630 2538 εὐαγέσινῧ)
653 2455 737 2526 σι’κοις
752 2453 831 2534 [1116)
849 2452 1024 2534 συστήμασιν
1042 2452 1157 2518 ἀνάλιον
1172 2459 1213 2535 (ν.
1229 2455 1276 2516 άν-
1318 2457 1505 2512 accessiones
1525 2463 1679 2527 praeterea
1699 2457 1803 2514 solvet.
1825 2457 1907 2524 Quod
1929 2457 2062 2514 relietum
2083 2463 2130 2514 est
2150 2458 2228 2514 rell-

372 2540 481 2622 νάλιον)
490 2543 518 2619 ⁷)
540 2537 691 2620 λεγάτονθ)
703 2541 796 2620 μηδενί
810 2536 948 2620 τρόπῳθ)
963 2545 1141 2613 ἐκποιεέσθω,
1163 2536 1235 2619 πλην
1253 2545 1279 2601 τί
1318 2541 1413 2614 glosis
1435 2540 1568 2597 domibus
1587 2546 1648 2615 nul,
1668 2541 1804 2614 collegiis
1828 2541 1959 2615 legatum
1979 2557 2122 2613 annuum,
2144 2541 2227 2598 nullo

372 2625 411 2710 μὴ
433 2632 462 2688 σί
480 2624 564 2688 τόποι
573 2623 618 2701 ¹⁰)
638 2627 684 2686 κοιλ
705 2620 742 2684 τόν
755 2623 985 2704 βεβαρημέναλῑ)
1007 2621 1151 2704 πρόσωπα
1165 2620 1276 2703 μακρὰν
1317 2624 1401 2681 modo
1414 2625 1566 2698 alienator,
1588 2631 1756 2696 extrenuam
1777 2625 1804 2680 si
1825 2625 1891 2682 loca
1911 2631 1941 2681 et
1954 2641 2096 2697 personne
2111 2640 2227 2700 grava·

372 2703 846 2786 διεστίνιασιν<ν.διεστν)κασιν)“).
861 2707 1274 2788 τινικαῦτα(ν.τηνοιαύτα)13)
1317 2713 1366 2764 tce
1395 2709 1483 2784 longe
1512 2709 1630 2766 distent.
1672 2712 1756 2766 ’1ιοο
1784 2709 1862 2766 enim
1891 2715 2014 2781 possunt
2039 2711 2228 2767 venerabiles

362 2793 428 2878 ὲγάρ
443 2791 575 2856 δύνανται
588 2799 616 2854 ο(
627 2795 725 2855 σεπτολ
737 2789 860 2869 onaan)
882 2789 1084 2854 ἀπαλλάττειν
1096 2790 1274 2873 άλλὴλοιςίέ)
1317 2793 1419 2849 domus
1440 2801 1604 2866 permutare
1624 2795 1756 2857 intensa
1776 2795 1849 2850 telin
1869 2794 1968 2868 legata
1989 2793 2097 2852 vicinis
2117 2795 2149 2851 in
2176 2795 2229 2851 lo-

372 2878 547 2943 τὰτοιαῦτα
568 2873 732 2958 ληγόταῑθ)
755 2880 783 2936 έν
803 2872 988 2955 πλησιάζουσι
1004 2875 1048 2955 ¹²)
1076 2873 1175 2948 τόποις
1202 2873 1275 2956 μετὰ
1317 2879 1361 2933 eis
1385 2893 1450 2934 cum
1471 2880 1643 2936 accessione
1664 2885 1786 2950 quartae
1806 2879 1898 2950 pertis
1921 2877 1995 2951 (iis)
2024 2879 2145 2934 relictae
2166 2895 2229 2935 an-

372 2959 541 3045 προσθόκης
562 2967 612 3023 τοῦ
633 2957 770 3038 τετάρτου
780 2958 824 3035 ¹⁸)
845 2965 947 3039 μέρους
967 2966 1018 3037 τῆς
1038 2963 1276 3040 καταλειφθείσης
1318 2977 1393 3018 nune
1415 2963 1596 3035 quantitatis,
1617 2969 1678 3036 aut,
1700 2963 1727 3018 si
1747 2962 1875 3018 vendere
1896 2964 1989 3018 velint
2009 2963 2068 3019 tale
2085 2963 2229 3038 legatum,

372 3052 477 3119 ε’τισίσς
489 3047 531 3127 (ν.
544 3043 667 3124 ἐτησίας)
679 3045 723 3121 ¹⁹)
738 3041 904 3122 ποσότητος,
927 3049 965 3117 είς
977 3041 1024 3106 λε’.
1039 3044 1085 3125 εἐη
1098 3051 1149 3124 τῆς
1163 3049 1276 3125 ἐτησίας
1318 3062 1374 3104 non
1396 3047 1515 3102 minoris
1528 3089 1530 3094 .
1544 3047 1575 3104 id
1601 3049 1731 3122 legatum
1758 3047 1898 3118 alienare,
1920 3061 2005 3117 qnam
2034 3049 2229 3118 quantumin

372 3134 532 3212 καταβολῆς
544 3128 577 3191 τὸ
590 3135 717 3190 τοιοῦτον
727 3129 899 3208 liparam).
915 3134 943 3190 ol
952 3131 1099 3190 ἐπίσκοποι
1110 3133 1156 3190 καλ
1170 3135 1199 3191 σι’
1211 3133 1275 3190 διοι-
1317 3129 1368 3185 35.
1380 3145 1472 3186 annos
1494 3147 1532 3187 ex
1547 3147 1644 3188 annua
1657 3131 1801 3188 solutione
1820 3131 1990 3187 conticietnr
2002 3128 2061 3206 (i).
2082 3131 2227 3202 Episcopi

371 3215 508 3298 ιιηταλῊ)
531 3219 587 3275 τῶν
607 3211 714 3294 εὐαγών
735 3210 818 3272 οἴκων
838 3212 868 3273 τί
884 3211 930 3290 ²²)
958 3216 1004 3274 καὶ
1026 3209 1213 3293 συστημάτων
1238 3209 1275 3273 τά
1318 3220 1348 3270 et
1369 3213 1620 3272 administratores
1641 3215 1852 3271 venerabilium
1865 3215 2013 3272 domorum
2035 3219 2064 3271 et
2078 3216 2230 3290 collegio-

372 3299 429 3382 πρὸ
451 3305 508 3362 τῶν
529 3291 689 3376 διοοιῆσεων
714 3291 790 3375 51²³)
819 3301 870 3376 τῆς
897 3301 1050 3378 ἐπισκοπῆς
1075 3303 1217 3378 κτηθέντα
1228 3297 1274 3372 ²⁴)
1316 3314 1380 3354 rum
1393 3314 1438 3372 ea,
1459 3315 1535 3370 quse
1546 3307 1614 3356 ante
1626 3299 1893 3356 administrationes
1908 3305 1959 3356 aut
1972 3301 2172 3372 episcopatum
2189 3301 2230 3355 nb

372 3384 506 3456 αὐτοῖς25
543 3386 589 3443 καὶ
609 3376 667 3442 ὅσα
676 3379 722 3458 ²⁸)
745 3384 772 3440 ἐν
785 3392 848 3451 ταῖς
860 3377 1025 3461 δωικῆσεσιν
1036 3381 1082 3459 ²⁷)
1104 3385 1152 3443 καλ
1166 3387 1275 3443 έπισκο·
1316 3383 1390 3454 ipsis
1404 3384 1549 3454 acquisita
1563 3389 1642 3456 sunt,
1656 3389 1782 3458 ecquae,
1794 3383 1861 3440 dum
1877 3385 1908 3440 in
1924 3383 2231 3454 administretionibns

372 3469 488 3547 παῑςῖθ)
497 3490 577 3537 οντες
589 3471 619 3526 ἐκ
631 3463 808 3543 τελευτῆςθθ)
818 3463 972 3537 διεδέξαντο
985 3471 1042 3526 τῶν
1052 3471 1133 3547 μέχρι
1140 3465 1273 3546 spaniam)
1316 3472 1346 3522 et
1368 3467 1585 3540 episcopatibus
1607 3473 1685 3540 sunt,
1707 3485 1745 3525 ex
1765 3472 1857 3524 morte
1877 3483 1971 3538 usque
1984 3467 2022 3524 ad
2035 3474 2095 3524 tres
2112 3468 2230 3542 gradus

372 3550 548 3634 paone-effi)
564 3556 709 3630 συγγενῶν,
730 3543 772 3619 οίς
781 3543 937 3627 βούλωται,
951 3554 1151 3632 παρεχέτωσαν
1161 3548 1215 3627 8⁸).
1237 3545 1273 3612 τά
1316 3557 1506 3626 cognotorum
1518 3558 1704 3626 acceperunt,
1715 3553 1764 3626 ils,
1785 3553 1891 3624 quibus
1904 3553 2015 3628 volunt,
2032 3552 2229 3610 coneeduuto.

439 3801 485 3866 78)
501 3803 553 3850 l’ro
571 3795 585 3848 ό
603 3799 750 3857 κελευσθείς
766 3801 898 3850 onerosus
916 3802 992 3852 ltnbet
1008 3801 1163 3858 κελευσθείς.
1199 3803 1238 3852 Ad
1255 3815 1339 3864 marg.
1357 3800 1400 3864 ιγ’.
1417 3801 1478 3868 περί
1493 3799 1590 3871 γρόνων
1607 3799 1737 3868 ἆπαιτησί
1753 3801 1817 3866 (leg.
1835 3799 2008 3867 ἀπαιτήσεως)
2031 3803 2082 3850 τών
2104 3802 2231 3851 καταλει-

373 3872 493 3929 φθέντων
509 3865 628 3929 εὐαγέσιν
645 3865 732 3924 οἴνοις.
782 3867 827 3928 77)
845 3869 897 3918 Pro
914 3871 1012 3938 πρᾶξαι
1029 3871 1106 3920 rubr.
1125 3871 1203 3920 babet
1219 3869 1370 3933 decoquitur.
1421 3870 1466 3926 78)
1485 3871 1573 3919 verbu
1589 3873 1664 3919 υσοιε
1680 3871 1781 3920 tnclnsa
1799 3873 1858 3920 stne
1875 3871 1985 3920 (σοιιυσε
2009 3872 2160 3931 susspicione
2178 3871 2232 3920 de·

371 3945 434 3988 sunt
448 3941 476 3986 ln
492 3935 605 3997 Codice,
621 3936 667 3984 sed
684 3948 718 3983 ex
735 3936 850 3986 Fabroto
868 3943 896 3986 et
911 3938 1020 3988 Leunoi.
1037 3938 1157 4000 suppleta
1173 3945 1243 3988 sunt.
1277 3937 1346 3987 Nos.
1368 3937 1425 3988 181.
1444 3951 1502 4000 cap.
1521 3937 1562 3987 tt.
1580 3934 1605 3986 εί
1616 3937 1648 3992 ,di
1665 3937 1690 3988 ολ
1706 3938 1793 3986 ταῦτα
1814 3939 1925 4002 ποιῆσαι
1948 3937 2129 3992 κελευσθέντες
2152 3931 2233 3993 ἅπαξ

371 4005 416 4056 καί
432 4003 470 4060 δίς
487 3997 560 4072 παρὰ
576 4001 625 4051 τοῦ
640 4001 841 4072 μαισριωτοίτου
857 4006 909 4054 τῶν
929 4003 1017 4055 τόπων
1042 4003 1186 4055 ἐπισκόπου
1206 4003 1251 4053 καί
1270 4006 1322 4054 τῶν
1342 4002 1440 4054 τούτου
1462 4001 1600 4064 αὐτονόμου
1622 4001 1666 4054 διὰ
1687 4004 1815 4068 δημοσίων
1830 4002 1983 4073 ,προσοίκων
2003 3991 2231 4067 όπομνησθέντες.

371 4071 417 4134 78)
434 4073 487 4121 Pro
504 4067 647 4121 ἐπισκόπου
665 4069 755 4120 Codex
771 4073 850 4122 babet
865 4070 1005 4136 ἐπισκόπιμ.
1056 4072 1103 4132 88)
1120 4071 1212 4122 Codex
1229 4069 1390 4140 ὐνιερθιτοιι,
1408 4074 1483 4121 Febr.
1503 4068 1663 4141 ὐπέρθηται.
1714 4072 1760 4134 et)
1783 4071 1836 4122 Pro
1858 4070 2013 4140 τεοτότσρος
2034 4071 2125 4122 Codex
2147 4071 2232 4120 babet

371 4137 469 4211 W
516 4135 562 4198 88)
578 4137 669 4187 Codex
686 4136 828 4188 ἐκπίπτειν.
880 4137 926 4203 88)
944 4141 1003 4189 Vox
1020 4139 1063 4189 καί
1080 4142 1157 4190 deest
1172 4141 1239 4201 apud
1257 4141 1334 4190 enor.
1368 4140 1426 4189 Non
1445 4139 1520 4190 male.
1572 4139 1619 4198 st)
1637 4141 1715 4190 lisbr.
1732 4136 1799 4200 μετὰ
1815 4139 1866 4188 καί.
1917 4137 1966 4202 88)
1987 4139 2041 4188 Ριο
2063 4137 2233 4200 πραγμάτων

371 4207 462 4258 Codex
480 4206 557 4254 babet
574 4193 697 4272 nperpcff.
748 4205 793 4268 88)
810 4207 900 4258 Codex
916 4208 1020 4271 βούλην.
1070 4208 1116 4267 87)
1134 4206 1224 4256 Codex
1242 4203 1340 4256 ἀδείαν.
1391 4208 1437 4268 88)
1454 4211 1498 4258 Sic
1514 4208 1653 4258 Fabrntus.
1677 4207 1767 4258 Codex
1784 4204 1939 4269 ἀπαγαγεῖν.
1989 4206 2038 4269 88)
2062 4207 2116 4256 l’ro
2138 4207 2232 4256 verbo

370 4273 573 4324 διατυπυιθέννα
590 4275 718 4322 Fabrotus
736 4275 814 4324 behet
829 4271 941 4330 δόξαντα
956 4277 993 4337 τῷ
1010 4273 1192 4339 τελευτήσαντι
1209 4272 1245 4330 είς
1261 4275 1335 4343 ἔργον
1350 4269 1480 4339 ἀχθῆναι.
1514 4275 1582 4324 nov.
1599 4275 1660 4324 tet.
1679 4287 1735 4336 cap.
1763 4274 1802 4324 11.
1825 4274 1868 4324 καί
1889 4272 1970 4324 παντί
1993 4272 2020 4322 δι’
2044 4271 2120 4342 ίτέρην
2145 4268 2233 4323 ἄδεια

371 4344 435 4393 ἐστιν
452 4338 499 4404 τῆν
516 4337 642 4404 τοιαύτην
659 4334 764 4404 Ι’ζήτησιν
780 4345 866 4391 κινεῖν.
917 4341 961 4404 80)
978 4343 1031 4391 Pro
1049 4344 1139 4390 verbis
1158 4338 1182 4389 εί
1198 4341 1224 4390 δι’
1243 4338 1257 4391 ό
1274 4340 1431 4418 κληρονόμος
1446 4341 1537 4392 Codex
1554 4341 1630 4391 ltnbet
1647 4337 1663 4406 ῆ
1681 4341 1708 4390 δι’
1724 4337 1836 4410 όεληρος.
1876 4342 1922 4402 81)
1938 4339 2030 4391 codex
2046 4357 2118 4409 παρα
2186 4357 2233 4390 σν.

369 4411 415 4470 88)
433 4409 523 4459 Codex
540 4406 687 4456 θαλιιδιον.
738 4407 782 4468 88)
800 4410 872 4468 θυαε
890 4410 951 4458 inde
967 4422 984 4458 a
1002 4409 1092 4458 verbis
1110 4405 1134 4458 ιλ
1149 4407 1177 4457 δε·
1194 4405 1208 4458 ό
1225 4410 1380 4490 κληρονομος
1397 4423 1480 4472 rusque
1496 4411 1528 4458 nd
1546 4406 1581 4464 είς
1603 4409 1678 4477 ἐργεν
1699 4403 1773 4474 ἄχθη)
1796 4409 1919 4472 leguntur
1941 4413 1970 4458 tn
1993 4407 2105 4469 Codice,
2145 4414 2233 4458 esunt

327 4491 331 4500 ·
371 4478 438 4540 apud
455 4477 531 4525 (ἐμοι.
550 4480 577 4522 ει
593 4476 699 4524 beonet.
718 4476 793 4538 Num,
809 4488 875 4540 quse
892 4475 939 4524 tile
956 4478 1061 4524 extollet
1077 4472 1111 4524 τό
1128 4473 1235 4540 εὐσεβῶς
1252 4477 1363 4533 δόξαντα
1378 4477 1414 4540 τῷ
1431 4473 1615 4538 τελευτήσαντι
1632 4473 1668 4533 εές
1683 4476 1758 4542 ἔργον
1774 4473 1902 4540 ἀχθῆναι,
1922 4488 1957 4526 es
1973 4481 2113 4526 manarunt
2132 4489 2166 4524 ex
2186 4477 2234 4526 la-

370 4558 446 4595 cuna.
480 4541 636 4603 81)(10881(
652 4539 779 4604 εὐσγεσιν.
830 4541 878 4605 88)
895 4543 985 4593 Codex
1001 4541 1093 4607 ἐκκλη).
1129 4544 1167 4592 Ad
1193 4557 1276 4606 marg.
1301 4542 1347 4592 ιδ’.
1372 4543 1432 4612 περί
1452 4540 1562 4594 εἰναλίου
1584 4541 1647 4606 (leg.
1669 4540 1804 4606 clmllou)
1826 4541 1949 4607 ληγάτου.
1989 4543 2062 4602 Quae
2084 4546 2236 4605 inscriptio

369 4615 401 4663 ιιι)
418 4617 509 4674 eaput,
525 4611 594 4671 ηιιοδ
611 4613 742 4671 sequitur.
759 4613 901 4672 pertinere.
910 4612 1021 4661 νιδοιιιτ.
1072 4609 1116 4670 88)
1133 4611 1211 4660 Febr.
1229 4609 1383 4674 συοτῆμασι.
1414 4611 1487 4660 llaec
1505 4611 1586 4660 verba
1602 4613 1662 4660 inde
1679 4623 1696 4660 ιι
1712 4611 1823 4660 vocibus
1839 4606 1874 4659 τό
1891 4607 2009 4672 εὐαγέσιν
2026 4609 2117 4660 Codex
2127 4611 2164 4660 Χ.
2185 4615 2235 4660 stc

369 4680 459 4730 effert:
475 4676 510 4726 τοὶ
526 4673 616 4737 εὐοιγίς
632 4674 954 4742 οίιωνῆκαταλειφθίντα
970 4676 1101 4740 ἐκκλησίας
1116 4675 1226 4742 ληγοὶτσι.
1262 4681 1307 4736 87)
1324 4678 1413 4728 Codex
1429 4679 1542 4740 λεγοντα,
1558 4679 1636 4726 rubr.
1654 4675 1763 4741 ληγοίτα.
1798 4679 1844 4734 88)
1862 4677 1914 4728 Pro
1930 4677 2055 4740 μηνώνὲξ
2067 4677 2131 4728 Coti.
2146 4679 2235 4728 nabes

368 4737 458 4816 μ’βιβ.
472 4747 597 4794 notumve
609 4743 730 4794 similem.
764 4743 810 4824 θη)
826 4745 891 4794 Cod.
908 4745 942 4794 x.
960 4743 1109 4802 ἐπιφανείας
1125 4746 1202 4795 babet
1219 4759 1267 4805 pro
1285 4743 1429 4805 ἐμφανείας.
1465 4745 1492 4804 1)
1509 4747 1602 4807 Ισοίηιι
1617 4745 1663 4794 tol.
1676 4747 1721 4796 48.
1732 4747 1763 4794 Δ.
1798 4744 1828 4809 8)
1843 4746 1894 4794 'ita
1909 4749 1934 4794 θ.
1950 4749 2034 4807 pnrnt.
2048 4745 2075 4805 s.
2087 4747 2113 4795 8.
2127 4745 2237 4795 nubent

366 4814 564 4877 ,καταβαλέσθω
597 4811 627 4871 8)
644 4811 735 4861 Codex
749 4827 861 4868 τουτοις.
879 4811 944 4860 Cod.
961 4813 997 4861 X.
1015 4808 1029 4861 ό
1045 4813 1172 4868 τοιοῦτος.
1206 4811 1237 4876 4)
1254 4809 1405 4876 ἐπαυξῆσεις
1414 4812 1522 4862 Plrotlus
1537 4813 1718 4863 nomoenn.ll.
1739 4811 1763 4861 1.
1781 4826 1806 4876 p.
1822 4815 1882 4862 see.
1917 4811 1947 4876 θ)
1965 4813 2030 4862 con.
2047 4809 2159 4872 εὐαγέσι.
2198 4811 2234 4876 (1)

369 4885 429 4932 Vox
441 4877 458 4948 ἢ
470 4883 546 4930 deest
561 4882 587 4927 tn
600 4879 707 4952 Codice.
725 4879 775 4927 Sed
792 4885 835 4930 εει
851 4885 879 4928 ει
895 4883 935 4928 ιιι.
954 4882 978 4930 θ.
997 4884 1080 4942 perot.
1098 4881 1124 4939 S.
1142 4883 1170 4930 8.
1187 4882 1228 4930 Ad
1244 4877 1389 4944 uirginem
1409 4877 1563 4948 πιστότερος
1579 4881 1642 4948 ῑῐηῖ,
1657 4859 1692 4930 ιί.
1710 4879 1776 4942 (leg.
1793 4879 1933 4944 σημαίνεται
1949 4875 2063 4950 οὐραῖον).
2096 4881 2126 4942 7)
2143 4880 2234 4930 nunt.

368 4947 498 4999 ολννεὶλιον.
547 4945 578 5005 8)
594 4947 671 4995 Febr.
688 4946 810 5008 ληγατον.
861 4950 889 4998 8)
908 4947 960 4995 Pro
978 4944 1066 5016 τρόπῳ
1089 4948 1218 4998 Febrotus
1241 4949 1320 4997 ΙιεΙιει
1342 4945 1478 5015 προσώπῳ.
1520 4949 1561 4998 Ad
1584 4961 1668 5010 marg.
1694 4953 1783 4998 ιιιιιειιι
1808 4949 1947 4998 ιιδιιοιυνλι
1975 4947 2043 5013 „ln
2066 4945 2130 4997 MS.
2153 4947 2236 4999 leret.

368 5033 403 5080 „c
419 5015 502 5079 σ’πηι“.
560 5011 606 5076 10)
627 5013 717 5062 Codex
738 5029 837 5062 τοιποι.
883 5013 924 5076 11)
954 5015 1043 5064 Codex
1059 5005 1194 5083 βεβαρημίλ
1243 5011 1287 5076 12)
1305 5015 1384 5064 Febr.
1402 5013 1557 5080 διεστήκασι.
1610 5016 1653 5076 18)
1670 5016 1748 5065 Fabr.
1771 5017 1924 5079 τηνικαῦτα.
1976 5015 2022 5074 14)
2038 5014 2130 5065 Codex
2146 5011 2232 5064 σίνται.

369 5081 891 5148 18αλλήλοιςδοοειιιριιι(θελτσισω.
944 5081 988 5144 tc)
1005 5083 1058 5132 Pro
1074 5081 1176 5146 ληγσίτα
1193 5080 1284 5131 Codex
1301 5082 1446 5150 1ιοοιῑηῖ,
1497 5079 1542 5144 17)
1559 5081 1648 5134 Codex
1666 5078 1842 5146 πληοιαλουοι.
1890 5079 1934 5144 18)
1956 5082 2008 5132 Pro
2025 5079 2153 5150 τετάρτου
2170 5083 2235 5132 Fx-

367 5153 459 5203 brotus
477 5152 554 5199 babet
570 5147 607 5200 δ’.
659 5144 703 5207 18)
721 5149 798 5198 Febr.
816 5146 926 5212 ἐτησίας.
977 5150 1026 5208 88)
1043 5153 1088 5200 Sic
1104 5150 1204 5200 Codex.
1238 5151 1369 5200 rancone
1385 5161 1434 5212 pro
1450 5151 1542 5200 verbis
1559 5146 1595 5206 τίς
1610 5147 1654 5201 λε’.
1669 5150 1713 5214 ἔτη
1730 5151 1777 5214 τῆς
1793 5148 1897 5213 ἐτησίας
1917 5149 2061 5214 καταβολῆς
2082 5145 2114 5198 τό
2131 5151 2233 5198 τοιοῦ-

367 5237 415 5269 τον
430 5220 538 5278 λέγατον
555 5216 618 5279 (leg.
636 5213 754 5276 λεγιίτον)
772 5219 811 5265 stc
828 5217 918 5266 nubet:
936 5212 952 5280 ῆ
969 5214 1047 5266 είοέτι
1062 5219 1109 5282 τῆς
1125 5216 1228 5280 ἐτησίας
1245 5217 1387 5282 καταβολῆς
1403 5215 1515 5268 ἐκπονεῖν
1530 5212 1562 5266 τὸ
1577 5219 1700 5270 τοιοῦτον
1717 5215 1830 5281 ληγσίτον
1872 5217 1979 5266 (ιιιιιιιοί.
2003 5219 2087 5282 „oud
2103 5217 2235 5266 socrdem

372 5299 453 5348 „rent
471 5286 589 5346 λεηαέαυι
607 5285 721 5334 mere
735 5296 788 5344 γνιυ
804 5297 896 5332 annno
910 5287 1014 5348 pretio,
1031 5285 1201 5349 quodannis
1216 5283 1339 5333 XXXV.
1356 5285 1552 5335 nnmernnw‘⁶.
1571 5286 1639 5334 Νον.
1656 5286 1716 5336 tet.
1739 5297 1796 5347 cup.
1818 5285 1857 5334 18.
1874 5280 1899 5333 εἰ
1914 5283 1942 5334 δέ
1963 5283 2007 5334 καί
2022 5284 2141 5348 πωλησαι
2158 5279 2235 5346 βού·

367 5347 488 5402 λοιτο“τύ
505 5353 629 5400 τοιοῦτον
644 5347 767 5414 ληγοίτον,
781 5347 815 5415 μῆ
835 5351 942 5400 ἐλαττον
957 5351 1059 5416 τίμημα
1075 5348 1214 5415 λαμβάνειν
1229 5353 1287 5411 τοῦ,
1305 5347 1366 5401 ὅσον
1383 5347 1449 5419 ὐπίρ
1466 5353 1514 5402 τοῦ
1530 5351 1653 5404 τοιουτου
1669 5349 1785 5434 ληγώτου
1802 5349 1847 5401 ἐπί
1856 5349 1899 5402 λε’.
1917 5348 2053 5408 ἐνιαινιοιλς
2068 5349 2235 5413 συνάγηται.

369 5421 441 5470 Unde
458 5420 631 5481 corrigendus
647 5421 691 5468 blo
709 5417 784 5468 locus
801 5420 851 5468 1ιοο
867 5420 960 5469 modo:
976 5415 993 5484 r)
1011 5416 1035 5468 ιε’
1050 5421 1169 5484 πωλῆσαι
1185 5417 1320 5481 βούλοιντο
1337 5415 1369 5468 τί
1385 5421 1507 5469 τοιοῦτον
1523 5418 1651 5486 ληγώτον,
1667 5439 1704 5484 μη
1720 5418 1855 5476 ἐλοίττσνος
1877 5420 1941 5479 τοῦ,
1965 5415 2030 5470 ι’ίοον
2051 5414 2088 5476 είς
2109 5415 2156 5468 λε’.
2176 5418 2235 5494 ἐτη

368 5501 394 5552 ἐκ
411 5505 457 5568 τῆς
472 5500 576 5566 ἐτησίας
592 5501 734 5566 καταβολῆς
751 5499 910 5566 συνάγηται,
927 5499 1040 5550 ἐκποιεῖν
1055 5497 1088 5550 τίν
1103 5503 1227 5551 τοιοῦτον
1241 5498 1362 5564 ληγότον.
1396 5501 1443 5563 at)
1460 5505 1500 5552 Ad
1522 5515 1605 5568 tnnrg.
1631 5498 1676 5558 ιζ’.
1698 5502 1758 5571 περί
1778 5503 1812 5550 τι·
1813 5519 1826 5558 ς
1848 5496 2012 5559 ὑποστάσεως
2033 5503 2085 5550 τοῖν
2109 5498 2236 5552 ineunda

363 5571 431 5638 t(leg.
449 5566 605 5627 ἐπισκόπων)
622 5569 665 5617 καί
682 5567 816 5634 διοικητῶν
831 5569 875 5618 καί
892 5566 1038 5628 σίισνόμονν.
1089 5567 1134 5630 88)
1151 5569 1283 5619 Febrotus
1299 5585 1337 5617 τε.
1392 5569 1441 5628 88)
1463 5571 1516 5621 Pro
1538 5567 1556 5636 ἢ
1580 5571 1672 5620 Codex
1694 5571 1792 5618 ltabet‘
1813 5603 1820 5618 .
1878 5567 1926 5633 et)
1952 5569 2043 5620 Codex
2068 5563 2236 5634 ἡττηθέντα

368 5639 447 5687 babet
463 5649 511 5698 pro
528 5647 599 5683 voce
616 5651 645 5682 κτ
664 5636 757 5684 θέντα.
791 5638 843 5687 Pro
860 5638 994 5702 κτηθέντα
1011 5638 1127 5684 (οιισεεο
1144 5649 1178 5685 ex
1195 5640 1234 5686 tn.
1257 5636 1282 5685 8.
1307 5641 1390 5698 parnt.
1416 5638 1441 5696 s.
1467 5641 1494 5687 8.
1519 5637 1698 5700 reponendum
1720 5635 1906 5702 ἐπικτηθέντα.
1964 5635 2012 5700 88)
2035 5635 2127 5686 Codex
2150 5633 2234 5686 edn'.

367 5705 499 5755 Fabroltts
516 5703 611 5751 omrcnt
627 5705 725 5758 αυτοῖς.
775 5704 820 5761 88)
837 5705 930 5756 Codex
948 5701 1005 5751 όσοι.
1056 5700 1102 5764 27)
1118 5703 1209 5753 Cndex
1226 5700 1395 5768 διοικὴσεοιν,
1414 5705 1493 5755 Febr.
1511 5703 1659 5771 διοικῆσισι.
1710 5704 1756 5765 28)
1777 5705 1830 5753 Pro
1854 5702 2007 5762 ἐπισκοπαίς
2027 5703 2120 5755 Codex
2143 5705 2239 5755 nabet

367 5757 459 5822 ἐπωῗ.
509 5767 555 5832 88)
571 5766 623 5818 Pro
640 5769 724 5820 verbo
739 5771 858 5837 τελευτῆς
874 5771 979 5818 videtur
996 5770 1094 5830 tegtsse
1109 5771 1217 5820 Leunoi.
1236 5770 1378 5836 διαθηκῶν.
1402 5775 1446 5822 sic
1461 5777 1549 5822 enim:
1574 5773 1840 5838 „occupandorum
1863 5772 1966 5821 tollente·
1996 5766 2233 5821 immunitum<

366 5837 413 5900 88)
430 5839 531 5888 Vocem
546 5837 624 5905 τριῶν
640 5835 729 5886 Codex
746 5839 838 5901 nabet,
853 5839 984 5889 Febrotus
1001 5840 1102 5886 omittit.
1136 5839 1273 5887 sedidem
1290 5839 1323 5888 ad
1340 5851 1422 5902 marg.
1441 5840 1493 5896 ..(σ.
1511 5837 1566 5890 δ’.·ι
1599 5840 1706 5890 beonet.
1728 5840 1796 5902 „nd
1812 5839 1943 5902 ηαανιυνιι
1960 5851 2044 5904 oeque
2058 5835 2233 5900 nranam‘fi

365 5907 433 5958 θον.
452 5903 511 5956 181,
528 5916 585 5968 cap.
603 5905 644 5954 18.
669 5901 714 5962 οὓς
729 5903 756 5963 ἐξ
771 5905 919 5956 αδιαθέτου
936 5902 1059 5953 δύνανται
1073 5905 1150 5973 μέχρι
1165 5901 1294 5971 σπόριον
1309 5907 1419 5967 βαθμοῦ
1435 5905 1613 5971 διαδέχεσθαι.
1647 5907 1701 5956 ties
1724 5919 1758 5954 ex
1780 5917 1815 5955 eo
1847 5905 1985 5956 indicendo
2001 5907 2118 5964 videtur,
2138 5904 2238 5956 σενέεα

365 5975 439 6043 μέχρι
456 5969 580 6041 τετάρτου
596 5973 704 6036 βαθμοῦ
720 5975 809 6023 coneo
824 5985 909 6036 ιιεηαε
924 5971 1107 6035 ademarium
1122 5971 1242 6032 pradum
1262 5973 1505 6040 πιθανώτατα
1526 5977 1606 6026 tertio
1620 5975 1713 6038 produ
1729 5965 1862 6037 διβαέίοέ
1895 5971 1985 6042 Μέχρι
2000 5972 2092 6040 τρίτου
2107 5974 2236 6035 βαθμοῦ

364 6041 461 6095 babent
481 6045 509 6091 et
523 6043 571 6090 ‘tta
588 6041 613 6090 θ.
636 6045 720 6104 parat.
738 6037 763 6107 S.
782 6041 808 6090 8.
860 6035 975 6104 8011το
990 6039 1102 6101 βσθμῦν
1118 6040 1196 6100 Febr.
1213 6039 1292 6090 hebet
1307 6041 1425 6103 βαθμοῦ.
1477 6041 1591 6104 88)’1Ὶι.
1611 6045 1636 6091 θ.
1660 6045 1744 6104 porat.
1769 6040 1795 6102 s.
1817 6041 1843 6089 o.
1867 6041 1965 6092 babent
1985 6041 2167 6110 παριγέτιασν
2191 6041 2237 6090 τε*

444 6100 450 6111 1
556 6099 559 6113 l
694 6105 696 6111 .

364 6109 407 6160 καί
423 6109 689 6172 νιιιτιελιριιλῐινίτυσσν.
