4824 7048
367 533 450 604 284
790 530 1055 605 NOVELLAE
1077 525 1419 599 IMPERATORUM
1441 527 1828 600 BYZANTINORUM.

366 724 543 811 τετραμῆνου
577 727 724 808 περίοδον,
764 720 816 788 τόν
847 721 923 788 κατύι
950 717 1065 804 καιρούς
1092 717 1280 803 βασιλεύοντα
1332 722 1430 794 quarti
1451 721 1597 794 cuiusque
1618 723 1729 801 mepsis
1748 724 1880 799 periodo,
1903 725 1953 797 qui
1975 729 2047 784 tono
2068 726 2247 804 regnabunt,

368 819 433 896 περὶ
453 819 510 876 reio
530 811 689 894 ὑπερορίων
716 807 937 892 ὑπομιμνήσκειν
963 812 1011 870 καί
1038 805 1188 887 ἀναφέρειν
1215 808 1280 884 περλ
1330 807 1523 880 imperatores
1544 809 1727 866 exulantium
1748 811 1917 884 admonere,
1939 811 2035 883 deque
2056 815 2095 871 iis
2115 815 2246 870 referre:

367 899 471 973 odonia,
491 896 531 972 ὥς
548 895 584 959 όν
605 899 631 958 εί
651 896 702 976 μὲν
723 893 885 975 ἀρκούντως
906 890 981 966 δόξει
1001 891 1278 970 τιτιμωρῆσθοιιλλ)
1329 896 1362 949 ut
1385 894 1411 948 si
1434 893 1588 949 salisiani
1611 895 1697 950 homo
1720 896 1840 966 punitos
1863 913 1933 952 esse
1962 898 2047 952 visus
2070 885 2179 972 ¹inerit,
2209 900 2248 954 ab

367 977 580 1063 ὁόνθρωπος,
614 987 665 1061 τῆς
685 979 839 1059 ὑπερορίας
860 978 1046 1056 ἀνακληθείς,
1075 973 1171 1038 ούιαδε
1191 971 1278 1038 πόλιν
1330 978 1421 1033 exilio
1443 983 1612 1050 revocatus,
1635 979 1751 1035 domum
1769 981 1886 1051 redeat;
1909 981 1955 1036 ain
1978 997 2050 1038 vero
2073 984 2162 1039 etiem
2184 983 2248 1038 aii-

366 1069 508 1150 όφῖγθαι·
545 1073 572 1129 sl
588 1071 620 1128 δέ
645 1089 672 1127 τι
693 1069 779 1126 ένδιῖν
799 1059 873 1143 πρὸς
892 1061 1010 1124 κόλασιν
1036 1054 1117 1134 ύξιος
1144 1063 1278 1138 κρίνεται,
1328 1062 1398 1133 quid
1420 1061 1527 1118 deesse
1549 1063 1699 1120 videbitur
1719 1065 1755 1119 ad
1778 1081 1902 1136 poenam
1923 1067 2143 1138 complendam,
2172 1083 2244 1126 rur·

366 1151 443 1235 πρός
463 1148 497 1214 τό
520 1155 621 1214 δοκοῦν
641 1153 744 1228 μέτρον
772 1153 812 1224 τῷ
832 1142 1009 1228 βασιλεύοντι
1030 1138 1120 1219 αύθις
1141 1149 1217 1223 έαθῆ
1239 1166 1277 1206 τι·
1329 1163 1382 1202 sus
1409 1152 1526 1203 maneat
1553 1147 1582 1202 in
1611 1165 1705 1220 poena
1739 1148 1775 1204 ad
1806 1165 1971 1206 mensuram
2001 1154 2067 1226 regi
2097 1153 2247 1224 placitam.

367 1234 557 1319 μωρούμενος.
584 1235 648 1298 odoi
676 1233 730 1315 γὰρ
759 1230 792 1294 τύ
815 1229 890 1312 πρὸς
916 1229 999 1304 ἀξίαν
1020 1237 1071 1311 τῆς
1089 1235 1147 1290 τιλν
1167 1237 1277 1310 μοχθη-
1329 1233 1435 1302 Neque
1472 1231 1549 1287 euim
1587 1232 1707 1306 dignam
1742 1249 1898 1305 pravorum
1943 1252 2064 1308 poenam
2100 1237 2247 1294 sublaturi

368 1327 491 1403 ροτίρων
517 1317 662 1391 κολάσεως
691 1313 910 1398 ἀφαιρούμενοι,
941 1311 993 1396 τὴν
1014 1317 1191 1393 νομοθεσίαν
1211 1311 1278 1375 ταύ-
1329 1317 1407 1373 hano
1429 1317 1668 1373 constitutionem
1691 1319 1868 1392 inducimus,
1891 1321 1942 1376 sed
1965 1321 2054 1376 simul
2083 1327 2113 1376 et
2135 1337 2247 1378 suece-

366 1432 417 1489 την
439 1409 612 1486 είσφέρομευ,
635 1402 703 1465 ἀλλ’
726 1408 753 1462 έν
774 1400 870 1476 ταύτῷ
891 1402 938 1461 καλ
960 1405 1012 1480 τῆς
1031 1407 1089 1461 τῷν
1109 1396 1182 1478 μεθ’
1202 1395 1278 1479 ἡμᾶς
1330 1400 1462 1457 dentium
1491 1402 1576 1458 nobis
1605 1404 1813 1473 imperatorum
1842 1405 1933 1460 eaioti
1961 1407 2178 1478 prospieientes
2210 1409 2246 1466 et

367 1495 505 1574 βασιλίσιν
528 1491 669 1569 σωτηρίας
690 1489 895 1566 φροντίζοντες,
916 1488 964 1546 καλ
987 1497 1046 1556 τοῖς
1067 1482 1180 1554 ἀθλίως
1202 1481 1278 1564 ἔχου·
1329 1487 1449 1542 miseria
1480 1491 1584 1542 eontra
1618 1488 1795 1545 oblivionem
1824 1490 2000 1547 adhibentes
2029 1492 2180 1548 auxilium.
2201 1521 2246 1534 -

368 1601 414 1650 σι,
452 1573 501 1652 τὴν
535 1569 594 1636 rino*
632 1579 682 1650 τῆς
715 1567 810 1650 λόθης
841 1575 1057 1650 περιτρέποντες
1088 1562 1206 1648 όμυναν.
1241 1601 1278 1614 —
1331 1569 1529 1646 (Epiiopus.)
1553 1573 1634 1628 Haeo
1655 1572 1748 1645 igitur
1769 1573 1904 1630 studiose
1933 1575 2019 1632 nobis
2041 1577 2190 1633 elaborata
2212 1582 2243 1632 et

368 1660 557 1742 [Epilogus]
597 1662 694 1720 Ταῦτα
714 1677 764 1716 ουν
785 1653 851 1734 ἡμῖν
872 1658 1045 1736 έμμερίμνως
1066 1652 1280 1733 ἡκρίβωταικαλ
1331 1657 1494 1712 constituta
1514 1661 1591 1712 sunt.
1635 1658 1736 1729 Atque
1757 1659 1833 1716 haee
1853 1663 1972 1716 nostrae
1994 1661 2115 1732 pietatis
2138 1662 2174 1717 de
2195 1661 2244 1716 his

366 1743 534 1808 τετόπωται.
562 1744 609 1803 καλ
631 1739 648 1820 ἡ
670 1742 715 1800 dni
736 1735 849 1812 τούτοις
869 1745 943 1802 πᾶσι
964 1744 1015 1818 τῆς
1036 1735 1180 1817 εὐσεβείας
1199 1735 1280 1817 ἡμῶν
1331 1741 1467 1798 omnibus
1497 1743 1672 1798 constitutio
1702 1747 1838 1814 tanquam
1874 1750 2030 1817 aoeeptuor
2065 1745 2246 1804 sacrificium

366 1825 539 1910 διαταγὴολς
554 1823 635 1904 δεκτῆ
654 1829 747 1885 θυσία
767 1827 814 1884 καλ
832 1825 1004 1904 καλλιέρημα
1022 1828 1063 1898 τῷ
1087 1822 1149 1899 Θεῷ
1176 1844 1280 1900 προσι-
1332 1828 1362 1881 et
1383 1827 1514 1882 faustum
1537 1841 1621 1884 omen
1644 1829 1707 1884 Deo
1736 1828 1835 1884 oblata
1862 1834 1919 1884 est.
1961 1831 2044 1898 Quae
2071 1837 2105 1887 nt
2136 1833 2246 1888 obaer-

367 1911 514 1995 νὴνεκται·
542 1907 665 1991 φυλάξαι
694 1909 832 1970 δὲταῦτα
853 1911 900 1970 καλ
922 1921 982 1979 τοῖς
1001 1905 1077 1988 μεθ’
1101 1905 1176 1987 ἡμᾶς
1196 1905 1280 1967 αὑτο·
1330 1913 1418 1966 vetur
1439 1911 1529 1966 etiam
1558 1927 1576 1966 a
1603 1913 1832 1969 suecessoribus
1855 1913 1982 1988 nostris,
2011 1917 2096 1972 nobis
2126 1917 2246 1987 quidem

366 1995 527 2080 κρότορσιν,
557 1995 623 2075 ἡμῖν
645 1993 695 2074 μὲν
717 1993 846 2056 εύκταῖον
872 1995 920 2053 καὶ
941 1989 1200 2072 περισπούδαστον.
1244 1995 1284 2052 El
1330 1995 1489 2066 optandum
1512 2000 1543 2050 et
1564 1997 1651 2050 valde
1674 1997 1872 2068 expetendum
1901 2002 1957 2054 est.
1999 2001 2053 2058 Sin
2082 2017 2154 2057 vero
2184 2001 2246 2057 iliis

367 2080 457 2163 δὲμὴ
478 2082 699 2154 δοκιΐέκείυοις,
735 2083 777 2154 τῷ
797 2082 1045 2159 περιφρονουμέυῳ
1071 2077 1136 2152 Θεῷ
1161 2081 1213 2155 τῆς
1234 2076 1279 2136 έπλ
1329 2080 1452 2135 nonita
1474 2080 1631 2151 videbitur,
1653 2084 1735 2138 Deus
1757 2087 1945 2154 contemptus
1967 2085 2119 2141 vindictae
2142 2102 2243 2142 ouraro

312 2206 317 2216 „
366 2164 476 2239 τούτοις
506 2159 669 2243 ἐκδικήσεως
695 2159 827 2244 μελῆσει·
869 2155 909 2224 οὑν
931 2161 1066 2236 ἕκαστος,
1099 2160 1145 2223 ι”να
1171 2155 1211 2241 μὴ
1231 2157 1278 2240 ἔχη
1329 2163 1457 2221 habebit.
1505 2165 1633 2234 Quorum
1661 2167 1806 2238 quisque,
1842 2184 1881 2224 ne
1903 2170 2067 2243 confugere
2089 2172 2188 2242 possit
2209 2171 2244 2226 ad

365 2246 551 2332 καταφεύγειν
579 2254 617 2322 εἰς
645 2247 801 2328 ἀπολογίαν
828 2241 903 2318 ὅλως
935 2243 1125 2326 εὐπρόσωπον
1152 2244 1199 2306 διὰ
1225 2249 1278 2305 τοῦ
1329 2248 1552 2306 exeusationem
1576 2250 1662 2306 valde
1684 2253 1866 2324 speciosam,
1893 2267 1947 2324 per
1966 2255 2189 2311 sanctissimum
2216 2261 2245 2312 et

365 2332 527 2419 ἁγιωτάτων
554 2335 601 2396 καλ
638 2337 825 2414 οέκουμεοικοῦ
855 2328 1044 2414 Πατριύρχου
1078 2327 1129 2410 ἐφ’
1165 2324 1277 2404 έκόστῷ
1327 2334 1549 2391 oecumenicum
1571 2336 1771 2392 Patriarebam
1792 2338 2029 2409 uniuscuiusque
2051 2340 2157 2397 borum
2179 2340 2245 2396 edi-

365 2423 512 2501 κιφαλαίῳ
539 2423 597 2480 τῶν
622 2421 689 2498 τῇδε
716 2421 948 2497 τεθεσπιομέυων
972 2410 1204 2496 ύπομνησύσεται
1230 2415 1278 2474 καλ
1328 2421 1440 2475 etorom
1464 2419 1572 2490 eapitis
1595 2420 1811 2494 admonebitur,
1840 2437 1893 2490 ao,
1925 2425 2050 2484 ¹forsitan
2075 2427 2241 2482 obstinatus

364 2505 490 2584 ἀπειθὴς
519 2499 717 2584 εὑρισκόμενος
752 2501 831 2576 ἴσως,
865 2503 952 2580 κρίμα
985 2505 1077 2576 έαυτῷ
1103 2501 1278 2580 θησαυρίσει
1328 2509 1473 2575 repertus,
1493 2503 1542 2560 die
1563 2504 1667 2562 iodieii
1696 2505 1790 2564 divini
1818 2507 2067 2565 detestationibus
2095 2509 2146 2566 bie
2175 2525 2243 2582 per-

363 2599 394 2658 έν
415 2589 506 2672 ἡμέρα
528 2587 689 2670 ολποτομίας
715 2587 800 2660 Θεοῦ,
837 2589 884 2646 καὶ
905 2597 968 2656 ταῖς
988 2589 1192 2666 γεγραμμέναις
1212 2585 1278 2661 τῆδι
1329 2588 1450 2658 seriptis
1479 2588 1625 2646 obnoxius
1653 2591 1728 2662 erit;
1765 2607 1853 2662 quum
1882 2593 1947 2664 ipse
1974 2595 2183 2651 sanctissimus
2212 2601 2241 2652 et

364 2677 449 2757 ἀραῖς
464 2665 1279 2749 ὑποκείσεταικοιλαύτοῦτούόγιωτότουκαλοίκουμινικοῠ
1330 2673 1538 2731 οοοιιιιιοιιλοιιε
1567 2675 1741 2731 Patriareba
1771 2679 1941 2734 necessario
1964 2679 2045 2734 seire
2067 2679 2183 2754 debeat,
2210 2679 2239 2736 si

363 2754 543 2842 πατριάρχου
556 2757 586 2832 έξ
598 2754 719 2838 ἀνάγκης
731 2753 826 2836 πόσης
841 2758 941 2816 εέδέναι
951 2752 1117 2834 ὀφείλοντος
1129 2752 1180 2828 τός,
1189 2757 1279 2814 εέτῷν
1330 2756 1433 2814 borum
1455 2757 1629 2829 placitorum
1651 2765 1817 2818 nostrorum
1847 2763 1958 2818 iniuria
1979 2767 2161 2834 contemptor
2180 2764 2234 2820 de-

362 2845 429 2927 ἡμῑν
445 2847 613 2922 δεδογμένων
621 2847 751 2904 ἐνταῦθα
761 2835 968 2922 περιφρονητης
981 2837 1032 2900 ούιι
1044 2842 1157 2912 ἐνδίκως
1168 2840 1279 2918 φανείη,
1329 2843 1539 2916 prehendatur,
1561 2849 1591 2900 et
1612 2845 1743 2914 qualibet
1770 2847 1884 2902 ratione
1906 2848 2061 2904 veritatem
2085 2864 2143 2904 oon
2162 2849 2236 2904 iibe-

362 2932 410 2992 κοιλ
431 2926 507 2990 καθ’
536 2923 693 3008 οιόνδητινα
714 2921 798 3006 λύγον
817 2929 857 3004 μῆ
885 2919 1116 3004 παρρησιύσητοιι
1137 2927 1189 3003 την
1210 2921 1279 3001 ολλὴ-
1329 2941 1363 2983 re
1384 2927 1566 2999 profiteatur,
1589 2945 1644 2986 neo
1666 2931 1823 2988 Caesarem
1845 2937 1916 2988 tuoe
1937 2937 2112 3006 regnante·
2135 2933 2239 3008 eogoi·

363 3023 464 3086 θειαι,
496 3015 543 3074 καλ
571 3009 622 3074 τόν
649 3009 725 3073 κατὰ
749 3007 865 3091 καιρούς
886 3005 1087 3088 αύτοιιροὶτορα
1116 3012 1145 3069 έν
1176 3003 1280 3087 εέδὴσει
1329 3012 1410 3068 tione
1432 3013 1659 3070 constitutorum
1681 3015 1844 3088 impertiat,
1868 3019 2153 3088 neo,=pueotuorvis
2176 3025 2243 3090 pot·

364 3105 422 3163 τῷν
443 3101 631 3179 διωρισμένων
652 3092 816 3172 ποιῆσεται,
844 3097 891 3156 καλ
912 3091 987 3154 καθ’
1010 3085 1082 3154 ὅσον
1108 3097 1205 3154 σθένει
1226 3097 1278 3154 τοῦ
1330 3101 1386 3168 est,
1407 3097 1496 3171 gregi
1518 3113 1573 3154 suo
1594 3105 1772 3172 propugnet,
1794 3116 1829 3156 se
1851 3104 1914 3157 Deo
1936 3103 2078 3158 rationem
2108 3103 2246 3160 reddito·

365 3186 497 3264 ποιμνίου
523 3181 783 3262 ὑπιραγωνίσεται,
816 3175 905 3251 αὑτὸς
925 3183 967 3254 τῷ
994 3176 1060 3254 Θεῷ
1089 3173 1156 3250 τούς
1177 3173 1280 3256 λόγους
1329 3196 1392 3238 rum
1416 3197 1500 3254 asse,
1527 3183 1603 3253 quod
1626 3184 1826 3242 conductitius
1848 3201 1901 3257 pro
1932 3191 2052 3256 pastore
2079 3188 2244 3255 iuvenitur,

362 3267 472 3348 ὑφέξει,
505 3262 658 3348 μισθωτός
686 3265 748 3326 rinei
775 3283 906 3343 ποιμένος
934 3257 1118 3341 φαινόμενος,
1157 3264 1203 3322 κοιλ
1234 3265 1280 3323 ἐπί
1329 3271 1359 3324 et
1388 3267 1417 3322 io
1440 3266 1601 3338 perniciem
1623 3283 1697 3324 suae
1718 3270 1835 3326 enimse
1857 3271 1995 3326 tradituro
2018 3273 2084 3340 sibi,
2115 3287 2245 3348 gregem

363 3358 478 3434 κρίματι
499 3359 551 3432 τῆς
572 3353 644 3423 ἰδίας
664 3356 759 3431 ψυχῆς
780 3346 831 3429 την
852 3353 1094 3428 ἐμπιστευθεῖσαν
1115 3345 1195 3423 αύτῷ
1217 3350 1279 3409 ποί·
1329 3351 1416 3408 malis
1445 3352 1612 3409 bominibus
1639 3357 1777 3424 tauquam
1800 3355 1906 3411 bestiis
1935 3356 2136 3412 devorandum
2163 3358 2247 3415 obii-

362 3461 433 3518 μυην
454 3439 614 3514 καθαπερεί
637 3438 750 3516 θηρίοις
773 3447 831 3506 τοῖς
851 3439 1014 3514 μοχθηροῖς
1036 3437 1076 3504 είς
1096 3429 1188 3512 βορόν
1208 3453 1277 3511 προ-
1329 3437 1378 3492 eit
1427 3439 1588 3508 Propterea
1619 3439 1695 3494 enirn
1722 3440 1811 3496 etiam
1848 3456 1990 3512 praesens
2022 3441 2100 3498 haee
2133 3459 2248 3500 aureae

361 3525 517 3601 τιθέμενος.
560 3517 618 3582 Διά
639 3519 692 3599 γὰρ
714 3523 799 3581 τούτο
826 3521 873 3579 καλ
900 3514 916 3579 ό
945 3515 1046 3597 παρόν
1066 3513 1277 3598 γρυσόβουλλος
1328 3519 1426 3576 bullae
1447 3521 1619 3578 constitutio
1641 3525 1792 3594 proposita
1815 3531 1871 3598 est,
1894 3527 1975 3582 taeta
1997 3542 2099 3583 mense
2114 3529 2248 3584 Decem-

363 3605 479 3686 ἐξετέθη
501 3601 613 3684 λόγος,
633 3607 808 3685 γεγενημένος
832 3598 907 3664 κατὰ
935 3597 987 3663 τόν
1007 3605 1179 3682 Δεκέμβριον
1199 3607 1277 3682 μῆνα
1329 3605 1386 3678 bri,
1407 3608 1459 3664 111
1482 3607 1654 3664 indictionis
1675 3607 2029 3686 annemundum),
2058 3611 2090 3668 in
2114 3627 2175 3684 quo
2198 3619 2248 3670 et-

362 3697 413 3770 τῆς
442 3687 474 3772 γ’.
501 3687 685 3760 Ἰνδικτιῷνος
713 3695 741 3750 έν
762 3687 816 3750 ἔτει
848 3693 890 3764 τῷ
921 3682 1029 3769 ,ςφπη’.
1058 3692 1087 3747 έν
1113 3678 1137 3764 pi
1165 3689 1212 3748 κοιλ
1242 3681 1276 3748 τό
1329 3690 1387 3747 iam
1409 3691 1458 3762 pia
1479 3697 1579 3747 nostra
1600 3707 1636 3747 ao
1652 3695 1715 3749 Deo
1736 3694 1873 3752 subiecta
1893 3699 2025 3767 potestas
2047 3698 2246 3772 subscripsit:

361 3771 496 3856 ἡμέτερον
524 3773 635 3854 ιὺσιβλς
661 3776 708 3834 καλ
737 3768 957 3853 θεοπρόβλητυν
983 3765 1183 3851 ὑπισημὴνοιτο
1210 3766 1278 3850 κρό·
1329 3775 1537 3848 ‚nicephorus
1558 3777 1735 3834 Botaniatea
1761 3779 1792 3835 λιι
1824 3780 1943 3838 Christo
1965 3783 2028 3840 Deo
2058 3782 2161 3840 ridelis
2182 3785 2250 3842 Rex

361 3879 417 3932 τος.
440 3861 504 3938 „N
509 3854 691 3940 ικηφόρος
717 3862 745 3918 έν
768 3861 890 3936 Χριστῷ
912 3859 954 3932 τῷ
987 3855 1052 3932 Θεῷ
1073 3856 1176 3930 πιστὸς
1195 3859 1277 3936 βασι·
1328 3864 1360 3918 et
1379 3862 1543 3933 loperaror
1564 3863 1791 3922 Romanorum.“

361 3941 425 4016 λεὺς
446 3947 494 4006 καλ
514 3941 701 4026 αύτοκρολτωρ
726 3940 871 4020 Ῥωμαίων
892 3939 909 4004 o‘
936 3936 1224 4021 Βοτανιιολτηςέ*
1690 3967 1692 3970 ·

761 4179 867 4288 υιι.
1731 4217 1835 4294 vu.

359 4397 480 4482 Νεαρολ
493 4401 553 4464 τοὺ
568 4400 738 4475 Βασιλέως
755 4403 870 4482 κυρίου
888 4393 1069 4477 Ἀλεξίου
1083 4397 1142 4464 τοῦ
1157 4396 1200 4465 Κ
1204 4423 1222 4465 ο
1228 4423 1273 4482 μ-
1322 4395 1469 4466 Novello
1483 4399 1704 4486 Imperatoris
1718 4401 1844 4470 domini
1857 4405 2011 4473 Alexio
2034 4405 2252 4484 comneno,

401 4485 600 4568 porpvor‘r1),
629 4487 703 4550 λίαν
724 4481 895 4586 ὠφέλιμος,
928 4485 998 4567 περὶ
1008 4489 1036 4565 ²)
1058 4485 1122 4548 τῷν
1143 4489 1271 4569 συντρί-
1364 4485 1463 4550 υυίιίσ
1475 4487 1576 4574 utilio,
1592 4488 1633 4552 de
1649 4490 1702 4573 iio,
1717 4491 1776 4574 qui
1786 4489 2005 4557 adversarios
2021 4511 2254 4560 suoeeeaeore

399 4569 469 4652 βειυ
490 4567 566 4645 τούς
591 4571 715 4636 ἑαυτῶν
743 4569 926 4644 αυτιδίκους
953 4575 1202 4650 μηχανωμένων,
1225 4571 1272 4654 τῷ
1365 4569 1531 4658 υοίνιιίασ,
1572 4572 1769 4638 desiderant
1800 4577 1839 4638 υί
1873 4578 1945 4660 ipae
1980 4575 2180 4661 Imperator·
2208 4579 2253 4644 de

399 4654 586 4736 βούλεσθαι
608 4656 712 4732 δῆθεν
738 4655 896 4736 κριθῆναι
924 4656 981 4717 καὶ
1010 4654 1192 4734 τιμηθῆναι
1214 4652 1273 4734 τῆν
1366 4658 1598 4721 controversia
1626 4675 1741 4722 eorum
1771 4663 1952 4744 copnoeent
1978 4681 2120 4748 caroque
2159 4664 2249 4730 deci·

400 4735 561 4804 ὑνιόθεσιυ
589 4737 679 4824 παρὰ
713 4739 879 4823 βασιλέως.
909 4734 1159 4818 [Ἀπολυθεῖσα
1185 4761 1274 4804 κατα
1365 4740 1433 4804 dot.
1458 4738 1662 4889 &Eoulpoia
1676 4760 1788 4808 urenae
1808 4743 1907 4810 Maio
1921 4743 2113 4814 indictione
2132 4751 2248 4814 ίενίία.

398 4824 485 4904 μῆνα
506 4820 632 4902 Μόλον,
654 4822 862 4906 ἐπιτιμήσεως
880 4817 1051 4910 τρίτηςῧγ]
1373 4821 1454 4890 109
1481 4821 1509 4912 J

440 4996 678 5076 [Prooemium]
722 4991 814 5076 Παρὺι
843 4995 958 5056 πολλῶν
984 4989 1189 5074 ύχληθεῖσαῆ
1222 4995 1275 5075 βα·
1411 4993 1666 5077 (Prooemium.)
1710 5003 1739 5060 Α
1767 5003 1867 5060 multis
1896 5011 2070 5082 oppugnata
2098 5009 2259 5082 comperii

356 5084 447 5144 σιλεία
466 5105 523 5182 μου
545 5079 703 5155 ολνέμαθεν,
731 5079 771 5153 οἱς
791 5084 819 5178 pi
844 5081 957 5151 πλείους
983 5085 1044 5184 τῷν,
1061 5081 1214 5157 ἑλκομένων
1234 5085 1274 5151 είς
1324 5078 1466 5180 maiestas
1487 5099 1569 5159 mea,
1592 5085 1749 5159 plerosque
1771 5103 1886 5161 eorum,
1907 5091 1959 5162 qui
1980 5091 2010 5148 in
2032 5092 2152 5152 iudicio
2177 5111 2260 5154 eoo-

354 5170 537 5248 δικαστηρια,
572 5167 729 5246 συντρίβειν
756 5163 857 5245 τουςλ)
891 5167 999 5226 ίαιτολν
1026 5165 1183 5237 αντιδίκους
1207 5166 1273 5246 βου·
1324 5173 1494 5243 veniuntur,
1515 5185 1629 5228 omnem
1650 5172 1826 5230 industriam
1840 5175 1872 5232 iu
1889 5190 1925 5232 eo
1952 5181 2108 5253 ponentes,
2133 5185 2174 5238 ut
2198 5181 2261 5238 ad-

362 5300 733 5318 --——-—--—-

504 5404 555 5462 22)
573 5399 655 5453 codd.
673 5418 767 5462 τιτιμσι
784 5404 885 5452 obodae.

503 5472 534 5529 1)
551 5473 670 5534 Uterque
687 5419 784 5532 eodexe,
803 5478 856 5520 ιιιιιι
873 5470 1036 5520 parisiensis
1053 5482 1132 5534 quam
1150 5471 1341 5522 dienerinnen:
1371 5464 1467 5541 Ἑτέρα
1482 5473 1533 5523 τοῦ
1549 5469 1643 5536 αὑτοῦ,
1667 5489 1744 5539 qnae,
1762 5489 1841 5539 quom
1858 5476 1892 5527 ad
1909 5478 2044 5529 Manneiis
2069 5485 2264 5536 assumun-

353 5547 414 5587 nem
432 5537 465 5586 de
481 5539 619 5588 homicidis
635 5539 699 5597 (No.
717 5539 779 5596 lx.)
795 5552 826 5589 se
846 5539 974 5600 referant,
999 5551 1052 5589 ooo
1070 5541 1213 5602 Alexione,
1229 5541 1277 5590 sed
1295 5541 1445 5589 manuelem
1463 5541 1586 5590 novellae
1603 5549 1712 5593 nostroe
1729 5553 1869 5595 erratorem
1885 5546 1998 5597 iaciunt.
2033 5547 2145 5602 nonen
2164 5551 2265 5616 inpe-

353 5607 468 5667 ratoris,
494 5608 562 5668 quod
579 5609 608 5655 in
628 5611 702 5656 texto
723 5607 896 5670 exhibemus,
922 5607 1103 5669 suppeditavit
1125 5608 1275 5658 Βπίιιτνιιοκ
1296 5607 1330 5657 nd
1348 5607 1468 5666 [Pbotiil
1499 5609 1644 5659 Nomooan.
1664 5613 1711 5661 ix.
1731 5613 1754 5662 1.
1773 5613 1822 5662 lid.
1840 5615 1930 5663 voeli.
1946 5613 1980 5665 11.
1999 5615 2058 5666 noi.
2152 5621 2189 5680 8)
2205 5624 2265 5670 se-
2320 5642 2325 5654 ·

350 5678 468 5736 quantia,
485 5686 553 5736 ηιιιιο
568 5679 754 5738 argrrmeotom
772 5677 973 5744 oopstiurtioois
991 5677 1118 5734 indicant,
1135 5677 1163 5724 io
1177 5676 1238 5725 solo
1255 5678 1414 5726 iiieoeriaoo
1432 5675 1525 5726 codiee
1544 5678 1677 5740 leguntur.
1695 5679 1902 5741 inscriptionem
1919 5695 1988 5746 quae
2002 5683 2104 5748 legitor
2125 5687 2162 5738 λιι
2177 5693 2265 5740 ιλιι-

351 5755 401 5804 que
419 5741 581 5792 eoiie'otiono
598 5745 667 5792 iuris
685 5746 825 5793 orientalis
841 5747 900 5793 sive
916 5745 1123 5806 graecoromnoi
1145 5741 1231 5813 (Περὶ
1247 5743 1371 5794 δικαστοῦ
1388 5739 1427 5794 δι’
1445 5739 1605 5812 ἀντιγραφῆς
1628 5749 1804 5810 ιιιλυθέκτος,
1821 5744 1870 5815 τὴν
1887 5747 1932 5800 in·
1951 5747 2023 5815 ούτηλ
2041 5759 2264 5820 καταπεμφθεῖ-

350 5825 398 5860 σαν
418 5809 490 5875 δίκην
512 5805 663 5873 γυμνάζειν)
687 5814 746 5875 ipae
763 5811 915 5864 Boneddios
932 5811 1064 5862 ooodasse
1081 5809 1197 5862 viderur.
1271 5813 1302 5873 θ)
1319 5813 1394 5863 liaeo
1419 5811 1567 5864 addidimus
1585 5824 1619 5864 ex
1641 5816 1807 5868 Βκλειιιιιοιισ.
1879 5819 1912 5878 4)
1929 5815 2012 5870 codd.
2028 5821 2090 5870 νῦν.
