4784 7068
771 549 1410 623 nouiosoiiurir.
1452 553 1496 622 X.
1957 557 2030 626 161

269 745 348 823 Οσης
368 738 404 805 άν
425 737 467 824 εἴη
487 737 647 824 ποσότητος
667 739 684 824 ή
706 735 765 822 πρὸ
791 738 883 826 γάμου
912 738 1019 824 δωρεά,
1046 737 1086 826 μή
1215 743 1425 818 Cuiuscunque
1446 744 1618 817 quantitatis
1640 749 1686 802 est
1706 751 1774 804 ante
1795 747 1915 822 nuptias
1936 749 2033 808 doua-

187 833 291 892 drrcilo
317 825 532 908 ὑπομνημάτων.
574 826 796 908 opprimenti),
832 823 877 890 ὅτι
905 826 991 890 ίδικάν
1011 834 1086 890 ἐστιν
1127 827 1181 904 110,
1203 837 1353 905 gestorum
1375 829 1595 904 (corrieotione)
1617 847 1654 888 ne
1675 831 1816 905 indigeto.
1849 835 1938 902 Nota,
1959 853 2032 906 spe-

187 911 368 992 συνάλλαγμιτ
396 911 414 992 ή
442 909 498 994 πρὸ
526 907 616 992 γάμου
644 907 743 992 δωρεά.
798 907 998 993 obcecati)
1036 912 1087 996 τήν
1127 917 1231 972 cialem
1269 931 1335 972 esse
1369 920 1548 972 contractum
1581 922 1649 972 ante
1689 917 1808 987 nuptias
1839 918 2034 976 donationem.

187 995 291 1080 ,pfltop
306 1005 357 1060 τοῦ
369 999 464 1060 τίτλον
477 991 547 1058 διάτ.
570 999 656 1076 ε’κεένη
670 993 723 1078 γάρ
737 991 867 1079 βούλεται
879 999 1086 1080 ἐμφανίζεσθαι
1126 1001 1210 1075 Lege
1239 998 1289 1055 16.
1318 999 1440 1076 (buius)
1468 1001 1547 1056 tituli
1576 994 1822 1058 constitutionem.
1870 1003 1926 1058 iila
1955 1005 2033 1060 enim

184 1079 234 1154 τάς
253 1077 308 1161 πρὸ
331 1077 421 1163 γάμου
443 1077 559 1161 δωρεάς,
579 1089 787 1160 καινουομοῦσα
806 1079 857 1162 τήν
871 1087 1021 1166 παροῦσαν
1029 1081 1085 1159 ⁴⁷).
1128 1087 1209 1158 vult,
1241 1089 1309 1140 ante
1335 1086 1453 1156 nuptias
1474 1075 1646 1142 donationds
1666 1085 1827 1158 insinuari,
1849 1093 2033 1158 praesentem

185 1165 370 1244 ὁδυνάμενος
396 1167 585 1227 διατίθεσθαι
613 1171 672 1239 νέος
694 1164 893 1248 atrectare-⁴⁸)
921 1163 970 1239 οὓς
990 1164 1085 1248 erite
1129 1168 1401 1244 (constitutionem)
1427 1169 1580 1226 innovans.
1620 1169 1735 1242 Minor,
1764 1171 1815 1241 qui
1836 1171 1939 1228 testari
1961 1177 2031 1244 put·

182 1271 230 1313 ται
249 1250 405 1328 castronio
428 1256 456 1311 έν
477 1256 511 1329 πή
532 1253 588 1326 ἰδίη
610 1250 653 1327 (v.
674 1251 744 1326 ίδίη)
766 1247 896 1332 διαθήκη.
939 1248 954 1314 ὁ
977 1257 1005 1314 έν
1026 1255 1084 1313 δευ-
1128 1260 1182 1326 est,
1205 1269 1277 1326 ques
1299 1253 1362 1310 vult
1383 1269 1501 1322 servos,
1522 1254 1553 1310 iu
1574 1269 1629 1308 suo
1651 1258 1823 1312 testamento
1845 1257 2031 1314 manumittit.

182 1337 303 1416 τέρφόθ)
326 1337 489 1414 συμβολαίῳ
510 1335 758 1414 προμνηοθελςῦῑ)
781 1333 815 1397 οὐ
836 1333 991 1417 saepem)
1013 1333 1084 1416 πρό·
1127 1339 1173 1408 is,
1204 1333 1253 1410 qui
1275 1338 1455 1394 insecundo
1481 1339 1672 1394 instrumento
1694 1339 1779 1408 primi
1806 1341 1880 1396 iecit
1901 1341 2030 1397 mentio-

183 1443 268 1499 κριμα
291 1422 355 1500 περὶ
382 1416 433 1500 τήν
454 1414 659 1496 ἀλήθειαν-13).
698 1417 884 1500 fruticavit)
907 1423 1082 1502 παρακολον-
1127 1438 1202 1494 nem,
1231 1423 1267 1478 de
1288 1424 1415 1479 veritate
1437 1437 1494 1478 non
1515 1423 1624 1494 patitur
1644 1423 1866 1494 praeiudicium.
1907 1425 2028 1498 Appel-

182 1500 328 1584 θηοάσης.
358 1499 404 1566 ἐάν
431 1508 459 1564 έν
483 1507 519 1579 τῇ
546 1505 747 1581 retractati)
771 1508 963 1588 έμπροθέσμῳ
991 1501 1082 1566 έκάτε·
1125 1507 1235 1563 latione
1263 1513 1378 1576 secuta,
1414 1507 1441 1562 si
1470 1508 1501 1564 in
1529 1507 1631 1562 ultima
1658 1506 1706 1562 die
1727 1508 1812 1563 iatali
1834 1515 1956 1580 uterque
1977 1515 2030 1566 aut

182 1611 230 1670 ρος
243 1589 289 1669 ³⁶)
320 1583 337 1666 ἢ
365 1584 490 1669 θάτερος
504 1587 552 1666 ⁵⁷)
580 1593 636 1648 τῶν
671 1590 853 1668 δικαζομένων
882 1592 1019 1670 ἐμηανίση
1035 1588 1080 1664 ⁵⁸)
1126 1592 1265 1647 alteruter
1279 1607 1318 1648 ex
1338 1591 1523 1666 iitigantibus
1543 1591 1634 1646 iudici
1654 1591 1858 1662 appellationis
1879 1609 1912 1649 se
1934 1595 2030 1666 ipsum

181 1670 279 1734 duero-r
306 1677 347 1746 τῷ
375 1676 492 1749 δικαστῇ
514 1669 702 1752 ruotperto)
731 1669 829 1754 ήτοῑς
851 1677 991 1753 συνέδροις
1009 1671 1014 1754 Ι
1035 1675 1080 1751 ⁶⁰)
1125 1677 1373 1750 manifestaverit,
1402 1681 1453 1732 aut
1474 1676 1693 1748 assessoribus,
1726 1683 1777 1733 aut
1805 1677 1849 1750 ei,
1878 1677 1927 1748 qui
1948 1679 2030 1736 litem

182 1755 275 1837 [p']⁶¹)
304 1761 345 1833 τῷ
366 1755 564 1837 ειόαγωγεῖθῗ)
586 1762 637 1836 τῆς
664 1761 740 1838 δίκης
766 1761 811 1818 καλ
838 1757 1023 1840 despaleneo
1033 1759 1081 1832 ⁶³)
1124 1761 1299 1834 introducit,
1327 1766 1357 1817 et
1384 1759 1446 1835 (is)
1468 1759 1626 1834 (caussae)
1649 1761 1826 1818 auditionem
1848 1762 1958 1836 diiiert,
1990 1779 2028 1822 ex

181 1839 231 1922 τήν
250 1837 400 1922 ἀκρόασιν,
427 1837 466 1920 μή
488 1846 610 1922 γινέσθω
619 1844 664 1918 ot)
686 1847 715 1904 ἐκ
735 1839 837 1904 τούτου
857 1839 1002 1922 πρόκριμα
1022 1855 1081 1914 τοῖς
1123 1846 1180 1902 hoc
1201 1846 1332 1916 partibus
1353 1845 1565 1917 praeiudicium
1586 1861 1624 1900 ne
1644 1846 1711 1918 ilat,
1744 1861 1846 1901 verum
1867 1855 1933 1917 post
1954 1849 2028 1904 haee

178 1929 306 2008 μέρεσιν,
336 1923 396 1987 ἀλλ’
426 1925 600 1999 ἐξεταζέσθω
629 1923 702 2008 μετά
729 1933 821 1988 ταῦτα
848 1925 921 2006 W)
952 1924 1082 2005 έκκλητος
1123 1931 1279 2002 appellatio
1308 1931 1503 2000 examinator,
1532 1934 1562 1984 et
1591 1931 1676 1984 daem
1705 1931 1867 2004 legitimum
1890 1933 2027 2002 accipito.

178 2015 225 2070 καὶ
251 2007 367 2090 νόμιμον
395 2013 523 2090 δεχέσθω
548 2015 700 2088 otperto).
739 2015 771 2072 et
796 2017 890 2092 ψήηοι
918 2015 975 2073 τῶν
996 2007 1080 2091 έπάρ·
1124 2016 1294 2072 Sententiae
1313 2017 1537 2086 qrraei’ectorum,
1559 2013 1585 2068 si
1605 2013 1696 2068 libelli
1718 2014 1793 2084 ipsis
1815 2015 1899 2088 (aut)
1922 2032 2026 2072 asses-

177 2099 301 2176 1ur⁶²)‚
329 2097 460 2178 λιβέλλων
486 2098 673 2173 έπιδοθέγτων
701 2093 798 2168 αὐτοῖς
820 2093 915 2174 [il]⁶⁸)
937 2107 996 2166 τοῖς
1019 2117 1082 2156 συν-
1123 2100 1239 2155 auribus
1261 2106 1312 2155 aut
1333 2099 1371 2168 ei,
1400 2100 1449 2170 qui
1471 2099 1551 2154 litem
1572 2098 1741 2167 introducit,
1763 2099 1853 2154 oblati
1875 2105 1952 2172 sunt,
1974 2101 2026 2158 io-

178 2183 284 2260 αίδροις
306 2179 346 2258 (v.
369 2179 525 2259 συνέδροις)
547 2177 564 2258 ἢ
587 2179 682 2256 τῷθῧ)
705 2179 903 2260 είσαγωγεῖλθ)
925 2183 975 2258 τής
996 2181 1081 2257 olunt,
1123 2187 1169 2240 tra
1199 2184 1298 2239 decem
1332 2184 1396 2238 dies
1423 2187 1635 2254 retractantur,
1668 2183 1746 2237 intra
1767 2199 1839 2253 quos
1860 2186 2025 2242 sententiae

176 2263 244 2326 εἴσω
264 2261 375 2344 ήμερῶν
396 2265 461 2323 δέκα
482 2259 755 2344 άναψηλαηοάντων,
782 2261 860 2337 ἐντὸς
880 2263 950 2346 άργι·
968 2263 1010 2342 (v.
1032 2262 1081 2344 άρ-
1124 2269 1259 2324 executio
1281 2268 1423 2340 quiescit,
1445 2267 1502 2323 nisi
1524 2268 1566 2340 is,
1589 2267 1749 2338 quivisti,
1778 2267 1966 2325 ildeiussores
1987 2270 2025 2326 de

177 2347 286 2431 yrt)⁷¹)
318 2347 333 2409 ὁ
357 2345 524 2448 έκβιβασμὸς
544 2355 595 2427 τῆς
615 2346 730 2428 ιμήεγου,
761 2354 789 2411 εί
805 2345 902 2428 μήτιγε
924 2349 966 2430 (v.
986 2343 1081 2427 μήτοι·
1122 2353 1179 2409 hoc
1206 2353 1333 2425 dederit,
1363 2356 1411 2424 ut,
1437 2354 1464 2408 si
1485 2367 1537 2424 per
1558 2353 1793 2408 retractationem
1816 2353 2025 2410 oorrdemnatus

175 2435 220 2516 γε)
242 2431 258 2494 ὁ
282 2428 395 2513 νικήσας
415 2437 512 2512 έγγυας
533 2429 675 2514 παράσχδι
697 2427 742 2495 ὅτι
762 2436 945 2512 κατακριθιὶς
966 2429 1012 2494 διά
1031 2436 1081 2510 τής
1123 2438 1172 2506 sit,
1194 2453 1239 2510 ea,
1261 2453 1336 2508 quae
1358 2437 1444 2509 cepit,
1466 2453 1531 2492 eum
1552 2437 1772 2506 accessionibus
1793 2439 1937 2496 restituat
1970 2439 2024 2499 Sin

175 2513 430 2597 άναψηλαηήσεως,
452 2515 690 2596 ἀποκαθίστησιν,
713 2511 787 2597 άπερ
806 2515 911 2597 ἔλαβεν,
932 2513 1004 2596 μετά
1024 2521 1081 2577 τῶν
1123 2527 1219 2578 autem
1247 2527 1313 2592 post
1339 2521 1439 2576 decem
1466 2521 1529 2576 dies
1556 2520 1673 2576 libellus
1701 2521 1816 2577 oblatus
1844 2523 1948 2596 suerit,
1977 2539 2024 2594 ea,

176 2595 432 2680 ἐπαυξήσεωνῗλῆ).
475 2606 502 2662 εί
526 2601 555 2662 δὲ
582 2598 655 2680 μετά
682 2599 734 2673 τὰς
764 2600 901 2677 otnant)
929 2597 1078 2682 ήμέραςὸ
1122 2621 1199 2676 quae
1218 2607 1347 2662 iudicata
1367 2611 1444 2676 sunt,
1466 2605 1503 2660 ad
1521 2606 1722 2662 executionem
1738 2605 1945 2681 perducuntur,
1966 2609 2023 2666 etsi

177 2689 283 2766 λιβελος
311 2685 351 2764 (u.
379 2685 518 2766 λέβελλος)
541 2689 677 2766 έπιδοθή,
710 2683 901 2767 ἐκβιβάζονται
927 2683 964 2748 τά
991 2702 1079 2766 ψηφι-
1121 2691 1164 2763 is,
1190 2692 1240 2762 qui
1261 2691 1350 2763 vicit,
1376 2690 1565 2747 fideiussores
1586 2706 1644 2746 oon
1665 2691 1793 2763 dederit,
1815 2693 2023 2748 retractatione

178 2777 284 2832 σθέντα
310 2773 357 2832 κοιλ
383 2773 466 2852 χωρὶς
492 2775 543 2834 τοῦ
571 2774 668 2832 δοῦναι
689 2768 786 2852 ἐγγύας
797 2771 842 2848 ⁷³)
864 2766 914 2832 τὸν
935 2773 1079 2832 νικίσαννα
1121 2791 1239 2832 cursum
1273 2776 1398 2831 habente
1431 2790 1526 2831 suum.
1582 2775 1790 2832 Praesentibus
1819 2776 2023 2850 creditoribus,

179 2859 218 2931 (ν.
226 2851 400 2934 νικήσαντα),
415 2859 466 2934 τῆς
478 2852 728 2934 άναψηλαιηήοεως
740 2853 789 2918 τὸν
803 2855 871 2917 ditor
885 2850 1000 2936 ἐχούσης
1015 2851 1079 2933 δρά-
1121 2867 1223 2916 contra
1250 2861 1460 2916 haereditatem
1487 2859 1597 2915 aditam
1625 2860 1816 2934 magistratus
1843 2862 1970 2917 minores
1991 2862 2022 2918 in

178 2965 238 3022 μον.
277 2935 425 3019 παρόντων
450 2944 507 3000 τῶν
528 2941 680 3001 δανειστῶν
700 2938 774 3004 κατά
801 2945 851 3021 τῆς
879 2940 1079 3025 προσελευθεέ·
1120 2945 1267 3019 integrum
1295 2946 1452 3000 restituito.
1494 2945 1548 3002 Sin
1576 2949 1672 3000 autem
1703 2960 1760 3001 nou
1788 2945 1911 3018 adsunt,
1940 2945 2022 3017 ipsos

183 3023 281 3104 cqefl)
307 3027 490 3104 κληρονομίας
509 3027 654 3104 παρεχέτω
679 3039 739 3098 τοῖς
766 3029 835 3097 νέοις
856 3017 950 3105 άρχων
971 3023 1078 3086 άποκα-
1120 3045 1173 3101 pcr
1194 3030 1348 3085 citationes
1371 3035 1539 3102 convocate,
1561 3029 1647 3084 trium
1669 3030 1811 3086 mensium
1833 3029 1909 3086 diem
1930 3045 2021 3101 prrae-

183 3108 322 3172 τάσταοιν.
351 3114 377 3170 εί
395 3109 424 3168 δὲ
444 3104 484 3188 μή
505 3104 648 3188 πάρεισιν,
670 3113 788 3172 καλείτω
809 3107 913 3180 αὐτοὺς
939 3104 1078 3188 κηρύγμα-
1120 3115 1257 3186 stituens,
1278 3115 1355 3171 intra
1376 3129 1461 3185 quam
1483 3114 1509 3169 si
1530 3129 1587 3170 nou
1609 3113 1796 3184 advenerint,
1819 3115 1849 3170 in
1871 3115 2018 3188 integrum

188 3216 242 3269 σιν,
268 3188 354 3266 διδοὺς
380 3195 563 3272 προθεσμίαν
589 3197 674 3272 τριῶν
699 3200 805 3275 μηνῶν,
841 3185 874 3274 ής
902 3189 1032 3268 raico)
1055 3194 1082 3254 εί
1119 3199 1332 3256 restitutionem
1351 3199 1435 3271 dato,
1457 3204 1487 3254 et
1508 3204 1608 3254 curate
1630 3197 1695 3272 (res
1712 3198 1940 3272 haereditarias)
1961 3197 2019 3254 de-

189 3275 225 3358 μή
242 3281 457 3359 παραγένωνται,
484 3281 629 3358 παρεχέτω
650 3274 701 3356 τήν
722 3275 965 3353 ἀποκατάστασιν,
985 3299 1078 3356 παρα·
1119 3283 1288 3340 scribendas
1316 3287 1429 3340 eltuto
1451 3283 1529 3354 aprud
1550 3284 1675 3354 aliquem
1696 3283 1912 3338 custodiendas.
1953 3285 2018 3340 lle·-

194 3360 314 3436 σκιυάζων
334 3360 531 3442 ἀναγραφῆναι
541 3361 587 3440 ⁷⁸)
615 3365 662 3424 καλ
684 3363 822 3442 άσιηαλῶς
843 3357 923 3444 παρά
950 3363 1003 3422 τινλ
1024 3385 1077 3422 πα·
1119 3383 1181 3424 σοντι
1215 3368 1263 3422 vel
1296 3367 1404 3441 viginti
1436 3383 1576 3424 annorum
1608 3367 1798 3438 praescriptio
1827 3372 1896 3423 tunc
1923 3368 2019 3424 bonae

196 3449 400 3528 ρυηυλαχθηναι
422 3445 438 3525 ή
455 3453 510 3508 τῶν
523 3449 588 3506 δέκα
596 3450 642 3506 καὶ
657 3443 758 3508 εἴκοσιν
766 3449 811 3526 ⁷⁷)
825 3442 1077 3528 ἐτῶνζπαραγραηυ)
1116 3452 1185 3509 tidei
1200 3452 1364 3523 possessori
1380 3451 1506 3524 prodest,
1528 3466 1594 3506 cum
1615 3451 1759 3522 dominus,
1781 3451 1880 3508 sciens
1902 3467 1963 3508 rem
1982 3451 2020 3508 ad

195 3529 249 3592 τῶνε
261 3527 432 3610 (ν.τάτε)78)
445 3530 617 3611 συμβάλεται
632 3529 883 3612 (neapolitae)
897 3529 992 3608 soii)
1005 3526 1077 3611 βόνα
1118 3552 1151 3592 se
1174 3537 1319 3608 pertinere
1347 3543 1377 3591 et
1397 3537 1474 3606 apud
1494 3551 1692 3606 praesessorem
1714 3551 1795 3605 esse,
1827 3551 1893 3592 eum
1914 3541 2020 3592 conte-

194 3619 244 3694 pr'dr
262 3617 406 3695 νομεῑὸθ),
427 3613 506 3694 ἡνίκα
528 3614 543 3676 ὁ
567 3612 720 3696 δεσπότης,
742 3613 819 3688 sidroc
840 3619 978 3695 διαφέρειν
999 3613 1077 3690 αὐτῷ
1118 3626 1213 3677 status
1235 3637 1292 3676 non
1313 3621 1362 3693 sit,
1383 3620 1447 3690 ipse
1468 3625 1565 3676 autem
1588 3619 1680 3676 bonae
1701 3619 1769 3676 iirlei
1783 3636 1936 3690 possessor
1958 3637 2020 3676 rem

194 3696 220 3760 ab
238 3707 345 3780 πρᾶγμα
366 3703 413 3762 καλ
433 3695 514 3780 παρά
534 3703 575 3776 τῷ
598 3706 737 3778 νεμομένην
759 3698 842 3774 εἶναι,
869 3697 908 3780 μή
931 3695 1075 3779 διεμαρτά-
1117 3721 1136 3760 a
1156 3706 1249 3762 malae
1270 3705 1337 3761 tidei
1359 3719 1530 3776 possessore
1550 3704 1751 3774 acquisiverit·
1778 3705 1812 3762 Si
1834 3705 1900 3775 quis
1921 3711 2019 3762 autem

193 3805 250 3866 ρυτο
268 3781 359 3857 αὐτόν,
380 3787 427 3845 καλ
447 3781 535 3856 αὐτὸς
556 3781 585 3846 δὲ
606 3783 621 3846 ὁ
643 3781 715 3865 βόνα
737 3789 799 3865 paea
820 3780 971 3863 νομεὺςθί)
995 3778 1076 3864 παρά
1116 3791 1147 3847 in
1177 3790 1328 3861 temporali
1355 3789 1455 3844 decem
1483 3804 1623 3846 annorum
1650 3789 1879 3860 praescriptione
1906 3791 2018 3860 aliquot

192 3866 304 3950 poam)
332 3873 395 3949 pide
415 3873 519 3948 νομέως
540 3865 678 3949 ἐκτήσατο
698 3865 731 3932 τά
754 3868 935 3951 πρῶγμαθθ).
977 3863 1025 3928 ἐάν
1046 3868 1075 3928 oi
1116 3891 1208 3932 annos
1237 3873 1330 3950 adsit,
1365 3873 1476 3945 aliquot
1507 3879 1605 3931 autem
1633 3873 1776 3948 abluerit,
1811 3873 1862 3930 alii
1897 3874 2017 3931 totidem
2113 3945 2115 3954 χ

191 3955 225 4024 τλς
247 3960 272 4015 ἐν
302 3960 335 4031 σή
369 3953 520 4034 χρονίηθ1)
554 3960 612 4015 τῶν
645 3957 712 4014 δέκα
740 3959 871 4018 ἐνιαυτῶν
898 3956 1074 4032 παραγραηή

191 4041 232 4098 inl
252 4060 324 4110 ταας
350 4039 400 4117 μὲν
420 4033 562 4110 ἐνιαυτοὺς
587 4037 741 4119 παρήθῦ),
773 4043 823 4101 έπέ
846 4061 923 4110 τινας
952 4035 1072 4098 δὲάπο

189 4122 289 4202 λνιιηθή,
316 4115 396 4186 ἄλλοι
424 4127 556 4184 τοσοῦτοι
582 4121 660 4201 αὐτῷ
681 4126 959 4206 προστιθέσθωσαν,
986 4114 1072 4193 ὅσους

244 4475 390 4540 41)(10101
406 4476 555 4544 110101ῖῇ
622 4473 670 4540 lo)
687 4475 779 4527 Codex
795 4473 885 4540 ἀναγν.
958 4476 1007 4542 46)
1024 4480 1096 4529 llaec
1113 4479 1225 4530 Novella
1241 4481 1395 4530 eonstitntio
1413 4481 1440 4529 in
1457 4479 1533 4528 binius
1551 4479 1618 4528 tituli
1635 4478 1764 4542 puratitiis
1782 4478 1901 4528 habetor.
1926 4479 2013 4526 Mani-

183 4543 247 4594 ieato
261 4551 422 4608 argumento,
438 4550 465 4593 et
482 4544 604 4605 paratitlo
619 4545 783 4608 singulorum
801 4547 934 4596 titulorum
943 4553 1045 4608 partem
1061 4549 1179 4612 efficere,
1196 4549 1313 4610 adeoque
1330 4549 1362 4598 ab
1379 4551 1466 4610 initio,
1482 4559 1564 4611 neque
1581 4555 1643 4609 post
1659 4550 1740 4596 entim
1757 4549 1847 4608 operis
1864 4546 2011 4594 coniectio-

181 4624 238 4662 uem
254 4618 313 4674 ipsis
329 4614 412 4661 titniia
429 4613 516 4661 addita
533 4625 603 4661 ease.
670 4611 717 4676 47)
734 4613 823 4663 Codex
840 4610 889 4678 τήν
904 4629 1049 4684 παρουσαν.
1118 4613 1165 4678 48)
1182 4617 1234 4665 Pro
1251 4615 1389 4684 ἐλευθεροῖ
1403 4616 1494 4666 Codex
1511 4617 1587 4664 babet
1604 4614 1784 4684 discooperire.
1854 4611 1900 4676 46)
1918 4613 2008 4662 Codex

182 4677 274 4736 οἰκετάς
289 4682 373 4729 babet.
458 4677 506 4741 60)
524 4680 614 4730 Codex
631 4678 751 4748 δευτέροις
768 4682 853 4731 babet.
944 4680 989 4744 ei)
1006 4683 1097 4732 Codex
1113 4685 1190 4732 hebet
1211 4679 1263 4752 πρὸ
1285 4683 1420 4748 μνησθείς.
1456 4685 1526 4746 Lege
1546 4679 1651 4751 apciton
1667 4683 1711 4732 vel
1729 4681 1857 4751 προτέρου
1873 4678 2007 4743 μνησθεὶς.

179 4747 227 4797 iiie
244 4761 315 4798 error
331 4759 363 4797 ex
381 4759 414 4797 eo
432 4752 506 4795 ortus
524 4760 586 4797 esse
604 4747 717 4810 videtur,
735 4749 803 4811 qnod
820 4745 870 4818 πρὸ
888 4752 914 4798 iu
932 4751 1075 4800 verborum
1092 4753 1284 4813 compositione
1301 4765 1350 4812 per
1367 4751 1483 4800 litteram
1499 4753 1518 4798 ᾶ
1534 4752 1614 4800 scribi
1631 4751 1726 4814 soleat,
1759 4763 1811 4812 quo
1829 4749 1921 4797 eodem
1938 4747 2007 4808 siglo

179 4821 207 4862 ct
223 4829 273 4864 vox
287 4817 384 4886 πρῶτος
402 4815 570 4877 significatur.
655 4813 702 4880 62)
719 4815 771 4865 Pro
788 4813 883 4880 πάσχει
900 4817 991 4866 Codex
1008 4815 1137 4890 παράσχοι
1155 4819 1240 4869 iubet.
1280 4819 1348 4868 Vide
1366 4821 1405 4868 tit.
1425 4818 1467 4870 14.
1485 4818 1600 4880 parntrri.
1618 4819 1645 4879 s.
1662 4821 1688 4867 6.
1772 4814 1819 4878 63)
1836 4816 1928 4866 Codex
1944 4812 2009 4876 ἀλη-
2106 4873 2108 4876 ¹

180 4881 264 4932 θῶσιν.
323 4881 371 4948 54)
389 4881 481 4932 Codex
498 4880 624 4948 έκκλήτον.
700 4881 747 4946 bd)
765 4884 855 4934 Codex
871 4886 1018 4948 τελευταῖα.
1091 4883 1136 4949 oe)
1153 4886 1244 4936 Codex
1261 4885 1390 4956 ἑκατέρως.
1448 4899 1461 4914 ·
1474 4884 1519 4949 67)
1536 4885 1625 4936 Codex
1644 4885 1768 4952 θατέροις.
1854 4879 1900 4944 oe)
1918 4881 2009 4932 Codex

177 4948 316 5016 έμσσνάοη.
391 4947 440 5013 oe)
458 4947 649 5014 Ρσοέκκλήτου
667 4953 705 5000 111.
723 4953 850 5013 7001111.
869 4951 894 5011 S.
916 4955 941 5002 6.
959 4948 1263 5018 τῆςέκκλήτου11011001.
1348 4951 1393 5017 eo)
1410 4953 1501 5004 Codex
1517 4948 1533 5017 ἢ
1550 4955 1602 5003 τῶν
1618 4953 1742 5018 συνέδρων
1759 4951 1845 5000 babet.
1879 4949 2009 4999 Fortasse

174 5015 216 5082 τῷ
234 5019 511 5086 cartoppaigniiieatur,
527 5023 556 5066 nt
573 5025 601 5068 et
617 5022 656 5068 tit.
675 5019 701 5067 7.
719 5025 802 5081 parat.
821 5020 847 5080 s.
866 5021 891 5067 6.
910 5020 1027 5072 babetur.
1062 5021 1155 5082 incipit
1171 5022 1216 5071 iol.
1236 5021 1296 5071 146.
1314 5023 1347 5072 Δ.
1422 5018 1468 5085 61)
1484 5021 1545 5070 Vox
1561 5016 1578 5087 ἢ
1595 5024 1622 5070 in
1639 5020 1736 5070 Codice
1753 5021 1837 5080 deest,
1859 5017 1907 5066 scd
1924 5021 1963 5065 111.
1981 5017 2006 5064 7,

168 5091 259 5148 parat.
275 5088 297 5148 S.
314 5089 336 5136 6.
354 5087 474 5140 liabetur.
524 5087 593 5135 Nor.
618 5085 680 5136 ita.
698 5099 754 5148 cap.
772 5085 799 5135 4.
822 5086 910 5151 ἦτοῖς
926 5083 1010 5136 αὐτοῦ
1026 5087 1155 5158 συνέδροις
1170 5085 1187 5154 ἢ
1204 5092 1259 5146 τοῖς
1274 5084 1323 5145 τὰς
1339 5088 1409 5143 δίνας
1426 5085 1565 5150 εἰσάγουσι.
1684 5086 1729 5152 62)
1752 5087 1844 5138 Codex
1865 5081 2009 5146 adsaporet.

166 5151 219 5216 63)
238 5155 285 5205 Pro
300 5151 471 5222 ὑπερτίθεται
488 5153 527 5202 111.
544 5155 570 5202 7.
589 5159 671 5215 parat.
689 5151 716 5214 S.
734 5157 758 5203 6.
777 5149 946 5220 ὖπτρθῶνται
964 5156 1069 5205 babent.
1136 5155 1182 5220 64)
1199 5158 1252 5206 Pro
1268 5157 1382 5217 γινέσθω
1400 5157 1492 5208 Codex
1513 5158 1601 5216 γνοθιυ
1618 5157 1704 5206 babet.
1782 5147 1831 5214 65)
1847 5153 1900 5202 Pro
1918 5147 1934 5217 ή
1952 5151 2007 5202 Co·

164 5223 224 5271 dex
243 5218 257 5286 ἧ
273 5224 353 5272 babet.
454 5218 498 5281 66)
521 5222 574 5271 Pro
591 5221 706 5283 δεχέσθω
724 5221 803 5288 πέρας
820 5221 1286 5292 0011011δεχεόθυνσαντέρσς110101.
1395 5222 1442 5288 67)
1464 5225 1516 5274 Pro
1532 5220 1651 5290 ἐπάρχων
1668 5223 1758 5274 Codex
1774 5217 1904 5287 ἐπαρχιῶν
1919 5220 2005 5270 habet.

163 5289 214 5354 66)
234 5291 293 5340 Post
308 5287 397 5346 αὐτοῖς
415 5295 510 5337 contra
526 5288 631 5340 Codicis
649 5293 831 5338 auctoritatem
850 5301 944 5338 vocem
961 5285 977 5354 ἢ
993 5293 1150 5354 interposui.
1182 5293 1255 5352 Quae
1274 5295 1426 5342 coniectore
1443 5293 1613 5342 conflrmatur
1630 5295 1668 5341 tit.
1686 5292 1712 5340 7.
1730 5292 1815 5351 parat.
1830 5287 1856 5347 s.
1869 5285 1913 5336 ta.
1936 5287 2005 5337 Nov.

164 5357 232 5408 tto.
250 5371 303 5421 cap.
321 5361 349 5408 b.
372 5357 510 5426 προφέρειν
527 5359 582 5412 τοῖς
598 5354 776 5412 ἐνδοξοτάτοις
791 5353 915 5426 ἐπάρχοις
930 5360 986 5412 τοῖς
1001 5355 1050 5424 τήν
1066 5362 1153 5425 oquae
1170 5357 1330 5428 προάγουσιν
1346 5355 1363 5424 ἢ
1381 5363 1437 5415 τοῖς
1453 5357 1553 5409 τούτων
1569 5355 1719 5420 τυμπάνοις.
1801 5353 1845 5417 iiii)
1861 5353 1915 5405 Pro
1932 5349 1950 5440 ἢ
1967 5355 2005 5418 τῷ

162 5425 259 5475 Codex
275 5428 350 5476 babet
368 5422 394 5473 ἐν
411 5425 456 5487 τῷ.
525 5420 838 5488 emundandorum.
906 5423 949 5488 71)
966 5425 1017 5476 Pro
1034 5423 1097 5496 άργῑ
1112 5428 1203 5478 Codex
1219 5429 1297 5476 habet
1313 5424 1384 5497 άργι.
1417 5429 1471 5478 Pro
1495 5423 1566 5484 e’ardr
1584 5431 1623 5476 111.
1645 5427 1671 5474 7.
1690 5423 1773 5486 paral.
1791 5421 1817 5482 S·
1837 5423 1862 5471 o.
1881 5411 1916 5470 ῶν
1933 5417 2004 5478 ἐντὸς

160 5493 271 5548 babent.
304 5495 399 5544 Totum
417 5491 502 5541 lomim
519 5495 559 5540 sio
576 5493 703 5541 restituo:
735 5488 965 5554 ἀναψηλαυῶνεαι,
982 5483 1016 5542 ῶν
1032 5491 1104 5552 έντὸς
1120 5490 1226 5564 ἀργεῖὸ
1244 5492 1404 5558 έκβιβασμός.
1484 5492 1547 5610 md
1564 5493 1617 5544 i’ro
1633 5487 1700 5552 μετὰ
1715 5493 1767 5540 τῶν
1782 5485 1946 5554 έπαυεήσεοιν
1963 5493 2001 5542 111.

158 5561 187 5609 7.
210 5565 290 5626 parat.
308 5561 332 5622 S.
346 5562 373 5610 7.
391 5561 486 5608 babent
502 5555 568 5619 μετὰ
585 5561 688 5628 καρπῶν
703 5559 733 5608 ri
749 5559 793 5608 καὶ
808 5557 981 5624 έπαυξήονυιτ.
1049 5561 1114 5627 oab)
1130 5564 1222 5614 Codex
1239 5561 1307 5611 δεκα.
1359 5563 1392 5611 76
1421 5560 1511 5612 Codex
1540 5558 1628 5623 νησιάς.
1676 5555 1725 5621 74)
1740 5559 1786 5608 Sic
1801 5557 1903 5619 Codex,
1917 5557 2005 5607 forma

158 5641 234 5680 sane
250 5629 361 5680 insolita.
395 5627 485 5676 iiialim
502 5626 743 5696 προσελινσθεέοης.
817 5625 933 5690 ioli’ro
951 5619 1178 5694 ήςέντὸςθοδοκ
1196 5627 1423 5688 11101είςέντος.
1508 5625 1557 5690 ott)
1573 5627 1664 5678 Codex
1680 5623 1834 5696 ἀναγραφῆν
1850 5625 1926 5674 babet
1943 5625 2003 5675 ioco

157 5702 244 5748 vocis
259 5695 447 5766 ἀναγραφῆναι.
517 5693 565 5758 77)
581 5695 634 5743 l'ro
651 5693 743 5744 εἴκοσιν
760 5698 787 5745 111
804 5695 903 5746 Codice
919 5703 961 5746 est
978 5692 1008 5749 κ’.
1093 5697 1139 5760 78)
1155 5700 1208 5748 Pro
1224 5693 1381 5767 παραγραφή
1403 5695 1464 5746 τότε
1480 5695 1571 5744 Codex
1594 5691 1922 5763 101101παραγράφείτωτε.
1956 5693 2003 5742 lo-

155 5765 408 5828 capitulatae.
475 5761 522 5826 76)
536 5763 590 5814 Pro
606 5763 643 5825 τῷ
662 5762 752 5812 Codex
779 5765 856 5812 babet
871 5759 911 5812 τό.
978 5762 1026 5828 80)
1042 5767 1095 5815 Pro
1111 5769 1187 5825 τομεῖ
1196 5765 1293 5816 'Codex
1309 5766 1388 5814 habet
1403 5761 1495 5822 ένομιΐ.
1563 5760 1609 5828 81)
1625 5765 1677 5814 Pro
1694 5757 1774 5819 αὐτὸς
1790 5759 1817 5810 δέ
1834 5755 1848 5810 ὃ
1864 5757 1928 5822 (λάκοι
1945 5759 2002 5818 pide
2082 5761 2090 5772 '

154 5831 258 5890 νομεὺς
273 5834 362 5884 Codex
380 5825 553 5887 σκαπανεὺς
570 5829 598 5879 δέ
614 5829 737 5887 φοναφιδο
755 5827 867 5888 ένομεύς.
945 5830 993 5894 62)
1011 5833 1101 5884 Codex
1117 5835 1196 5893 μάλα.
1272 5830 1319 5893 86)
1343 5833 1400 5880 1100
1422 5832 1481 5880 1006
1498 5827 1603 5882 Codicis
1624 5833 1657 5880 ed
1680 5834 1824 5895 marginem
1841 5829 2001 5892 adscnptnm

150 5907 205 5950 eet
224 5901 282 5972 napi
298 5902 345 5968 τής
360 5896 459 5951 τούτου
474 5895 714 5955 ἀποκαταστάσεως.
782 5895 1341 5968 84)Ρσογρον1ρο066111ιαὴσ1χυυ1αν.
1409 5887 1915 5967 86)Ρ1οπάρῇ60101111α1101παριι.

1546 5977 1631 6046 1711
