4790 7064
951 473 1184 542 CAPUT
1227 472 1284 540 vl.
1975 504 2050 550 xcix

202 657 497 746 υνρίιοποίτορίιίίι
525 661 557 724 cl
584 657 849 744 brephotrophiis
876 661 908 724 et
932 659 1194 746 ptochotrophiis
1215 661 1438 750 ριιοιίνορίιιίυ
1458 677 1624 724 emturum
1641 663 1817 746 protelatio
1839 666 2048 758 confandat,

204 801 243 810 -
267 766 414 848 quoniam
442 760 525 826 hooc
553 757 665 826 decem
692 779 845 826 annorum
868 759 1079 826 adiectionem
1102 762 1197 850 solis,
1225 771 1260 828 ut
1281 760 1397 827 dictum
1419 767 1490 846 est,
1510 761 1675 846 retipioaia
1696 763 1777 828 tonia
1798 783 1968 854 eorumque
1990 771 2049 838 iuri

202 863 257 930 vel
285 861 500 928 contractibus
528 857 768 944 ίιιιίιιίρουιιιι.“
810 857 865 924 Ex
887 859 954 939 tris,
984 879 1066 948 quae
1087 860 1312 950 recitavimds,
1335 861 1443 926 verbis
1456 857 1688 930 'controversia
1709 865 1790 934 viris
1810 865 1916 932 doctis
1937 869 2050 941 oborta

202 968 273 1050 est,
299 969 402 1028 onum
424 969 550 1030 centum
572 977 724 1030 annonam
747 960 946 1047 privilegium
967 961 1029 1028 hac
1054 963 1126 1045 lege
1148 963 1304 1030 sublatum
1326 964 1370 1028 sit
1390 968 1509 1048 totum,
1536 981 1578 1031 an
1599 963 1714 1030 saltem
1736 967 1922 1034 civitatibus
1944 978 1978 1036 et
1997 973 2049 1058 iis,

202 1081 285 1150 quae
306 1061 558 1128 redimendorum
580 1062 780 1147 captivorum
801 1079 918 1128 caussa
939 1062 1052 1128 relicta
1073 1069 1170 1149 sont,
1209 1062 1364 1128 relictum.
1407 1061 1557 1148 Plerique
1589 1082 1631 1132 ex
1654 1073 1786 1132 nostrae
1807 1069 1978 1136 memoriae
1999 1071 2050 1136 iu-

200 1163 396 1228 reconsultis
418 1181 505 1250 eam,
528 1180 620 1248 quam
641 1161 742 1246 primo
763 1160 833 1226 loco
855 1161 1038 1250 posuimus,
1065 1165 1262 1230 sententiam
1284 1157 1468 1266 tuentur1).
1512 1163 1576 1230 Pro
1599 1171 1688 1230 certo
1711 1167 1796 1232 enim
1816 1179 1993 1252 posuerunt
2014 1181 2049 1240 et

200 1264 389 1350 indubitato,
411 1269 512 1326 totum
535 1261 595 1326 lroc
609 1261 811 1346 privilegium
832 1263 1009 1328 Iustiniano
1031 1261 1246 1349 displicuisse.
1292 1264 1410 1330 Verum
1432 1261 1504 1348 ipsa
1517 1263 1682 1330 Iustiniani
1696 1267 1795 1332 verba
1817 1269 1899 1332 satis
1920 1271 2049 1360 docent,

199 1365 378 1430 lastiniano
402 1371 525 1428 tautum
550 1362 783 1448 οοοίοιιὶοιιιιι,
816 1367 1093 1430 monasteriorum
1120 1365 1326 1450 ιιίιοτυυιρυο
1353 1363 1584 1446 retipiocornm
1605 1365 1751 1430 ἰοοοηιιυ
1772 1368 1805 1430 in
1824 1377 1964 1436 mentem
1986 1393 2049 1439 ve-

198 1467 292 1532 nisse
303 1463 350 1556 ²).
393 1464 462 1530 lam
484 1461 560 1528 vide
582 1463 661 1549 hoc,
690 1459 951 1547 quemadmodum
972 1485 1038 1530 vox
1060 1464 1331 1552 ,peltpimomad
1354 1463 1395 1530 ad
1417 1463 1581 1530 civitatum
1602 1465 1652 1530 ius
1675 1467 1837 1550 pertinere
1859 1477 1973 1559 queat,
1993 1481 2050 1540 ant

197 1583 262 1651 qua
284 1567 409 1632 ratione
429 1564 493 1630 dici
516 1563 637 1650 possit,
670 1582 783 1630 vocem
812 1561 999 1654 ,doconoffl
1020 1565 1062 1632 ad
1084 1583 1195 1632 omnes
1216 1566 1341 1632 omnino
1363 1583 1417 1630 res
1424 1611 1434 1644 ,
1468 1583 1550 1650 quae
1573 1565 1829 1636 redimendorum
1850 1571 2047 1656 captivorum

199 1685 320 1732 caussa
340 1666 473 1732 relictae
495 1671 589 1748 sont,
610 1663 828 1750 designandas
851 1656 1020 1732 adhiberit
1064 1663 1157 1748 Quod
1178 1685 1282 1752 neque
1303 1685 1363 1752 per
1383 1665 1611 1750 grammaticae
1633 1667 1714 1734 artis
1729 1677 1923 1758 praecepta,
1945 1692 2048 1760 neque

197 1787 257 1854 per
278 1766 402 1850 logicae
424 1764 613 1851 disciplinae
635 1765 727 1850 leges
749 1765 818 1832 lieri
841 1765 902 1832 ullo
925 1767 1019 1832 modo
1041 1774 1160 1852 potest.
1205 1765 1305 1854 Quid,
1336 1765 1419 1852 quod
1447 1766 1660 1844 lastinianus,
1699 1767 1774 1854 quid
1806 1770 1867 1834 sibi
1900 1771 2048 1852 voluerit,

197 1867 270 1954 ipse
293 1865 425 1932 disertis
447 1865 558 1932 verbis
580 1865 686 1952 paullo
708 1871 823 1950 postea
845 1858 1026 1952 explicuit?
1070 1865 1185 1952 Capite
1211 1868 1242 1931 l.
1267 1867 1350 1932 enim
1372 1867 1630 1934 commemoravit
1651 1867 1856 1934 cerrerubttea
1876 1871 2046 1958 ecclesias,

197 1969 419 2052 monasterio,
449 1965 677 2050 nmcodoctu'u,
706 1965 1014 2054 orphanotrophia,
1042 1965 1321 2052 brephotrophio,
1338 1966 1610 2052 ptochotrophia,
1633 1987 1714 2054 quae
1736 1976 1770 2035 et
1790 1977 1881 2036 recte
1903 1972 2050 2058 retiptoct

197 2071 265 2134 toci
284 2075 466 2154 vomantur,¹
483 2073 517 2150 et
539 2067 570 2133 in
592 2073 696 2132 const.
713 2063 775 2131 23.
799 2067 878 2136 Cod.
901 2068 926 2134 Ι.
952 2067 987 2134 2.
1009 2069 1195 2136 civitatibus
1212 2070 1330 2154 iisque,
1353 2085 1434 2154 qnae
1452 2056 1704 2134 redimendorum
1718 2072 1917 2156 captivorum
1930 2091 2048 2140 caussa

195 2169 314 2235 relicta
335 2175 428 2254 sunt,
460 2167 593 2232 disertis
616 2167 726 2232 uerbis
748 2169 896 2256 opposita
917 2169 1083 2234 habentur.
1127 2169 1254 2254 ltaque,
1295 2168 1378 2254 quod
1401 2188 1462 2254 ego
1484 2169 1603 2258 sciam,
1640 2169 1720 2234 nihil
1748 2171 1843 2258 plane
1872 2174 1905 2238 in
1932 2191 2049 2241 caussa

195 2277 270 2356 cst,
304 2288 403 2356 qnare
426 2273 551 2336 centum
575 2287 728 2334 annorum
749 2270 1037 2354 praescriptionem
1058 2270 1090 2336 in
1111 2269 1181 2359 his,
1214 2289 1295 2356 quas
1322 2269 1428 2338 ultimo
1458 2269 1528 2336 loco
1559 2271 1669 2358 posui,
1701 2273 1829 2338 caussis
1862 2274 2048 2358 abrogatam

195 2369 302 2436 rideri
324 2369 503 2436 credamus.
547 2369 662 2456 Neque
683 2387 764 2436 sane
786 2371 927 2436 lolianus
948 2377 1138 2437 antecessor
1159 2377 1263 2436 const.
1290 2367 1377 2438 104.
1401 2388 1482 2456 cap.¹
1495 2365 1585 2436 366.
1608 2391 1716 2438 eorum
1738 2373 1829 2440 lavet
1850 2377 2048 2462 sententiae,

194 2473 250 2558 qni
272 2480 313 2537 et·
328 2471 363 2536 in
384 2471 435 2536 his
457 2471 584 2536 caussis
606 2477 734 2536 centnm
753 2491 908 2538 annornm
931 2471 1217 2557 praescriptionem
1239 2471 1397 2540 sublatam
1419 2491 1498 2538 esse
1519 2471 1632 2536 velint.
1676 2469 1825 2558 Denique
1858 2474 2046 2542 Theodorus

193 2571 482 2654 Hermopolita‘nus
504 2578 537 2636 et
560 2569 760 2640 Athanasius
782 2577 925 2641 nostram
946 2571 1182 2662 interpretandi
1203 2573 1358 2638 rationem
1381 2572 1485 2636 secuti
1507 2578 1592 2638 suot.
1637 2572 1687 2638 Ao
1709 2572 1899 2640 Theodorus
1919 2574 2047 2659 quidem

194 2673 480 2758 Hermopolitanus
524 2671 608 2758 apud
644 2670 1024 2740 Pseudo-Eustothium
1058 2674 1165 2754 ῥοπιὲιι
1205 2671 1255 2738 ed.
1291 2671 1484 2740 Zachariaei
1518 2693 1549 2758 p.
1586 2669 1676 2738 24⁰.
1712 2671 1755 2738 τὰ
1796 2681 1840 2750 εἰς
1873 2671 2047 2758 ἀνάρρυσιν

192 2769 410 2856 αἰχμαλώτου
429 2771 654 2838 ἀποκλείονται
683 2774 723 2856 τῇ
744 2777 981 2854 ἑκατονταετία.
1022 2771 1124 2838 Addit
1145 2772 1243 2838 editio
1264 2772 1373 2837 lncobi
1396 2771 1524 2840 cuod:
1563 2769 1605 2850 ὡς
1625 2773 1667 2856 βι.
1691 2771 1732 2838 α’.
1756 2776 1814 2838 τοῦ
1835 2775 1909 2843 acad.
1932 2781 1971 2840 τί.
1993 2775 2044 2858 β’.

191 2877 278 2940 aaut.
301 2869 360 2956 κγ’.
383 2875 479 2937 τοῦτο
501 2873 534 2938 δὲ
555 2879 599 2949 εἰς
620 2869 662 2938 τὰ
682 2875 739 2954 μὲν
758 2871 913 2956 βασιλικοὶ
935 2872 973 2938 οὐ
994 2884 1113 2952 κεῖται,
1150 2877 1230 2960 φησί
1251 2875 1284 2937 dd
1308 2870 1469 2958 Θεόδωρος
1489 2878 1522 2936 ἐν
1551 2870 1623 2960 ρια’.
1646 2877 1764 2958 νιαρςλ,
1802 2871 1853 2938 ὅτι
1874 2883 1967 2960 μέχρι
1987 2879 2045 2940 νῦν

190 2985 314 3060 κρατεῖ.
358 2973 558 3040 Athanasius
585 2979 690 3040 nutem
718 2977 768 3040 tit.
799 2973 835 3042 2.
863 2979 966 3041 const.
996 2971 1032 3039 ὅ.
1060 2979 1250 3054 ορμιιίοσαι,
1286 2969 1335 3038 ὅτι
1363 2977 1413 3038 ἐπὶ
1434 2983 1503 3050 τοῖς
1523 2983 1806 3060 κιχριοιστηριίνοις
1828 2987 1898 3050 ταῖς
1919 2975 2045 3041 πόλεσιν
2106 3053 2112 3070 .

191 3080 249 3142 καί
271 3085 340 3150 τοῖς
360 3079 404 3148 εἰς
424 3071 598 3159 ἀνάρρυσιν
619 3073 833 3156 αἰχμαλώτων
854 3075 1145 3160 καταλειφθεῖσιν,
1181 3083 1223 3160 ἐφ
1247 3072 1295 3150 οἷς
1316 3076 1449 3138 δέδοικεν
1470 3069 1587 3154 ὁμοίως
1608 3071 1646 3138 τὸ
1674 3071 1845 3160 προνόμιον
1866 3077 1921 3153 τῆς
1941 3099 2045 3160 παρα·

190 3178 323 3260 γραφῆς
349 3176 403 3252 τῆς
431 3179 676 3252 cenomanen.-
705 3173 849 3254 διάταξις
875 3173 1070 3256 dapne-spat]
1099 3182 1133 3240 ἰν
1164 3176 1209 3257 τῴ
1237 3171 1277 3240 α’.
1306 3175 1370 3258 dud.
1393 3175 1452 3238 τοῦ
1473 3175 1548 3238 κοιὸ.
1572 3171 1633 3239 ὑπὸ
1665 3175 1724 3238 τοῦ
1743 3171 1789 3258 β’.
1812 3178 1922 3242 τίτλον
1943 3165 2044 3247 οὖσαν

192 3279 251 3342 τον
272 3273 419 3362 ἀριθμὸν
439 3272 519 3356 xyst,
543 3273 602 3338 οὐκ
623 3273 745 3342 ἀνεῖλον
767 3278 927 3352 παντελῶς
947 3272 966 3353 ἡ
987 3277 1138 3360 παροῦσα
1159 3273 1313 3356 διάταξις.

875 3493 971 3562 Vno.
1014 3491 1103 3561 Νιι.
1130 3493 1221 3560 rro.
1245 3511 1317 3578 cap.
1339 3491 1378 3560 4.

320 3629 410 3695 Inter
432 3647 583 3716 caussas,
617 3647 716 3715 quare
738 3639 892 3715 parentes
913 3651 934 3696 a
959 3631 1069 3697 liberis
1097 3633 1290 3695 testamento
1313 3625 1524 3696 exhaeredari
1546 3633 1683 3715 queant,
1716 3627 1798 3694 hoec
1824 3627 2043 3698 alostiniano

191 3733 214 3798 l.
237 3733 264 3798 l.
284 3731 388 3798 relata
410 3737 476 3796 est:
509 3736 537 3793 et
566 3725 584 3794 ὁ
611 3729 715 3812 πατὴρ
743 3733 783 3814 τῇ
812 3733 880 3814 rata
905 3730 1015 3819 νύμφῃ
1043 3729 1061 3808 ἢ
1089 3733 1129 3814 τῇ
1150 3729 1321 3794 παλλακίδι
1349 3733 1407 3794 τοι]
1438 3731 1557 3794 οἰκείου
1578 3727 1690 3804 παιδὸς
1710 3735 1890 3810 συμμιγειίρ.
1934 3731 2043 3795 Verba

193 3835 254 3899 τοῦ
283 3835 401 3896 οἰκείου
430 3829 543 3906 παιδὸς
570 3837 604 3896 et
635 3827 909 3924 attentantur)
936 3839 970 3899 et
998 3825 1365 3921 lltnctclcabrncttiusl)
1392 3833 1438 3896 ita
1467 3849 1543 3896 esse
1570 3827 1816 3914 interpretanda
1839 3835 2042 3908 censuerunt,

194 3945 229 4002 ut
258 3934 300 4000 ad
321 3931 553 4015 filiumfamilias
575 3938 780 4020 spectarent,
815 3931 857 3998 ad
879 3933 960 3999 alios
982 3951 1045 3998 non
1066 3932 1154 3996 item.
1196 3929 1236 3997 Si
1257 3925 1438 4020 quaeritur,
1471 3949 1552 4016 quac
1584 3947 1638 3996 res
1661 3929 1751 3993 viros
1773 3928 1886 3994 doctos
1908 3929 1940 3994 in
1962 3929 2045 3996 hanc

194 4035 379 4122 opinionem
404 4031 581 4118 induxerit,
616 4032 697 4097 duas
725 4039 847 4098 tantum
874 4033 970 4098 video
998 4031 1092 4098 reddi
1119 4049 1218 4118 posse
1246 4033 1411 4120 rationes,
1444 4029 1504 4096 sed
1538 4049 1602 4094 non
1636 4030 1718 4095 satia
1745 4027 1888 4095 idoneas
1931 4027 2045 4118 Unam,

193 4155 289 4222 quaro
317 4127 584 4222 Buchholalusffj
612 4135 748 4218 tangere
774 4133 894 4212 voluit,
927 4134 1000 4218 ipse
1033 4132 1336 4198 Moehlenbrochios
1373 4133 1456 4198 satis
1490 4125 1704 4220 refutarat).
1753 4129 1916 4209 Alteram,
1950 4137 2043 4216 quam

193 4231 499 4302 Moehlenbrochios
521 4234 800 4323 commemoravit,
820 4231 901 4300 haec
924 4241 991 4314 est,
1027 4235 1088 4300 lroc
1109 4233 1239 4300 dicendi
1257 4252 1383 4318 genere
1404 4230 1479 4305 τοὺς
1501 4235 1635 4304 οἰκείους
1656 4230 1773 4304 παῖδας
1795 4229 1877 4296 alios
1898 4250 1961 4297 non
1982 4232 2044 4296 de-

194 4336 334 4421 signari,
367 4334 428 4398 nisi
456 4329 702 4418 filiusfamilias.
747 4331 845 4400 Cuius
876 4335 924 4398 rei
945 4333 1214 4401 demonstrandae
1228 4352 1345 4400 caussa
1357 4332 1405 4400 ‚nd
1421 4333 1531 4398 Reitai
1549 4331 1741 4416 glossarium
1755 4329 1997 4418 Theophilioum
2006 4327 2043 4420 ¹)

191 4435 396 4524 provocavit.
423 4433 542 4500 Verum
554 4451 615 4499 nec
627 4435 687 4500 hoc
701 4434 896 4520 probandum
911 4434 1046 4514 uidetur,
1069 4435 1149 4517 quod
1164 4455 1213 4514 ea,
1236 4453 1318 4521 quae
1335 4433 1486 4502 Reitzius
1500 4431 1593 4518 dixit,
1615 4431 1655 4497 ad
1663 4438 1863 4524 potestatem
1877 4439 2043 4517 parentum

192 4537 359 4624 pertinere
380 4533 569 4622 crediderit,
589 4553 650 4600 nec
671 4534 765 4624 illud,
785 4535 886 4624 quod,
908 4553 989 4622 quae
1012 4533 1054 4602 ad
1077 4533 1288 4621 Theophilum
1309 4535 1487 4621 pertinent,
1508 4531 1549 4598 ad
1571 4533 1727 4599 Novellas
1749 4532 1919 4598 Iustiniani
1939 4533 2043 4596 inter-

191 4636 373 4726 pretandus
406 4634 558 4702 adhibere
588 4635 737 4702 voluerit.
780 4637 896 4724 Neque
923 4637 1033 4702 Reitni
1062 4635 1179 4722 verbo,
1212 4643 1248 4701 ut
1275 4655 1317 4702 ex
1347 4635 1503 4722 exemplis
1531 4635 1570 4700 ab
1608 4654 1647 4702 eo
1683 4633 1753 4699 viro
1788 4631 1904 4728 adlatis
1939 4651 2043 4716 appa-

192 4747 263 4826 ret,
290 4738 371 4822 hue,
399 4755 460 4822 quo
481 4735 784 4802 Moehlenbrochios
806 4738 922 4826 voluit,
954 4737 1067 4803 reterri
1089 4741 1224 4822 queunt,
1254 4754 1357 4822 oeque
1380 4737 1599 4820 sibimetipse
1621 4735 1725 4802 deerit
1747 4734 1960 4818 lastinianus,
1989 4731 2042 4816 qni

191 4841 282 4906 Nov.
305 4834 367 4903 22.
389 4855 461 4922 cap.
482 4833 546 4900 41.
568 4860 626 4902 τον
646 4845 786 4926 πατέρα,
806 4844 834 4902 εἰ
854 4839 1045 4915 κελευσθείη
1066 4838 1111 4919 τῴ
1134 4841 1241 4918 οἰκείῳ
1263 4837 1353 4902 παιδὶ
1374 4839 1539 4924 πρεσβεῖον
1561 4837 1673 4903 δοῦναι
1694 4835 1736 4902 de
1755 4832 1896 4901 omnibus
1918 4831 2041 4897 omnino

295 5226 322 5292 1)
338 5229 406 5280 l‘lde
426 5227 633 5280 Uotertrotzneml
649 5228 760 5278 librum:
792 5225 983 5291 narsoortooe
1007 5228 1216 5294 Ειιίιοίοἰιείιιπρ
1238 5227 1288 5278 der
1309 5231 1472 5290 uesummteo
1494 5225 1754 5292 Ιίιτλιΐλνιιιιριίιίιτο
1776 5225 1839 5272 torn.
1863 5215 1884 5268 l.
1909 5234 1933 5283 p.
1952 5219 2038 5270 1112-
2144 5228 2151 5245 ·

187 5317 274 5376 1511,
302 5320 328 5363 et
351 5313 501 5363 linclrlmlall
524 5313 632 5362 librum:
661 5311 823 5362 Jurtattscte
846 5311 1061 5376 Attuodlanpea
1091 5327 1143 5363 aas
1171 5315 1229 5363 dom
1260 5311 1367 5362 Gedtete
1394 5313 1442 5364 dea
1471 5315 1595 5378 heretiaco
1618 5307 1778 5360 tldmisctea
1799 5303 1910 5354 Rectlec
1930 5317 1955 5366 p.
1978 5305 2040 5354 361.

183 5403 217 5459 2)
236 5397 338 5449 Probat
355 5399 452 5461 intur,
470 5397 574 5461 lapntt,
599 5398 649 5446 lroo
666 5397 814 5457 praesentis
832 5397 911 5444 etiarn
929 5399 1076 5446 necessitas
1094 5398 1255 5462 sanctionls,
1283 5397 1310 5444 ln
1329 5409 1378 5460 qua
1395 5399 1559 5462 privilegium
1578 5409 1611 5445 ex
1628 5391 1754 5453 rellgloso
1770 5388 1907 5452 proposito
1924 5375 2041 5438 ecclcula'o

184 5485 241 5534 Det
250 5515 260 5546 ,
278 5481 308 5532 et
322 5481 511 5540 monasterus,
528 5479 644 5544 αἰίἰιριιι
659 5480 792 5543 τιίἰρίοιίι
809 5479 875 5529 ἰοοίι
891 5481 1142 5531 constitutione
1159 5481 1284 5530 nostru
1308 5491 1391 5542 nuper
1407 5483 1532 5534 indultum
1549 5477 1704 5529 necessaria
1719 5476 1886 5524 correctione
1902 5471 2041 5535 anangul-

182 5579 258 5618 ruus.
361 5563 388 5625 ³)
407 5563 435 5613 ln
453 5563 537 5614 lloroc
561 5561 722 5612 Jurtottsctoc
747 5561 960 5629 Αἰιίιπυιίἰυπρτυ
976 5577 1028 5614 uus
1044 5564 1103 5614 dem
1121 5561 1226 5614 litoteta
1242 5563 1289 5614 dee
1311 5563 1433 5629 ienthea
1454 5559 1616 5614 namnetas
1632 5555 1865 5619 arescamus.
1964 5555 1993 5614 1)
2010 5555 2041 5624 ln

180 5647 390 5703 continnotlone
407 5649 465 5698 llnrt
484 5646 638 5696 Gloeclrlanl
662 5651 724 5696 tom.
742 5646 783 5696 87.
801 5661 826 5711 p.
845 5648 904 5698 168.
1007 5643 1035 5710 ο)
1053 5647 1071 5695 Ι.
1087 5647 1104 5696 Ι.
1122 5655 1176 5698 not.
1195 5647 1239 5696 ³8.
1341 5651 1370 5708 o)
1387 5650 1405 5698 l.
1423 5647 1441 5698 Ι.
1458 5660 1484 5708 p.
1502 5643 1565 5694 169.
1664 5637 2039 5706 alnon.11.p.1282.‚uot

180 5739 254 5788 naec
271 5733 410 5799 leguntur:
426 5729 536 5798 ,pluam
552 5743 632 5796 caua,
648 5729 788 5794 proprias.
822 5729 1009 5782 iureconsultis
1027 5729 1136 5780 Graecis
1153 5729 1334 5796 perpetuum.“
1673 5786 1738 5854 M
