4802 7060
922 513 1161 585 CAPUT
1224 515 1290 582 lv.
1979 543 2047 592 axv

167 700 294 769 neudus
316 719 371 780 es,
393 697 479 768 bunc
500 696 764 768 constitutionum
785 697 820 764 Ν
822 697 999 766 ovellanum
1021 695 1203 786 catalogum
1224 721 1291 772 non
1312 704 1436 769 tantum
1456 700 1499 772 ad
1520 699 1576 770 illa
1596 706 1635 768 at
1661 705 1695 770 cll
1714 702 1879 798 ἧργησαν,
1906 706 2044 776 ἀλλοίω-

166 826 218 868 σιν
239 803 298 866 τοῦ
318 803 394 886 βίου
415 797 588 882 δεξαμένου
610 799 742 890 referri,
764 818 879 869 verum
900 801 999 869 etiam
1021 803 1064 870 ad
1086 805 1257 889 superiora
1278 805 1335 871 illa
1356 809 1394 872 αἱ
1413 805 1470 886 μὲν
1491 800 1555 890 γὰρ
1577 800 1822 883 cantrebocan
1842 819 1912 888 τοῖς
1933 813 2044 876 Λέαν-

167 925 223 978 τος
242 902 382 988 βιβλίοις
403 907 438 968 ci
459 908 496 966 αἱ
517 903 551 967 dd
573 907 601 968 εἰ
621 904 679 969 καὶ
699 899 993 992 κατεστρώθησαν,
1013 901 1199 986 ἐσχόλασαν
1221 905 1267 990 τῷ
1287 903 1407 991 χρόνῳ.
1430 903 1504 972 Hoc
1525 905 1609 972 enim
1631 911 1666 972 et
1687 913 1776 972 totus
1797 913 2046 998 sententiarum,

166 1022 250 1092 quac
277 1004 363 1090 apud
384 1002 529 1072 Pseilum
551 1004 729 1092 habentur,
750 1009 925 1071 contextus
947 1003 1054 1094 docet,
1078 1011 1111 1072 ct
1132 1005 1234 1093 baec,
1258 1025 1343 1092 quae
1365 1005 1400 1072 in
1422 1005 1571 1092 catalogo
1594 1007 1700 1074 relatu
1720 1014 1812 1096 sunt,
1833 1011 2045 1100 Novellarnm

166 1104 317 1190 exempla
338 1107 422 1172 satis
446 1105 625 1173 declarant.
670 1103 746 1186 Sic,
769 1112 805 1172 ut
827 1105 940 1191 paucis
962 1105 1137 1194 delungar,
1158 1102 1200 1170 rui
1221 1107 1291 1190 περὶ
1311 1105 1512 1194 βουλευτῶν,
1533 1107 1646 1194 quibus
1660 1107 1772 1175 verbis
1793 1110 1955 1178 Noveliae
1979 1111 2042 1179 38.

166 1213 202 1274 et
226 1206 314 1271 101.
337 1208 571 1297 significantur,
594 1210 628 1275 in
649 1209 803 1276 Basilicis
823 1225 866 1274 uc
888 1212 966 1274 sunt
992 1205 1123 1293 quidem
1151 1206 1323 1274 collocuta.
1372 1207 1431 1276 Sic
1459 1209 1545 1276 euim
1572 1215 1685 1276 noster
1713 1212 1855 1297 scriptor
1880 1231 1910 1297 p.
1935 1209 2043 1278 035.ε

166 1314 204 1376 αἱ
230 1311 265 1374 δὲ
284 1305 360 1390 μηδ’
385 1305 466 1384 ὄλινς
487 1309 779 1392 κατασεριοθεῖσαι
800 1309 882 1372 εἰσὶν
909 1298 1019 1373 αὗται.
1064 1304 1139 1374 οὐδὲ
1160 1305 1181 1387 ἡ
1203 1304 1262 1388 λη’.
1286 1307 1389 1396 νεαρὰ
1411 1306 1628 1395 κατεστρώθη
1651 1344 1691 1360 -
1713 1308 1787 1376 οὐδὲ
1808 1308 1827 1389 ἡ
1848 1307 1909 1394 ρα’.
1933 1307 1953 1389 ἡ
1973 1315 2044 1398 napi

166 1413 348 1496 βουλευτῶν
360 1413 419 1491 ¹⁰).
442 1407 524 1476 Item
547 1411 629 1476 haec
652 1406 717 1475 ὅσα
729 1405 1014 1476 saracenatorum
1035 1405 1093 1475 τὸν
1114 1407 1221 1493 γάμον
1242 1411 1417 1498 διαιροῦσι,
1437 1411 1491 1476 ubi
1506 1410 1649 1478 Novella
1672 1409 1760 1476 140.
1784 1412 1996 1501 significatur,
2011 1415 2045 1480 in

167 1511 323 1578 Basilicis
346 1510 454 1596 posita
474 1531 539 1578 non
561 1515 647 1576 sunt.
685 1509 778 1578 ldem
798 1513 941 1598 scriptor
962 1532 993 1597 p.
1018 1509 1129 1577 aaran
1165 1508 1239 1578 uidi
1259 1507 1279 1590 ἡ
1301 1506 1364 1596 ρμ’.
1385 1510 1496 1596 crepui,
1519 1507 1588 1591 ἥτις
1607 1518 1835 1597 ἐπιγέγραπται
1855 1509 1943 1578 κατὰ
1964 1537 2045 1578 συν-

167 1617 291 1680 αίνεσιυ
318 1610 403 1678 λύειν
428 1609 489 1678 τὸν
516 1609 694 1696 pipern).
759 1611 911 1698 Denique
939 1613 995 1678 illa
1015 1610 1059 1678 τιὲ
1087 1615 1238 1698 περὶτοῦ
1270 1610 1313 1698 μη
1343 1613 1499 1695 γίνεσθαι
1523 1619 1607 1678 οἴκοι
1627 1610 1688 1688 τὰς
1716 1616 1931 1698 λειτουργίας,
1970 1615 2044 1702 qni·

165 1715 227 1782 bus
248 1714 393 1782 Novella
415 1711 477 1780 58.
499 1713 704 1800 designatur,
726 1713 761 1780 in
781 1713 934 1778 BasiIIcis
955 1731 1119 1800 uunquam
1140 1713 1276 1780 luerunt
1321 1715 1379 1780 Sic
1400 1713 1487 1781 cuim
1508 1713 1529 1778 l.
1553 1713 1591 1778 l:
1628 1709 1741 1792 abaci,
1772 1710 1830 1791 νη’.
1852 1711 1872 1792 ἡ
1893 1717 1961 1800 περὶ
1983 1709 2043 1781 τοῦ

166 1814 210 1898 μὴ
231 1817 389 1898 γίνεσθαι
410 1821 496 1881 οἴκοι
516 1818 720 1900 λειτουργίαν
741 1819 883 1899 λεγουσιν
894 1819 951 1895 ¹²).
1002 1815 1121 1902 Itaque
1144 1835 1209 1881 non
1230 1817 1398 1882 assentIor
1426 1812 1549 1894 Wiltio,
1573 1815 1627 1900 qui
1650 1821 1750 1879 totum
1772 1813 1858 1880 huno
1878 1815 2043 1884 Novella·

167 1939 234 1984 rum
252 1917 526 1998 constitutionum,
547 1917 602 2003 qui
617 1917 703 2005 apud
717 1915 912 1984 Micbailcm
927 1915 1071 1982 Psallam
1087 1917 1236 2004 babetur,
1255 1916 1436 2000 catalogum
1451 1914 1494 1981 ad
1509 1914 1651 1982 nltimam
1667 1915 1902 1982 enuntiationis
1915 1925 2042 2003 purtem

167 2025 204 2087 at
224 2021 259 2085 <lt
280 2019 426 2104 ἢργησιιν
446 2055 489 2070 -
510 2016 684 2100 δεξαμένου
705 2017 864 2106 retulerit,
885 2020 996 2104 itaque
1020 2017 1182 2084 Novellas
1204 2018 1238 2082 in
1258 2017 1470 2082 Basilicorum
1498 2016 1589 2081 libris
1611 2025 1782 2103 receptas,
1811 2017 1883 2104 sed,
1904 2037 1987 2104 quac
2008 2019 2042 2086 in
2086 2013 2092 2026 '

167 2120 415 2188 desuetudinem
436 2119 592 2206 abierint,
620 2119 682 2185 boc
700 2138 832 2186 numero
851 2118 1083 2204 comprehendi
1104 2117 1194 2185 solas
1209 2118 1314 2204 palam
1333 2117 1659 2203 pronuntiaverim).
1698 2113 1790 2198 Quae
1813 2135 1883 2184 cnm
1897 2120 1943 2184 ita
1964 2119 2042 2208 sint,

167 2222 368 2310 comparanti
389 2221 503 2308 cuique
530 2220 697 2308 utriusque
719 2221 767 2286 rei
788 2221 988 2306 catalogum,
1018 2227 1053 2286 et
1076 2221 1130 2307 qui
1150 2218 1238 2306 apud
1259 2225 1403 2285 nostrum
1424 2220 1633 2308 scriptorem,
1655 2223 1690 2284 et
1711 2218 1765 2304 qui
1786 2217 1872 2302 apud
1892 2218 2042 2286 MIcha‘e·

166 2324 230 2392 lem
251 2322 397 2388 l'sollum
418 2323 573 2402 babetur,
595 2342 661 2390 non
682 2322 811 2408 dubito,
832 2321 907 2408 quin
929 2322 1037 2408 aliqua
1059 2320 1262 2386 diversitatis
1284 2322 1368 2387 ratio
1391 2320 1527 2386 eluceat.
1566 2318 1617 2384 Ac
1639 2319 1773 2404 primum
1795 2318 1935 2410 quidem,
1958 2340 2042 2408 quae

165 2425 280 2493 verbis
301 2421 344 2488 τὰ
365 2426 434 2508 περὶ
456 2423 514 2488 τοῦ
536 2423 685 2501 διηνεκῶς
705 2433 808 2488 ποιεῖν
828 2419 888 2498 τας
909 2420 1117 2510 ἐμφυτεύσεις
1137 2422 1339 2508 significatur
1361 2420 1504 2488 Novella
1525 2421 1704 2487 centesima
1726 2421 1896 2504 vigesima,
1920 2424 1953 2487 in
1974 2425 2043 2489 Ba·

167 2527 328 2604 silicis¹⁴)
350 2523 509 2591 collocata
530 2531 584 2590 est
606 2523 745 2611 quidem,
766 2523 877 2611 itaque
899 2525 985 2590 inter
1007 2524 1078 2604 tras,
1102 2541 1187 2610 quac
1209 2523 1404 2590 alliobaelc
1426 2521 1573 2588 dicautur
1594 2521 1627 2586 in
1644 2519 1891 2587 desuetudinem
1906 2523 2041 2609 abiisse,

165 2626 343 2696 reserenda
364 2630 426 2690 est.
470 2624 572 2712 Atqui
593 2625 713 2704 nostri,
749 2643 842 2712 quem
865 2619 1006 2704 edimus,
1036 2625 1107 2690 libri
1138 2624 1296 2712 scriptor,
1332 2625 1385 2712 qui
1415 2622 1583 2690 tamenin
1615 2621 1675 2686 boc
1703 2640 1826 2706 genere
1847 2622 2041 2692 illustrando

173 2726 443 2814 diligentissimus
465 2745 543 2792 esso
563 2725 675 2807 voluit,
697 2725 783 2792 hunc
804 2725 912 2810 legem
932 2727 1020 2792 inter
1040 2744 1111 2806 eus,
1135 2743 1219 2812 quac
1241 2745 1312 2792 cum
1333 2726 1365 2792 iu
1381 2721 1725 2790 Basiliciscollocatae
1748 2729 1873 2806 essent,
1896 2744 1960 2791 non
1981 2746 2043 2792 usn

166 2828 330 2898 tamenin
353 2823 600 2893 desuetudinem
620 2826 778 2908 abierunt,
800 2827 962 2893 Novellas
984 2846 1049 2893 nou
1070 2826 1225 2892 retulisse
1247 2827 1421 2912 reperitur.
1471 2823 1611 2910 Reliqua
1632 2823 1727 2888 buius
1750 2823 1956 2892 diversitatis
1984 2845 2042 2894 ar·

165 2933 335 3020 gumenta,
358 2945 443 3016 quac
471 2924 663 3007 Williaa¹⁵J
706 2944 750 2992 cx
771 2927 914 2994 Novello
936 2925 998 2994 38.
1022 2935 1056 2994 ct
1082 2923 1169 2992 148.
1192 2934 1344 3014 repetere
1365 2927 1479 3015 voluit,
1499 2926 1547 2992 ita
1568 2932 1643 2992 sunt
1664 2932 1864 3014 comparata,
1887 2934 1922 2992 nt
1941 2947 2042 3014 prue-

165 3031 310 3098 iudicuta
330 3027 386 3094 illa
406 3026 576 3114 opinione,
597 3046 691 3115 quam
712 3047 812 3115 supra
832 3028 866 3094 iu
888 3027 994 3094 Psclli
1015 3028 1126 3094 verbis
1146 3028 1402 3115 interpretandis
1420 3027 1641 3106 refutavimus,
1671 3029 1830 3116 nitantur,
1873 3048 1957 3115 quae
1980 3031 2042 3098 boo

164 3135 239 3201 loeo
262 3139 298 3199 ut
322 3130 512 3211 refutentur,
536 3148 617 3214 opus
639 3148 704 3196 non
727 3135 790 3194 est.
835 3129 951 3215 Neque
974 3135 1082 3194 nmen
1104 3128 1233 3216 dubito,
1255 3131 1350 3218 quin,
1379 3129 1558 3216 quicunqne
1579 3128 1613 3192 ln
1634 3127 1735 3212 hanc,
1763 3147 1857 3214 quam
1878 3129 2042 3216 explicui·

165 3252 252 3322 muS,
279 3230 482 3298 diversitatis
502 3231 662 3296 rabonem
683 3231 858 3310 intueatur,
888 3236 1049 3312 nostrum,
1078 3249 1171 3316 quem
1194 3229 1334 3312 edimus,
1363 3231 1506 3297 libellum
1526 3227 1680 3294 Micbabli
1702 3227 1813 3296 Psello
1836 3229 2041 3298 abiudicata-

163 3356 223 3404 rus
245 3334 307 3420 sit,
329 3351 399 3398 cum
424 3331 618 3418 praesertim
640 3332 705 3398 ista
726 3332 821 3397 huius
842 3330 939 3396 libelli
962 3350 1033 3396 cum
1056 3332 1189 3418 reliquis
1202 3331 1451 3418 I'selliscriptis
1468 3332 1500 3394 in
1514 3329 1637 3396 Codice
1653 3327 1783 3396 Graeco
1804 3330 1907 3398 Paris,
1923 3331 2041 3401 1180.

173 3434 357 3503 coniunctio
373 3433 454 3498 tanti
468 3451 533 3498 non
547 3433 607 3519 sit,
629 3441 664 3499 ut
680 3433 723 3498 ad
741 3427 954 3516 Tonneberpi
967 3434 1161 3498 sententiam
1173 3433 1422 3499 confirmandam
1436 3430 1556 3497 exinde
1567 3431 1698 3498 multum
1713 3429 1868 3517 ponderis
1882 3434 2042 3502 accedere

163 3537 329 3606 videatur.
363 3568 406 3582 -
448 3533 486 3599 ln
508 3532 658 3619 reliquis,
686 3551 770 3622 quac
798 3539 912 3598 noster
938 3533 1080 3619 scriptor
1109 3533 1297 3620 adnotavit,
1331 3533 1507 3621 generibus
1528 3532 1767 3619 persequendis
1788 3534 1871 3599 adeo
1894 3534 1956 3600 sibi
1977 3556 2041 3604 non

163 3636 333 3722 constitit,
357 3641 408 3718 ut,
430 3651 514 3721 qnae
536 3631 577 3700 ad
599 3635 696 3702 alium
718 3635 874 3701 rubricam
895 3633 1077 3724 pertinent,
1107 3633 1148 3700 ad
1182 3635 1276 3702 aliam
1303 3635 1461 3702 retulerit.
1513 3633 1573 3700 Sic
1602 3654 1633 3720 p.
1658 3631 1761 3714 234,
1787 3653 1856 3700 cum
1879 3637 2043 3704 Novellas

160 3742 199 3806 in
221 3735 374 3804 Basilieis
395 3754 438 3802 ex
459 3741 556 3822 parte
578 3736 723 3822 positus,
747 3756 790 3803 ex
813 3741 908 3822 purte
929 3736 1068 3801 omissus
1091 3743 1354 3824 persequeretur,
1376 3734 1553 3802 Novellam
1581 3735 1876 3822 quinquagesimum
1899 3756 2042 3804 comme-

158 3841 317 3927 moravit,
338 3857 433 3926 quam
454 3856 496 3904 ne
518 3857 561 3904 ex
582 3844 677 3924 parte
697 3836 826 3924 quidem
847 3837 880 3902 in
902 3836 1054 3903 Basilicis
1075 3837 1177 3903 luisse
1199 3839 1272 3924 ipse
1293 3837 1511 3924 significum)
1534 3842 1568 3902 et
1589 3836 1696 3922 paullo
1719 3841 1794 3922 post
1814 3837 1899 3903 idem
1921 3840 2044 3906 contir-

158 3945 304 4020 matu).
347 3939 426 4027 lmo,
447 3937 531 4027 quod
551 3938 692 4026 mireris,
714 3957 816 4025 nsque
839 3937 922 4004 adeo
944 3937 1164 4023 negligentiae
1186 3940 1360 4026 processit,
1382 3943 1417 4003 ut
1438 3938 1492 4003 vel
1514 3939 1708 4025 geminatus,
1730 3956 1814 4023 quae
1835 3939 1936 4004 semel
1952 3947 2045 4010 certe

161 4041 299 4128 quidem
328 4041 360 4105 iu
387 4040 540 4104 Basilicis
567 4045 723 4126 receptae
754 4043 845 4125 sant,
866 4039 1028 4105 Novolias
1054 4045 1191 4126 utroque
1218 4039 1290 4104 loco
1319 4039 1351 4103 in
1375 4038 1528 4106 Basilicis
1551 4039 1729 4104 collocatas
1758 4057 1836 4104 esse
1859 4043 2042 4124 negaverit.

157 4140 328 4208 Siccam
357 4141 389 4204 in
419 4158 555 4224 corpore
577 4142 748 4208 CLXVIII
778 4140 988 4206 Novellarum
1015 4140 1203 4206 constitutio
1225 4143 1375 4218 LXXV„
1407 4159 1490 4226 «larue
1512 4142 1582 4224 περὶ
1610 4139 1674 4204 τῶν
1702 4135 1863 4217 ἐκκλήτων
1885 4142 2044 4220 ὲλκελιυς

162 4249 241 4323 est,
264 4247 299 4306 et
314 4241 416 4325 CIV,
440 4257 523 4324 quac
544 4241 613 4326 περὶ
633 4242 694 4304 τοῦ
714 4234 1072 4328 ιιραίτωροςΣικελιας
1094 4247 1159 4330 cst,
1181 4239 1326 4306 eiusdem
1348 4239 1433 4324 legis
1455 4239 1655 4326 exemplaria
1669 4239 1746 4320 sint,
1769 4248 1883 4306 noster
1904 4245 2045 4330 scriptor

150 4349 338 4429 utramque
359 4339 466 4425 legem
486 4340 519 4405 in
542 4337 694 4406 Basilicis
715 4341 812 4427 plane
834 4363 897 4408 non
920 4361 997 4409 esse
1020 4343 1159 4430 positam
1180 4341 1265 4406 satis
1288 4336 1534 4430 significat10),
1563 4359 1658 4426 quum
1679 4346 1788 4405 tamen
1810 4341 1900 4407 etin
1922 4344 2044 4410 nostris

148 4442 268 4511 Basit.
297 4445 355 4507 IX.
380 4438 415 4505 2.
441 4439 476 4506 5.
501 4440 551 4507 ed.
575 4439 776 4508 Hcimtocln'
797 4447 871 4508 tom.
895 4443 921 4508 l.
947 4463 978 4528 p.
1000 4439 1092 4508 450.
1117 4443 1284 4524 habeatur,
1316 4451 1350 4508 et
1378 4443 1484 4508 solam
1503 4441 1677 4509 Novellam
1699 4439 1837 4508 LXXV.
1863 4443 1898 4507 in
1919 4441 2044 4509 Basili-

145 4545 216 4614 cis
237 4541 450 4630 compilandis
470 4543 734 4630 praetermissam
756 4563 835 4613 esse
856 4543 972 4632 reliqui
992 4542 1072 4610 iuris
1094 4541 1214 4610 Graeci
1235 4543 1434 4630 interpretes
1456 4563 1518 4611 uno
1547 4563 1605 4610 ore
1631 4561 1744 4611 omnes
1771 4541 1944 4610 memorIue
1965 4563 2045 4632 pro·

147 4645 310 4714 diderint
323 4647 380 4728 ι9).
1981 4675 1985 4686 .

317 4843 371 4913 lle
398 4854 511 4914 aetate
539 4847 642 4914 nostri
673 4847 767 4929 libri,
796 4847 852 4936 qui
880 4848 1042 4936 epistolae
1070 4848 1202 4916 sormam
1223 4865 1304 4934 prae
1327 4867 1366 4915 sc
1389 4847 1528 4936 terrm),
1548 4847 1727 4913 iudicaturo
1748 4844 1825 4910 mibi
1847 4845 1919 4936 illa,
1950 4867 2046 4936 quam

149 4943 370 5036 Wiltins21)
392 4949 570 5037 proposuit,
592 4951 781 5016 coniectura
801 4948 934 5017 arridet.
979 4947 1059 5026 Cum
1081 4949 1166 5016 enim
1188 4949 1223 5015 in
1245 4948 1368 5016 Codice
1391 4947 1574 5018 ParIsicnsi
1595 4967 1666 5014 cum
1692 4945 1744 5012 bis
1772 4946 1863 5014 libris
1890 4952 1961 5038 περὶ
1989 4951 2045 5030 τῆς

265 5265 313 5327 10)
331 5265 402 5316 vrdc
419 5266 530 5318 disseri
545 5270 657 5321 librum:
678 5272 729 5322 Dte
743 5269 899 5322 Grrcbtclrtc
910 5271 961 5321 der
969 5269 1102 5322 Novellam
1118 5287 1144 5336 p.
1161 5273 1223 5324 447.
1242 5275 1271 5324 et
1287 5272 1346 5324 400.
1392 5271 1439 5330 Ill
1454 5270 1524 5320 Vide
1536 5269 1683 5320 armerum
1698 5271 1718 5320 I.
1736 5269 1755 5320 l.
1774 5284 1799 5334 p.
1817 5269 1881 5321 470.
1922 5273 2047 5332 tailllde

132 5359 315 5410 Merum
329 5349 481 5412 0010401.
516 5351 562 5412 10)
579 5354 598 5402 l.
610 5355 629 5404 l.
640 5368 666 5416 p.
679 5353 729 5404 001
743 5359 771 5403 et
788 5365 844 5418 seq.
880 5355 928 5413 14)
938 5353 1007 5406 Vide
1018 5355 1165 5408 Brennum
1181 5359 1201 5408 l.
1219 5358 1238 5408 l.
1257 5371 1282 5420 p.
1297 5356 1358 5406 400.
1394 5353 1606 5416 Ia)l.l.p.392.
1647 5353 1694 5411 lb)
1711 5349 1727 5418 ἦ
1745 5353 1773 5404 δὲ
1789 5353 1949 5424 πεντηκοστὴ
1967 5355 2048 5430 νεαρὰ

128 5439 149 5508 ἡ
173 5435 260 5508 περὶ
279 5432 402 5500 {nutritori
420 5431 467 5484 oda
483 5433 565 5500 ἐτέθη
584 5435 620 5496 εἰς
636 5435 672 5488 τοὶ
686 5434 822 5502 βασιλικά,
839 5431 872 5496 ὥς
887 5432 922 5488 τὰ
940 5433 1010 5488 orit&
1026 5441 1138 5504 tironum
1154 5444 1188 5510 τῇ
1204 5438 1259 5503 μα’.
1276 5441 1367 5510 νεαρρῑ.
1453 5437 1499 5497 17]
1524 5452 1548 5502 p.
1567 5439 1628 5488 aab.
1645 5437 1675 5488 αἱ
1692 5438 1719 5489 di
1736 5437 1798 5506 μηδ’
1817 5435 1881 5496 ὅλως
1898 5457 2047 5513 καταστρω-

126 5529 261 5577 aetam
281 5517 346 5570 εἰσὶν
364 5508 447 5569 αὗται
463 5545 499 5556 -
516 5515 577 5569 οὐδὲ
594 5516 610 5587 ἦ
626 5517 668 5584 ν’.,
685 5516 719 5580 ὥς
735 5523 846 5592 εἴρηται.
950 5522 998 5581 18)
1022 5537 1048 5588 p.
1065 5525 1125 5574 200.
1144 5521 1203 5576 orids'
1220 5517 1237 5590 ἦ
1255 5518 1299 5572 σε’.
1318 5517 1334 5585 ἢ
1352 5519 1413 5588 περὶ
1429 5517 1555 5588 ἐκκλήτων
1578 5521 1749 5580 Σικελίας-
1766 5521 1825 5574 oica
1850 5521 1934 5592 s'qu'.
1952 5519 1970 5593 ἦ
1986 5526 2047 5597 περὶ

125 5611 193 5662 τοῦ
228 5601 388 5675 πραλτινρος
404 5601 533 5660 Σικελίας.
670 5605 715 5667 10)
732 5605 803 5658 Vldc
821 5607 965 5658 Br‘raerucrn
982 5607 1000 5657 l.
1017 5609 1038 5658 l.
1055 5623 1082 5674 p.
1100 5607 1161 5660 400.
1280 5604 1330 5664 00)
1353 5619 1378 5667 p.
1397 5603 1456 5654 207.
1474 5600 1532 5656 ἀλλ’
1557 5602 1632 5677 ἀρκεῖ
1646 5605 1690 5656 καὶ
1706 5609 1793 5659 ταῦτα
1808 5609 1893 5680 μέτρῳ
1910 5607 2049 5678 ἐπιστολῆς
2066 5629 2069 5636 ·

126 5698 212 5748 Euo
237 5689 384 5754 pertinent
401 5691 429 5736 et
445 5687 495 5738 iila
510 5700 536 5750 p.
555 5686 629 5740 2044
647 5685 761 5756 ἐδεήθης
775 5693 876 5752 μαθεῖν
892 5687 955 5760 παρ’
973 5686 1053 5756 ἡμῶν.
1121 5691 1204 5750 0111.
1222 5689 1241 5741 l.
1259 5703 1285 5754 p.
1303 5688 1363 5739 002.

207 5778 266 5838 11·
1626 5769 1644 5837 Ι
