4824 7048
239 1055 669 1168 AaoaYmr
729 1053 1274 1168 scarpuoars
1341 1057 1457 1166 uu
1525 1053 1944 1174 Puuuurrs

789 1225 1405 1365 unauuauusp

241 1569 306 1656 (α’.)
317 1571 354 1650 ²).
398 1566 552 1652 Μακάριοι
560 1569 589 1650 ³)
610 1563 645 1652 ἦν
666 1567 702 1633 άι
723 1573 771 1634 καὶ
790 1575 833 1650 τῷ
854 1565 971 1652 nipast)
995 1597 1064 1652 σομ·
1201 1573 1265 1652 (1.)
1308 1576 1422 1632 Bonum
1457 1589 1531 1630 sane
1559 1575 1638 1632 foret
1664 1577 1753 1645 atque
1781 1573 2030 1648 iurisprudeutiae

156 1663 258 1762 ρίρον,
293 1659 371 1738 ιίπερ
393 1663 423 1720 oi
441 1651 494 1736 την
515 1651 627 1736 νομικὴν
648 1653 791 1736 μετιόντες
819 1659 982 1718 ι’ταπείνοον
1003 1664 1065 1720 tau·
1116 1659 1207 1733 utile,
1236 1660 1263 1715 si
1292 1660 1339 1732 bi,
1370 1659 1420 1731 qui
1449 1659 1520 1716 huic
1546 1659 1692 1716 scientiae
1714 1675 1832 1731 operam
1854 1661 1944 1732 daut,
1976 1674 2032 1717 se-

156 1767 233 1818 τοος,
255 1747 436 1822 πεπεισμένοι
456 1737 580 1821 μεγάλην
598 1743 646 1802 καί
675 1737 911 1821 δοσκατάληπτον
938 1747 1066 1823 μετίρχε·
1117 1749 1178 1802 met
1201 1745 1284 1815 ipsos
1307 1748 1545 1816 compescerent,
1574 1759 1640 1800 cum
1662 1757 1799 1817 magnam
1827 1761 1895 1802 sese
1916 1745 2031 1802 atract-

155 1836 231 1890 σθαι
257 1833 370 1910 τέχνην,
392 1829 439 1888 καὶ
465 1825 548 1904 μόνοι
576 1823 673 1906 πρὸὅ)
701 1831 758 1887 τῶν
785 1821 962 1906 πραγμάτων
989 1824 1064 1888 καθ’
1117 1830 1234 1900 lemque
1262 1827 1340 1886 scitu
1369 1833 1461 1886 artem
1490 1829 1601 1885 ambire
1630 1829 1687 1885 sibi
1715 1829 1944 1902 persuaderent,
1979 1834 2031 1886 at-

153 1909 275 1985 εαοιούς
301 1919 360 1974 πᾶν
381 1906 505 1991 ἠρεύνων
526 1914 678 1991 θέσπισμα
700 1913 747 1971 καί
768 1907 801 1971 τό
823 1910 936 1992 ἀκριβὲς
967 1908 1066 1992 ίξεύρι-
1120 1929 1189 1994 que,
1209 1919 1366 1984 antequam
1387 1914 1507 1988 negotia
1523 1913 1713 1988 attingerent.
1736 1929 1788 1986 pro
1808 1931 1842 1970 se
1856 1915 1911 1972 soii
1929 1930 2032 1972 omues

156 1997 265 2077 oxor⁶)
287 1999 334 2058 καὶ
356 1991 508 2068 aduocata
529 1991 563 2057 τό
585 1998 697 2057 διαιτᾶν
710 1989 807 2068 άλλοις
817 1999 845 2074 ⁷)
868 1993 906 2057 τά
925 1992 1068 2078 άμηισβη·
1119 2000 1206 2073 leges
1228 2003 1484 2070 perscrutarentur
1511 1997 1616 2070 idque,
1644 1998 1720 2070 qaod
1751 2015 1811 2054 rem
1839 2014 1895 2055 acu
1922 2005 2033 2074 tange-

155 2078 280 2184 τούμεηα
301 2077 431 2162 ἐχούροείν.
475 2076 550 2140 άλλά
580 2085 629 2141 νῦν
649 2075 707 2160 πρό
730 2075 926 2160 μαθόσεωςθ)
950 2084 991 2152 είς
1011 2085 1069 2162 apf-
1119 2088 1176 2154 ret,
1198 2083 1373 2154 invenirent,
1395 2084 1495 2155 itaque
1518 2083 1555 2138 ad
1571 2099 1678 2140 causas
1695 2083 1764 2138 aliis
1785 2083 1958 2140 iudicandas
1974 2099 2031 2141 ac-

155 2189 215 2239 σεις
237 2188 370 2246 ηττοντες
398 2169 427 2226 ἐν
453 2166 536 2241 πίθῳ
568 2169 619 2244 τῆς
639 2163 812 2246 κεραμίαςθ)
845 2157 992 2246 ἄρχεσθαι
1012 2169 1070 2228 δεῖν
1121 2168 1271 2226 cederent.
1314 2168 1373 2225 Sed
1396 2169 1500 2240 bodie,
1523 2175 1678 2239 antequam
1701 2169 1835 2242 discant,
1857 2169 1887 2224 in
1910 2184 1959 2224 res
1979 2169 2032 2226 iu-

154 2250 272 2314 οίονται.
315 2249 350 2314 ού
383 2245 439 2328 μὴν
475 2243 550 2309 άλλά
589 2251 637 2310 καί
667 2247 787 2320 τούτους
818 2249 868 2330 μίν
895 2254 990 2311 ίατίον
1017 2247 1069 2330 την
1121 2253 1447 2310 dicandasruuatetin
1465 2253 1553 2326 doiio,
1575 2254 1713 2326 utaiunt,
1736 2269 1856 2324 senpus
1875 2253 2033 2327 tiguiinum

154 2340 266 2398 ίαοτούν
286 2331 539 2416 πορεύεσθαιίῐ)
569 2331 637 2414 ἡμῖν
660 2334 689 2394 δὲ
717 2330 751 2396 τό
773 2337 837 2414 περί
866 2339 917 2413 τῆς
938 2337 1068 2415 κληρονο·
1120 2338 1252 2410 incipere
1266 2338 1374 2394 debere
1389 2338 1520 2394 credunt.
1555 2340 1758 2394 Veruntamen
1779 2339 1834 2394 hos
1853 2338 1969 2409 quidem
1984 2339 2031 2394 si-

153 2423 224 2500 μίας
244 2426 303 2482 τῶν
324 2423 455 2497 πατίρων
476 2413 524 2479 διά
545 2439 577 2479 τε
598 2423 656 2480 τοῖν
676 2421 808 2480 παλαιῶν
829 2414 923 2496 νόμων
944 2422 990 2480 καί
1012 2427 1070 2480 τῶν
1119 2424 1248 2480 neudum
1264 2429 1309 2478 est
1332 2424 1381 2478 via
1395 2424 1512 2497 ingredi
1529 2439 1600 2492 sua;
1624 2423 1708 2479 nobis
1723 2427 1822 2478 autem
1837 2424 1973 2494 quaestio
1995 2423 2033 2478 de

153 2511 265 2584 νεαρῶν
286 2503 450 2582 σομπλακὲκ
471 2500 580 2584 ζότημα
602 2507 800 2582 σαηηνιστίον,
822 2501 869 2564 ι”να
889 2499 928 2582 μὴ
946 2499 993 2566 διά
1015 2501 1069 2576 τάς
1119 2512 1235 2580 patrum
1258 2507 1452 2572 haereditate,
1475 2513 1533 2564 tam
1556 2508 1684 2578 antiquis
1707 2509 1839 2581 legibus,
1862 2523 1948 2580 quam
1962 2508 2032 2564 No-

152 2586 259 2668 νεαράς
285 2590 460 2668 νομοθεσίας
496 2593 526 2648 οί
551 2581 661 2648 εόκολοι
689 2583 742 2648 τόν
768 2593 835 2648 νοῦν
862 2584 1069 2669 ταραττόμενοι
1119 2593 1207 2648 veliis
1229 2607 1372 2664 connexa,
1395 2591 1572 2648 illustranda
1590 2599 1646 2664 est,
1669 2608 1705 2648 ne
1721 2593 1858 2649 Novellis
1882 2593 2033 2648 coustitu-

151 2680 206 2753 τῆς
227 2671 371 2753 ἀκριβείας
387 2666 602 2751 διαμαρτάνοντι
623 2673 670 2731 καὶ
693 2677 721 2733 oi
739 2667 896 2750 κρινόμενοι
918 2669 1067 2753 βλάπτων·
1119 2677 1252 2733 tiunibus
1274 2675 1428 2732 admodum
1452 2677 1559 2732 faciles
1587 2678 1806 2750 perturbentur,
1835 2681 1865 2732 et
1886 2678 1926 2750 id,
1955 2677 2033 2749 quod

151 2755 266 2836 varst).
287 2789 326 2802 -
354 2753 475 2860 (ss·)¹³>
518 2753 676 2836 iatam)
698 2763 856 2836 τοιγαροῦν,
878 2753 923 2818 ότι
944 2764 995 2819 τοῦ
1016 2753 1068 2837 με’.
1119 2777 1222 2817 verum
1245 2765 1306 2834 est,
1328 2763 1573 2834 praetermittant,
1596 2763 1825 2835 litigatoresque
1848 2763 1952 2818 damno
1974 2761 2032 2816 ad-

150 2845 264 2924 βιβλίον
285 2844 320 2903 τί.
343 2839 440 2917 d.¹⁵)
464 2835 650 2920 διαλαμβάνει
670 2845 788 2919 περίτι
809 2847 866 2902 τῶν
888 2839 948 2904 άπὸ
970 2865 1068 2922 μητρι·
1119 2847 1316 2903 ticiantur.-
1337 2845 1400 2921 (Β.)
1415 2846 1573 2904 Sciendum
1596 2853 1642 2902 est
1664 2848 1758 2921 igitur
1780 2847 1848 2904 iibri
1870 2847 1966 2903 XLV.
1988 2847 2033 2903 ti-

151 2927 262 3006 apem)
286 2927 473 3006 κληρονομίας
499 2929 653 3006 ἐρχομένων
678 2937 739 2998 τοῖς
759 2927 841 2988 παισί
861 2929 907 2988 καί
929 2933 987 2988 τῶν
1008 2923 1068 2988 άπό
1120 2931 1183 2987 taio
1206 2927 1238 2990 1.
1260 2931 1311 3005 agi
1334 2931 1371 2986 de
1394 2931 1457 3004 bis,
1480 2947 1555 3003 quae
1578 2946 1615 2987 ex
1637 2940 1768 2988 materna
1790 2931 1973 2990 haereditate
1994 2931 2033 2987 ad

150 3013 342 3092 κληρονομίας
368 3006 496 3070 πάππων
525 3013 572 3070 καί
599 3007 786 3086 προπάππων
817 3009 974 3092 μητρόθεν.
1021 3013 1070 3072 καί
1119 3016 1231 3072 liberos
1252 3016 1444 3088 perveniant,
1467 3031 1601 3088 quaeque
1630 3032 1668 3072 ex
1696 3017 1879 3072 haereditate
1908 3031 2031 3073 avorum

150 3094 264 3156 cedaar
293 3091 397 3174 apest)
419 3097 519 3174 χρῆσιν
539 3097 637 3156 δίδωσι
658 3099 700 3172 τῷ
722 3099 820 3176 πατρί,
844 3094 894 3178 τὴν
915 3097 944 3158 di
966 3099 1068 3158 δεσπο·
1120 3116 1354 3174 proavorumque
1376 3116 1414 3158 ex
1436 3107 1569 3160 materna
1591 3099 1678 3158 linea.
1728 3105 1829 3172 Atque
1851 3101 1955 3157 harum
1977 3115 2031 3157 re-

149 3181 234 3242 τείαν
254 3191 313 3251 τοῖς
334 3181 441 3240 παισίν.
484 3177 589 3258 ὁμοίως
616 3181 663 3240 καί
691 3176 787 3242 πάντα
808 3177 845 3242 τά
871 3177 931 3244 άνιό
963 3185 1069 3262 ηιλοτι·
1120 3201 1185 3242 rum
1213 3187 1428 3241 usumfructum
1459 3186 1573 3258 parenti
1602 3185 1667 3260 dat,
1703 3186 1805 3242 liberis
1834 3194 1932 3242 autem
1960 3201 2033 3258 pro-

147 3265 221 3342 μίας
249 3269 300 3344 τῆς
327 3259 411 3344 τύχης
437 3266 484 3325 καὶ
504 3261 640 3341 καμάτων
666 3267 742 3326 totas
773 3261 902 3346 κτύμενα
923 3279 983 3338 τοῖς
1004 3289 1068 3328 παι·
1120 3271 1285 3342 prietatem.
1328 3270 1472 3328 Similiter
1494 3271 1581 3326 ctiam
1604 3269 1712 3342 omnia,
1734 3285 1810 3340 quae
1831 3272 1969 3327 fortunae
1990 3269 2035 3326 li-

149 3351 209 3422 σίν,
229 3351 277 3410 καί
299 3353 392 3409 ταῦτα
413 3342 640 3427 άτιροσπόριστα
662 3343 799 3428 ὀνομάζει,
820 3351 867 3410 καί
888 3347 997 3414 τούτων
1018 3347 1070 3431 ripe
1119 3355 1277 3412 beralitate
1300 3355 1347 3410 rei
1370 3371 1408 3411 ex
1429 3355 1580 3412 laboribus
1604 3355 1690 3412 liberi
1713 3355 1870 3426 acquirunt
1892 3355 1974 3429 suis,
2003 3360 2035 3412 et

148 3431 205 3512 ptr
227 3431 384 3514 χρῆσινῑθ)
406 3435 505 3492 δίδωσι
526 3437 567 3506 τῷ
589 3435 686 3512 πατρί,
708 3429 759 3511 την
780 3433 808 3493 δὲ
830 3437 998 3497 δεσποτείαν
1009 3449 1069 3508 τοῖς
1120 3439 1196 3496 haec
1217 3433 1444 3519 άπροοπόριστα
1466 3441 1605 3514 appellat,
1635 3441 1795 3510 horumque
1817 3441 2034 3496 usumfructum

151 3521 246 3581 παισί
253 3513 312 3596 ¹⁹),
343 3519 391 3576 καὶ
413 3515 577 3596 διορίζεται,
605 3513 650 3577 ἵνα
671 3517 716 3577 dni
737 3523 811 3578 πάσι
831 3517 997 3600 roborem)
1017 3515 1069 3602 μή·
1119 3525 1198 3598 patri
1220 3523 1373 3596 concedit,
1405 3524 1509 3580 liberis
1532 3525 1757 3597 proprietatem,
1786 3525 1933 3596 simulque
1955 3525 2032 3581 deti-

147 3623 185 3663 τε
214 3600 231 3664 ό
260 3595 357 3681 πατὴρ
385 3598 432 3682 ἔχη
453 3599 638 3678 uocatam)
662 3603 865 3677 διατίθεσθαι,
893 3601 942 3666 δάν
967 3627 1068 3686 προτι·
1120 3609 1183 3682 nit,
1213 3613 1246 3664 ut
1273 3607 1310 3664 de
1332 3609 1380 3666 his
1402 3611 1536 3665 omnibus
1559 3625 1654 3681 aeque
1676 3613 1773 3682 pater,
1801 3610 1828 3666 ai
1850 3615 1918 3666 aute
1940 3610 2034 3666 fliium

146 3689 241 3764 λευτᾷ
266 3690 317 3748 τού
344 3682 464 3759 παιδός,
493 3682 561 3746 ἀλλ’
584 3683 712 3766 ἐξαίρετα
734 3693 828 3748 ταῦτα
856 3693 898 3765 τῷ
919 3693 999 3750 παιδί
1020 3713 1068 3751 κα·
1119 3693 1288 3766 moriatur„
1315 3697 1521 3751 testamentum
1552 3693 1683 3750 faciendi
1711 3697 1885 3766 potestatem
1912 3695 2032 3764 babeat,

145 3767 390 3852 aoehpndrffl'),
418 3767 490 3850 μήτε
517 3766 533 3832 ό
565 3767 627 3841 νίός
654 3773 850 3850 προιελεοταῑν
877 3779 929 3834 τοῦ
957 3773 1069 3854 πατρὸς
1119 3793 1224 3834 verum
1251 3777 1326 3836 haee
1354 3779 1515 3852 praecipua
1537 3779 1596 3837 titio
1619 3779 1781 3852 relinquat,
1818 3795 1913 3850 neque
1941 3781 2033 3851 titius,

146 3853 200 3936 ἔχη
228 3855 358 3930 ἐξουσίαν
384 3858 430 3916 dai
459 3850 571 3925 τούτοις
600 3857 806 3932 διατίθεσθαι,
842 3853 918 3918 άλλά
937 3859 1068 3938 κληρονο-
1120 3863 1148 3919 ai
1168 3867 1238 3918 ante
1250 3869 1362 3935 patrem
1383 3863 1532 3936 moriatur,
1554 3864 1591 3920 de
1612 3863 1660 3920 bia
1682 3869 1889 3920 testamentum
1913 3864 2033 3920 facien-

142 3941 245 4022 pfp²³i
275 3935 370 4002 πάντα
391 3937 408 4002 ό
431 3934 536 4019 πατήρ.
571 3973 614 3984 -
652 3936 769 4022 (y'.)¹⁴)
808 3940 855 4002 Ἐν
876 3943 905 4003 δὲ
926 3947 967 4019 τῷ
989 3941 1068 4022 αύτῷ
1120 3947 1151 4003 di
1172 3951 1350 4019 potestatem
1372 3947 1492 4022 babeat,
1513 3965 1615 4005 verum
1638 3949 1734 4005 omnia
1756 3948 1951 4004 haereditatis
1973 3963 2033 4004 no-

144 4025 240 4101 τίτλῳ
261 4020 403 4104 ίρμηνεύει
424 4029 546 4104 σαφῶς,
569 4019 616 4086 ότι
637 4023 674 4086 τά
696 4024 726 4098 ἐξ
747 4029 844 4086 αἰτιῶν
856 4027 903 4106 ²⁵)
926 4029 973 4088 καὶ
992 4051 1066 4107 πρα·
1118 4032 1197 4090 miae
1218 4039 1304 4103 pater
1331 4033 1438 4104 capiat.
1459 4067 1501 4078 —
1525 4032 1588 4110 (3.)
1621 4035 1655 4090 ln
1686 4033 1789 4090 eodem
1817 4037 1914 4090 autem
1944 4033 2031 4090 titulo

144 4102 269 4187 ημάτωι
289 4113 341 4169 τού
370 4103 482 4185 πατρός
502 4103 696 4184 περιελθόντα
724 4114 764 4186 τῷ
793 4113 874 4172 παιδί
896 4109 992 4174 πάντα
1013 4117 1067 4175 τού
1116 4117 1276 4174 manifesto
1304 4117 1452 4190 declarat,
1486 4133 1537 4192 ea,
1573 4134 1649 4190 quae
1680 4134 1718 4174 ex
1747 4117 1848 4174 causis
1884 4119 2034 4192 rebusque

143 4188 266 4270 πατρός
286 4195 395 4267 arcam)
417 4195 464 4252 aui
486 4194 669 4270 διαφέρουσιν
696 4191 775 4271 αύτῷ
796 4198 843 4256 καί
869 4193 945 4258 κατά
966 4203 1067 4278 χρῆσιν
1117 4201 1250 4274 paternis
1279 4202 1317 4257 ad
1343 4202 1436 4258 tilium
1464 4207 1677 4274 pervenerunt,
1700 4204 1797 4259 amaia
1825 4203 1919 4275 patris
1949 4219 2029 4276 esse,

143 4275 201 4336 καὶ
217 4272 292 4336 κατά
312 4278 489 4338 δεσποτείαν.
510 4273 548 4337 τά
562 4277 592 4338 δὲ
605 4279 835 4360 suessonam)
850 4277 985 4342 πεκούλιά
999 4304 1069 4362 φησι
1119 4286 1157 4341 ad
1179 4301 1306 4358 eumque
1329 4287 1477 4359 pertinere
1499 4293 1528 4344 et
1550 4289 1586 4344 ad
1609 4287 1826 4345 usumfructum
1849 4292 1879 4345 et
1900 4287 1938 4343 ad
1956 4302 2031 4360 pro-

142 4355 300 4440 ίδιόκτηια
332 4358 459 4439 atsaiw)
497 4363 544 4422 καί
578 4358 710 4440 άρμόζειν
725 4361 771 4442 ¹⁹)
809 4377 870 4437 τοῖς
903 4369 987 4428 παισί
1020 4370 1068 4428 καὶ
1119 4371 1283 4442 prietatem.
1326 4373 1498 4429 Castrensis
1521 4377 1617 4430 autera
1641 4373 1759 4444 peculia
1780 4365 1924 4450 ίδιόκτητα
1951 4387 2032 4443 ease,

141 4440 229 4505 κατά
250 4449 352 4526 χρῆσιν
373 4447 419 4505 καί
440 4441 516 4506 κατά
538 4446 718 4508 δεσποτείαν·
741 4446 846 4529 ὁμοίως
868 4451 1067 4530 διαηίρεινθθ)
1118 4455 1193 4512 dicit
1220 4455 1259 4511 ad
1285 4456 1454 4527 liberosque
1476 4462 1533 4513 tam
1562 4458 1599 4513 ad
1628 4459 1855 4530 usumfructum,
1885 4471 1971 4527 quam
1993 4457 2033 4512 ad

141 4539 213 4600 τοῖς
246 4531 331 4591 παισὶ
365 4527 404 4590 τά
439 4528 543 4592 doceri
577 4533 807 4614 καστρίνσιαθί)
835 4531 978 4598 πεκούλια.
1020 4539 1068 4598 καὶ
1117 4541 1328 4612 proprietatem
1351 4543 1516 4613 pertinere3
1539 4542 1734 4614 similiterque
1757 4543 1845 4599 etism
1867 4541 1953 4612 quasi
1975 4555 2033 4598 oa-

1116 4626 1246 4682 strensia
1275 4626 1394 4698 peculia
1421 4625 1460 4682 ad
1488 4625 1598 4684 liberos
1627 4628 1785 4700 pertinere.
1826 4627 1928 4698 Atque
1955 4626 2032 4684 haec

136 4701 551 4720 m

302 4832 333 4892 1)
350 4831 442 4885 Codex
458 4835 544 4886 Paris.
555 4836 625 4885 bunc
642 4836 762 4898 praefert
778 4837 898 4887 tttuinm:
916 4837 1056 4908 προοίμιον
1072 4839 1233 4906 τοῦλόγου,
1250 4843 1302 4892 boc
1320 4845 1370 4906 ast,
1387 4845 1496 4896 initium
1513 4845 1667 4906 tractatas,
1685 4843 1731 4906 qui
1748 4845 1836 4892 tamen
1854 4843 1882 4892 iu
1899 4841 1964 4892 Bou.
1976 4844 2031 4894 de·

137 4903 202 4951 est.
236 4897 324 4963 Λάμον
342 4907 465 4953 ausuum
483 4905 581 4954 tibrum
599 4904 653 4952 dict
670 4915 728 4966 cap.
748 4905 773 4954 3.
792 4908 972 4957 demonstrat:
990 4907 1034 4956 aui
1050 4907 1184 4974 μαθήσεις
1201 4906 1389 4975 ύπσβαίνοντος
1405 4914 1454 4963 τοῦ
1471 4911 1561 4976 λόγου.
1596 4912 1655 4972 Ego
1679 4915 1761 4960 totam
1784 4921 1840 4960 reru
1859 4912 2032 4961 omittendam

137 4970 255 5034 pratavt,
273 4973 336 5032 quta
352 4971 401 5020 iiia
417 4969 502 5022 verba
518 4971 658 5042 προοίμιον
674 4975 724 5022 τοῦ
740 4969 820 5036 λόγον
837 4977 920 5036 eapttt
938 4978 1025 5037 primo
1043 4981 1217 5040 conventam,
1234 4981 1346 5042 reliquis
1364 4992 1419 5030 uon
1435 4983 1509 5030 item.
1593 4979 1624 5036 2)
1641 4979 1773 5028 Numerus
1795 4976 1828 5027 α’.
1848 4981 1877 5027 iu
1894 4979 1960 5028 Bou.
1981 4981 2031 5029 de-

135 5041 201 5088 est.
236 5035 324 5084 uuam
341 5039 369 5086 in
386 5039 473 5088 Paris.
491 5041 518 5088 tu
536 5043 641 5090 numeri
658 5041 692 5089 ad
709 5045 858 5106 marginem
883 5041 991 5093 Codicis
1009 5049 1112 5094 uantum
1136 5047 1266 5096 trabuntur
1289 5047 1398 5096 adiecti.
1518 5046 1557 5096 Ad
1579 5043 1707 5112 μακάριον
1732 5045 1866 5096 adiectum
1890 5053 1932 5096 est
1953 5045 2031 5116 μεθ’.

135 5108 172 5155 in
190 5101 260 5151 Bou.
278 5105 393 5166 aprima
404 5118 492 5156 maura.
511 5108 592 5170 Vide,
605 5119 672 5170 quae
684 5112 835 5158 notavimus
846 5113 874 5158 tu
887 5111 972 5185 libro:
992 5113 1156 5178 zeitscirrtst
1163 5115 1216 5178 [tir
1223 5115 1379 5179 pescirtcbtt.
1392 5115 1696 5181 Recbtrwtsseuscbul‘t,
1713 5115 1841 5180 ίιενιιιιοη.
1859 5129 1885 5165 ο.
1898 5116 2033 5180 Sarttqap,

134 5227 214 5274 tom.
232 5220 302 5270 vin.
322 5235 346 5283 p.
364 5220 432 5306 ³30.
491 5223 523 5282 4)
540 5225 594 5275 Pro
611 5220 681 5288 νόμῳ
698 5226 765 5274 Bou.
783 5226 864 5304 babet
881 5192 925 5292 ό,
954 5239 1006 5290 qno
1030 5241 1084 5279 vox
1108 5233 1184 5297 κοινῷ
1202 5234 1351 5296 significari
1368 5232 1480 5282 videtur.
1583 5235 1613 5292 ο)
1634 5229 1699 5300 πρὸς
1721 5233 1787 5282 Bon.
1890 5233 1920 5292 δ)
1937 5221 2039 5298 ιἐιύρσς

133 5295 214 5342 Bon·
317 5289 347 5348 d)
368 5291 490 5355 αλληλοις
505 5293 570 5340 Bou.
673 5292 703 5349 Β)
719 5295 911 5358 προμαθησεοις
928 5297 992 5344 uon.
1095 5299 1124 5357 a)
1141 5302 1276 5369 κεραμείας
1294 5304 1359 5350 Bon.
1465 5299 1509 5359 11)
1535 5299 1715 5368 πορνεύεσθαι
1736 5303 1802 5349 Bou.
1898 5303 1944 5359 12)
1966 5299 2031 5364 βλά-

132 5357 340 5439 mrmurB’on.
358 5357 431 5406 Idem
449 5360 476 5407 in
495 5363 621 5409 contextu
640 5360 692 5408 hoo
708 5361 842 5410 acholium
859 5363 944 5412 addit:
974 5352 1052 5422 ούτος
1069 5357 1104 5424 εἷς
1121 5367 1176 5418 fura
1193 5369 1269 5431 ierac
1286 5367 1313 5418 ίν
1330 5365 1392 5417 εἴδει
1410 5368 1518 5430 σχολίοιν
1535 5369 1656 5419 ἐνταῦθα
1678 5369 1769 5424 τεθεὶς
1794 5367 1821 5418 ίν
1838 5372 1875 5434 τρῖ
1891 5371 1973 5419 παντὶ
1989 5369 2030 5427 ις’.

131 5443 202 5484 καφ.
222 5423 266 5472 καὶ
283 5425 436 5475 ακολοοθιῑν
452 5429 508 5483 τοῖς
524 5427 745 5496 προτεταγμένοις
762 5425 885 5492 σημείοις.
919 5425 1075 5494 ἀναγνώσεις
1091 5440 1185 5486 τοῦτον
1208 5435 1275 5486 κατὰ
1298 5435 1439 5496 σιινίχειαν.
1480 5439 1687 5488 Ζαοίιανίιιεειοε
1723 5439 1858 5498 „scribae
1883 5438 2030 5488 adnotatio.

131 5495 217 5560 „Est
235 5505 304 5540 auus
321 5497 401 5556 atque
419 5495 567 5544 cohaerens
586 5499 718 5545 tractatus
736 5497 754 5546 t.
774 5509 799 5547 e.
817 5495 849 5545 ad
870 5501 909 5548 nt.
928 5499 970 5548 1⁰.
988 5501 1097 5553 litterae
1120 5499 1151 5554 κ’.
1169 5510 1334 5566 synopseos.
1366 5501 1470 5566 Σημεῖα
1487 5511 1550 5554 strat
1576 5511 1656 5556 actae
1674 5501 1710 5554 α’.
1727 5503 1760 5570 pi.
1780 5513 1831 5554 etc.
1856 5508 1884 5554 ta
1909 5509 2031 5568 margine

129 5559 347 5628 ,‚sdscrtptae.“
381 5561 428 5620 1³)
444 5561 681 5625 ffideeettuiion.
717 5562 943 5624 ruptariorum.
979 5565 1023 5633 id)
1041 5571 1107 5620 Bou.
1124 5589 1160 5620 τι.
1177 5563 1230 5632 δεῖ,
1248 5573 1332 5621 Paris.
1342 5573 1376 5621 ιλ
1389 5569 1423 5620 α’.
1441 5573 1634 5623 i'tdeitastttca
1648 5573 1778 5624 cumam.
1794 5579 1857 5622 tom.
1869 5575 1915 5623 vt.
1932 5587 1958 5636 p.
1972 5573 2030 5622 ror.

130 5633 191 5689 16)
212 5631 259 5678 Sto
278 5630 342 5678 iton.
359 5655 394 5666 -
410 5629 498 5680 Paris.
514 5634 650 5700 μητρασῖς.
737 5633 783 5692 17)
799 5629 849 5698 τὴν
864 5635 912 5696 μὲν
929 5637 993 5686 buu.
1063 5639 1110 5698 18)
1127 5641 1181 5689 Ριο
1196 5641 1290 5703 χρῆσιν
1309 5643 1372 5688 Bou.
1391 5629 1455 5708 ,ηρηἈ
1475 5642 1563 5690 babet.
1655 5641 1701 5700 19)
1718 5643 1809 5692 Verba
1825 5639 1873 5706 την
1890 5639 1918 5690 ot
1934 5641 2030 5692 δεσπο-

128 5697 222 5748 τείνιν
239 5699 296 5753 τοῖς
313 5695 392 5747 παισὶ
409 5699 436 5747 fu
455 5699 541 5748 Paris.
559 5700 664 5750 desunt.
733 5701 782 5762 20)
797 5700 903 5762 τούτοις
919 5703 985 5754 ποῖοι
1003 5705 1069 5756 Bon.
1143 5707 1193 5766 21)
1207 5705 1327 5764 ἐξουσίαν
1344 5707 1389 5776 ἔχη
1407 5711 1472 5760 Bos.
1540 5710 1587 5769 22)
1605 5695 1747 5770 καταλ.ιά””
1766 5713 1831 5760 Bon·
1904 5710 1952 5768 23)
1969 5710 2030 5772 κλη-

127 5779 224 5878 ρονόό*
240 5797 306 5848 Bon.
380 5797 428 5857 2⁴)
445 5797 574 5882 y'udeehet
590 5803 618 5850 iu
637 5801 704 5852 Bou.
784 5803 830 5862 25)
846 5801 964 5862 ίξιιιτιοῖν
981 5809 1045 5856 Bou.
1123 5807 1173 5866 26)
1191 5803 1292 5874 πατρὸς
1308 5805 1358 5858 riui
1375 5809 1441 5859 Bon.
1525 5811 1574 5870 2⁷)
1591 5801 1697 5883 xuvrqi's
1707 5813 1773 5863 Bon.
1846 5811 1894 5873 28)
1916 5797 1982 5861 εἶναι
2001 5811 2029 5858 iu

126 5869 234 5918 Pam·
253 5867 339 5918 deest.
406 5867 455 5928 29]
472 5867 579 5939 ιιρμόςει
594 5869 681 5922 earm
759 5869 806 5929 30)
823 5870 979 5945 διαφίροντοι
998 5876 1062 5924 Bou.
1145 5875 1193 5935 81)
1215 5867 1307 5946 κακά’
1326 5879 1389 5927 bon.
