4784 7068
600 609 604 617 .
704 549 1433 624 Nov.1US'r1n.'1'1i'.x.
1943 564 2019 634 127

154 749 183 804 α’
199 742 268 822 ὑπὲρ
290 737 357 813 τούς
377 737 409 821 γ’.
430 745 536 814 παῖδας
563 740 578 802 ύ
608 737 711 822 ταύτης
738 741 792 824 ἔχει
814 738 932 823 σύμβιος
959 742 987 816 ἐξ
1014 741 1062 804 nri·
1106 744 1252 819 indotata,
1279 749 1305 803 si
1335 747 1400 820 plus
1428 753 1487 806 tres
1516 749 1625 806 liberos
1654 753 1743 809 huius
1766 757 1888 815 maritus
1911 775 1948 816 ex
1971 761 2019 816 lais

152 836 205 890 wo
226 831 277 888 σοῦ
298 823 389 905 γελμοο
416 823 433 906 ἢ
460 827 507 888 καλ
528 829 635 904 ἑτέρου,
670 823 764 908 upon)
796 823 829 888 τύ
856 831 992 908 τίταρτου
1012 833 1063 908 τῆς
1105 831 1180 904 ipsis
1210 833 1321 902 nuptiis
1351 834 1439 890 babet
1466 838 1518 890 aut
1546 836 1633 890 etiarm
1663 837 1735 911 (ex)
1762 841 1849 914 aliis,
1886 851 2019 914 quartam

152 910 255 974 τούτου
282 915 447 992 περιουσίας
472 913 652 990 λαμβανέτω,
687 919 717 974 eir
749 914 878 990 τελευτῆς
911 910 928 990 ἢ
963 917 1061 990 (lenov-
1106 919 1216 986 partem
1231 931 1269 972 ex
1288 915 1383 988 ipsius
1394 919 1570 991 substantia,
1592 921 1618 975 si
1642 937 1692 992 per
1712 931 1832 980 mortem
1854 935 1906 982 aut
1926 943 2020 1000 repu-

153 999 251 1070 dr'or·¹)
274 1003 326 1056 τοῦ
347 992 452 1074 ταύτης
473 998 593 1074 συμβίου
614 998 798 1068 διαλυθέντος
819 1003 870 1056 τοῦ
892 993 991 1076 γάμου,
1014 995 1061 1058 ἀλ·
1105 999 1184 1054 diurn
1212 1001 1310 1056 mariti
1332 1003 1397 1056 eius
1421 1004 1541 1074 nuptiae
1562 1005 1725 1062 ‹lissoiutae
1747 1009 1821 1078 sint,
1851 1027 1888 1066 ae
1910 1013 2018 1086 capito,

152 1078 191 1141 λεὶ
209 1079 215 1159 l
236 1082 264 1154 ¹)
286 1076 362 1158 πρὸς
382 1077 431 1140 τὸν
452 1079 580 1160 ἀριθμὸν
607 1086 663 1140 τοῖν
684 1077 798 1142 πάντων
825 1085 933 1142 ἐντείνων
953 1083 1062 1142 παίδων
1104 1099 1205 1140 verum
1233 1086 1393 1142 secundnm
1422 1103 1571 1144 nnmerum
1602 1091 1729 1146 ornanum
1757 1093 1838 1150 illius
1860 1095 2019 1154 liberorum

151 1165 313 1244 γιερνζίοῦω
334 1161 407 1242 πρὸς
428 1160 533 1235 αύτούς
563 1160 601 1224 τὰ
622 1160 778 1245 πράγματα
798 1168 846 1226 καλ
867 1168 951 1246 ίγίτοι
971 1171 1065 1226 ταῦτα
1107 1168 1185 1224 inter
1215 1184 1266 1224 eos
1295 1185 1343 1225 res
1372 1171 1473 1244 (eius)
1505 1173 1690 1243 dividuntor,
1720 1192 1830 1248 easque
1852 1179 1958 1240 habeto
1979 1182 2019 1238 ad

151 1248 227 1312 κατὰ
247 1254 347 1330 χρῆσιν
368 1251 413 1308 καὶ
435 1252 611 1326 ἑαυιαρπίαν,
633 1255 683 1328 τῆς
703 1245 810 1310 τούτων
822 1252 988 1320 δεσποτείας
1006 1262 1065 1321 τοῖς
1106 1267 1192 1308 usura
1215 1259 1245 1308 ct
1266 1255 1403 1328 fructum,
1432 1257 1532 1312 harum
1556 1257 1685 1331 (rernm)
1708 1264 1885 1332 proprietate
1906 1265 2018 1340 liberis,
2118 1246 2125 1263 ¹

152 1341 183 1394 ἐκ
205 1342 255 1394 τοῦ
276 1330 389 1413 πρός3)
412 1329 501 1412 αὐτην
516 1327 613 1434 γάμου
635 1341 777 1414 τεγδεῖσιν
798 1336 897 1394 παισὶν
925 1337 1064 1412 ιηυλαττο-
1107 1336 1157 1408 qul
1179 1352 1217 1392 ex
1239 1353 1289 1408 eo,
1318 1339 1395 1410 quod
1418 1356 1483 1396 cum
1505 1341 1571 1412 ipsa
1593 1343 1697 1400 initum
1719 1349 1795 1416 erat,
1834 1349 2017 1408 matrimonio

149 1423 242 1496 μένης.
286 1416 490 1496 appaream),
511 1439 556 1478 οτι
577 1420 622 1480 ἐπὶ
643 1423 700 1478 τών
720 1417 863 1498 ύπροίιιωυ
886 1421 1064 1480 συνοικεσίοιν
1107 1419 1254 1492 procreati
1281 1428 1368 1495 sunt,
1403 1427 1613 1482 conservanda.
1656 1429 1743 1498 Nota,
1772 1431 1801 1486 in
1824 1433 2017 1490 matrimoniis

149 1500 307 1574 διαλύσεως
328 1505 467 1581 γενομένης
489 1497 506 1580 ἥ
528 1497 649 1579 δανιύτιρ
672 1497 689 1580 ἢ
711 1505 852 1584 (incondita
866 1497 1063 1584 ούδλνὸύνύγρ
1105 1503 1256 1578 indotatis,
1282 1507 1310 1562 si
1341 1507 1448 1564 solutio
1480 1525 1577 1566 eorum
1601 1513 1753 1586 roratingat
1781 1521 1945 1573 ταλαντεία
1966 1521 2018 1576 aut

149 1590 288 1666 κερδαίνει
309 1593 338 1647 ε’ν.
358 1591 410 1666 της
430 1583 531 1658 οὐσίας
551 1583 752 1668 τῆςγυταινιός.
781 1583 913 1648 δύνανται
934 1591 962 1648 αι’
981 1584 1062 1658 οὶξιω-
1104 1589 1244 1662 repudio,
1281 1591 1355 1646 nihil
1384 1593 1492 1648 lucrari
1520 1593 1614 1650 virum
1642 1612 1681 1652 ex
1709 1599 1810 1654 uxoris
1838 1602 2016 1662 substantia.

147 1674 263 1750 μαργο)
291 1666 364 1750 md
392 1665 534 1750 σροοιόονν
564 1670 607 1748 (v.
629 1665 790 1750 προικρύωυ)
814 1673 995 1752 συμβολαίων
1015 1672 1062 1732 καλ
1104 1673 1141 1745 11,
1171 1673 1222 1744 qui
1250 1673 1281 1730 ln
1303 1675 1499 1750 dignitatibus
1521 1680 1676 1736 constituti
1698 1685 1782 1750 sunt,
1812 1699 1876 1742 cum
1900 1687 2017 1744 instro-

150 1753 204 1826 ρὰρ
225 1753 345 1831 οὐραγοῖς
371 1767 504 1834 γυναῖκας
525 1757 703 1816 οἰκειοῦσθαι
731 1753 832 1834 [εἰς]5)
855 1751 957 1836 γάμου,
985 1760 1013 1815 οἱ
1033 1754 1062 1814 δὲ
1104 1757 1211 1814 mentis
1233 1757 1380 1816 dotalibus
1402 1766 1432 1817 et
1454 1763 1529 1817 viles
1547 1763 1685 1820 mulieres
1701 1767 1730 1822 in
1747 1769 1928 1826 matrimonio
1950 1772 2017 1828 col-

148 1843 246 1902 λοινιολ
273 1836 378 1910 πάντες
405 1841 454 1900 καὶ
481 1841 565 1920 γωρλς
591 1835 733 1922 προαιόωυ
761 1843 804 1917 (v.
825 1833 987 1919 προαιςροιν)
1014 1841 1062 1902 κα)
1103 1841 1202 1898 locare
1234 1843 1291 1898 sibi
1320 1849 1456 1916 possunt,
1499 1846 1604 1918 reliqui
1637 1855 1733 1905 antem
1762 1869 1863 1909 omnes
1891 1860 1922 1911 et
1949 1857 2016 1913 sine

148 1919 225 2005 perd
254 1919 397 2004 σοροοιόων
426 1925 469 1999 (v.
497 1919 667 2004 σροαιούων).
711 1925 930 1998 διαλυοέντοςθ)
960 1919 1061 2004 γάμου,
1104 1925 1339 2002 (instrumentis)
1361 1929 1508 1986 dotalibus
1531 1936 1647 1988 etcum
1670 1935 1905 2010 (instrumentis)
1928 1940 2016 1996 dota-

148 2015 180 2070 εἰ
202 2007 252 2087 μὶν
275 2005 349 2089 παρ’
380 2010 473 2072 αἰτίαν
502 2011 553 2070 τοῦ
580 2003 731 2086 ἀνδρύςῗ),
759 2013 788 2070 οἱ
812 2007 934 2086 κοινολθ)
962 2011 1061 2080 παῖδες
1103 2009 1191 2067 libus.
1233 2010 1424 2070 Matrimonia
1446 2014 1604 2086 dissoluto,
1636 2017 1779 2088 siquidem
1806 2021 1897 2096 (boe)
1928 2025 2016 2096 culpa

146 2097 286 2173 ἑσπέρας
307 2087 419 2173 φύσιος
441 2083 557 2168 impii)
579 2089 661 2172 παρὰ
682 2097 717 2170 τῇ
737 2095 821 2174 μητρλ
835 2093 879 2171 ¹⁰)
908 2087 947 2172 μὴ
970 2095 1060 2153 δευτε-
1103 2095 1200 2152 mariti
1232 2096 1405 2172 (contigit),
1433 2099 1519 2154 liberi
1547 2115 1715 2158 communes
1742 2107 1897 2178 utriusque
1924 2125 2015 2165 sexus

146 2175 370 2258 ρογορσίο-ρϋ)
399 2179 588 2256 διαγέσωσαν,
615 2181 645 2238 alr
671 2181 723 2256 τῆς
749 2174 850 2250 ούσίας
877 2182 929 2240 τοῦ
948 2173 1061 2256 πατρὸς
1103 2179 1180 2250 aliud
1201 2184 1338 2254 matrem,
1368 2184 1394 2238 si
1423 2183 1460 2238 ad
1492 2185 1639 2240 secundas
1673 2190 1790 2258 nuptias
1819 2207 1877 2248 non
1899 2195 2015 2264 transit,

145 2259 377 2342 ἀναστρεφόμενον
406 2263 454 2325 καλ
490 2257 635 2340 δυνολαενοε
662 2262 850 2334 τελευτῶντας
877 2257 944 2332 τούς
971 2274 1061 2340 γονεῖς
1101 2264 1193 2320 vitan
1215 2265 1356 2340 degunto,
1385 2267 1522 2342 (verum)
1551 2285 1589 2325 ex
1610 2271 1776 2328 substantia
1804 2277 1897 2348 patris
1925 2279 2015 2334 alun-

145 2349 341 2425 κλρρονομιεν.
378 2343 456 2408 aldi
483 2345 557 2428 παρ’
580 2345 729 2423 elsarn)
751 2351 802 2428 της
823 2340 951 2426 γυναικὸς
972 2342 988 2404 ὁ
1011 2339 1058 2424 γά·
1101 2351 1147 2403 1οτ
1168 2353 1198 2404 et
1219 2355 1389 2425 parentum,
1412 2353 1462 2422 qui
1483 2353 1655 2428 moriuntur,
1676 2357 1887 2416 haereditatem
1909 2377 2015 2434 capere

144 2453 202 2511 μος
223 2427 348 2510 διελύθη,
369 2425 503 2510 παρύτῷ
518 2429 662 2511 aarum)
684 2431 905 2492 καλοίκείτωσαν
921 2427 1057 2506 (ν.οίκεί-
1101 2437 1234 2506 possunt.
1263 2435 1317 2492 Sin
1338 2443 1438 2492 autem
1459 2437 1546 2509 culpa
1566 2439 1698 2495 mulieris
1720 2443 1932 2502 matrimonium
1948 2445 2015 2502 (lis-

145 2519 260 2592 ,ωσωη
275 2516 320 2592 τι)
341 2519 389 2581 κα)
410 2520 620 2595 effingamus
641 2511 708 2594 παρ’
731 2512 884 2591 αύτοῦίῡ).
919 2511 1059 2594 ἀπορούν-
1102 2517 1230 2574 solutum
1253 2523 1308 2592 est,
1330 2521 1407 2592 apud
1429 2525 1541 2594 patrem
1564 2528 1593 2578 et
1610 2525 1762 2582 inabitanto
1778 2535 1807 2584 et
1821 2530 1858 2586 ab
1873 2546 1908 2586 eo
1924 2532 2013 2587 alun-

145 2623 199 2671 ,σς
220 2600 250 2660 ο)
270 2603 321 2660 ,οὗ
341 2597 467 2680 amobe,
495 2599 512 2680 ἦ
535 2595 627 2682 μήτηρ
648 2595 820 2674 τούτουςῑθ)
843 2603 976 2676 τρεφέτω.
1012 2597 1059 2657 καλ
1101 2607 1155 2656 tor.
1205 2601 1259 2660 Sin
1291 2619 1360 2660 vero
1391 2609 1473 2678 pater
1503 2607 1540 2662 ad
1579 2615 1743 2682 egestatem
1774 2613 1934 2684 perductus
1963 2617 2013 2689 sit,

145 2679 203 2766 γάρ
232 2679 392 2762 adornasti
425 2690 455 2748 ολ
487 2679 614 2756 ἀνιόντες
640 2685 688 2748 καλ
715 2677 860 2756 κατιόντες
871 2682 914 2759 ¹⁸)
944 2684 1058 2761 πευομί·
1100 2689 1193 2742 mater
1213 2688 1268 2744 bos
1291 2689 1372 2744 alito.
1422 2690 1530 2746 Omnes
1557 2693 1634 2748 enim
1655 2694 1870 2755 adscendentes
1898 2705 1928 2756 et
1956 2700 2014 2758 de-

144 2793 212 2841 ,Ὁρρ
232 2766 238 2850 γ
258 2769 303 2846 aa)
325 2764 464 2850 ᾰγγὴγρρρ
484 2765 686 2850 ἀσργοάζονται
707 2771 827 2850 τρέφον.
867 2772 916 2828 νῦν
944 2763 996 2838 τὰς
1017 2769 1057 2830 at·
1100 2769 1276 2828 scandentes
1298 2773 1425 2830 invicem
1447 2791 1481 2829 se
1504 2777 1595 2848 ipsos,
1617 2778 1644 2832 si
1658 2787 1777 2854 egeant,
1798 2783 1879 2840 alere
1893 2800 2012 2860 cogun-

143 2856 211 2926 ροὴς
230 2856 420 2934 σρσοίορσιν,
453 2843 543 2930 ἐξῶν
571 2848 681 2932 ὁοὶτὴρ
709 2855 827 2934 πέμψας
855 2847 1057 2929 pancionem)
1100 2859 1157 2910 tur.
1193 2856 1281 2912 Nunc
1303 2873 1426 2913 caussas
1448 2861 1598 2932 proponit,
1620 2865 1783 2936 exquibus
1804 2868 1867 2942 vir,
1889 2869 1939 2940 qui
1960 2885 2015 2925 re-

144 2939 344 3018 σὶσοκιρδαίνει
364 2935 416 3018 την
436 2951 543 3018 προῖκα
557 2939 739 3017 διαλυομένου
759 2942 812 2996 τοῦ
834 2934 931 3016 γάμου.
954 2934 1058 3016 ὁμοίως
1099 2937 1218 3014 pultium
1242 2941 1329 3016 nisit,
1351 2944 1533 3000 matrimonio
1555 2945 1660 3020 soluto,
1682 2949 1778 3006 dotem
1792 2951 1930 3011 lucretur.
1959 2945 2013 3011 Sil·

142 3023 176 3084 dl
202 3025 250 3084 καλ
277 3020 294 3102 ἡ
323 3017 390 3102 γυνὴ
426 3029 512 3086 τοῦτο
539 3017 677 3103 πράξασα
705 3016 808 3096 alvu)
836 3015 911 3100 πρὸς
939 3015 990 3082 τὸν
1011 3013 1057 3080 da·
1099 3023 1208 3080 militer
1228 3041 1299 3082 vero
1322 3027 1410 3086 etiam
1431 3029 1553 3102 mulier,
1589 3047 1664 3100 quae
1686 3033 1743 3090 hoc
1765 3035 1853 3108 feeit,
1882 3039 2012 3110 nuptias,

143 3111 201 3186 δρα
223 3102 282 3168 λύει
303 3103 407 3188 γάμον,
436 3103 488 3188 την
508 3103 566 3188 πρὸ
590 3101 682 3186 γάμου
711 3101 819 3182 duperia
839 3103 1057 3183 ούποκερδαίνου-
1100 3123 1174 3183 quas
1202 3125 1267 3165 cum
1294 3113 1397 3168 marito
1426 3113 1516 3169 habet
1543 3117 1734 3188 constitutas,
1763 3117 1914 3196 dissolvit,
1943 3127 2012 3178 aute

142 3217 193 3254 σα
237 3189 285 3269 ἐφ’
315 3194 447 3273 ε’κατίρου
473 3189 659 3270 δλιθίματος
689 3185 726 3252 τύι
747 3187 874 3252 ὁποσοῦν
897 3189 940 3258 (ν.
961 3186 1056 3250 ὁπωσ-
1099 3193 1218 3268 nuptias
1250 3193 1433 3252 donationem
1463 3197 1661 3259 lucrifaciens.
1710 3206 1745 3260 ln
1767 3209 1892 3277 utroque
1913 3211 2011 3263 autem

140 3278 264 3357 odr)?²)
293 3272 494 3356 κερδανεύμευα
520 3289 580 3348 τοῖς
606 3287 709 3346 κοινοῖς
734 3269 858 3354 ἁρμόσει
884 3277 990 3336 παισίν.
1021 3277 1055 3334 εἰ·
1099 3293 1172 3332 casu
1194 3294 1240 3350 ea,
1262 3295 1337 3350 quae
1359 3281 1556 3353 qualicunque
1578 3285 1662 3341 modo
1682 3285 1842 3362 lucrifiunt,
1871 3291 1907 3345 ad
1927 3307 2012 3348 com-

141 3365 191 3424 σὶν
218 3361 248 3422 δὲ
275 3357 350 3422 κατὰ
377 3357 536 3441 πρόσωπον
564 3365 615 3442 τῆς
645 3354 772 3440 γυναικὸς
793 3363 880 3424 αίτίαι
907 3348 1056 3434 abram).
1098 3377 1201 3418 marnes
1222 3363 1332 3420 liberos
1352 3365 1551 3436 pertinebunt.
1605 3371 1680 3426 Sunt
1700 3376 1797 3428 autem
1826 3375 1856 3430 in
1877 3375 2010 3432 mulieris

138 3453 172 3508 σε
188 3442 264 3506 κατὰ
285 3449 336 3523 τῆς
356 3447 503 3525 βασιλείας
523 3447 758 3526 βουλευσαμένοις
780 3446 853 3504 τισὶν
873 3439 1054 3520 συνειδυῖαὴ
1098 3461 1224 3518 prersona
1252 3447 1308 3504 bae
1339 3465 1478 3505 caussae:
1514 3451 1541 3506 si
1562 3453 1681 3528 mulier,
1711 3472 1786 3526 quae
1815 3459 2010 3532 quibuspiam,

137 3528 210 3612 γυνη
233 3535 273 3606 τῷ
295 3527 375 3609 ἀνδρὶ
396 3528 446 3592 οὐκ
467 3533 650 3610 ἐφανέρωσεν.
672 3525 746 3606 πλὴν
767 3523 837 3606 ἀνὴρ
857 3523 965 3606 μαθὼν
986 3523 1054 3605 παρ’
1098 3531 1147 3600 qul
1174 3531 1296 3603 imperio
1323 3534 1448 3590 insidias
1470 3538 1655 3610 struxerunt,
1686 3541 1806 3597 conscia
1827 3549 1923 3615 esset,
1953 3545 2010 3600 hoo

137 3613 288 3692 “inq-32⁴)
311 3611 449 3694 σιονορσρ,
482 3610 599 3676 δύναται
625 3610 642 3694 ἡ
664 3609 731 3694 γυνύγ
752 3617 837 3674 τοῦτο
858 3614 1054 3692 παραγγεῖλαι,
1096 3615 1161 3671 viro
1191 3633 1247 3672 non
1276 3619 1487 3676 manifestavit.
1542 3621 1602 3680 Sed
1629 3623 1656 3678 si
1678 3625 1739 3698 vir,
1774 3641 1839 3682 cum
1868 3627 1943 3684 baec
1972 3644 2010 3686 ex

136 3693 218 3760 οἷστε
239 3693 290 3760 τύν
310 3689 402 3779 ἄνδρα
422 3701 559 3780 μηδεμίαν
580 3703 610 3758 air
632 3693 736 3776 ταύτης
765 3701 816 3774 τῆς
842 3697 935 3766 αίτίας
956 3701 1054 3773 pracv-
1097 3715 1133 3758 ea
1155 3701 1361 3777 cognovisset,
1390 3703 1532 3778 tacuerit,
1573 3707 1678 3763 mulier
1704 3709 1761 3765 hoc
1788 3710 1920 3768 indicare
1941 3717 2011 3782 pot-

136 3789 203 3845 δίοο
232 3781 379 3862 πρόφασιν
405 3781 480 3864 ἔχειν.
524 3787 551 3844 εί
577 3783 642 3863 περὶ
669 3785 780 3862 μοιχίας
808 3784 849 3858 (ν.
876 3777 1052 3862 μοιγείας)ύ
1097 3787 1157 3856 est,
1198 3787 1241 3842 ita
1274 3791 1307 3842 ut
1335 3788 1382 3843 vir
1413 3803 1450 3844 cx
1484 3789 1541 3845 hae
1568 3803 1675 3847 caussa
1699 3797 1884 3864 praetextum
1918 3811 2011 3868 repu-

135 3865 213 3946 νὶνρρ
235 3863 417 3948 γραψάμενος
444 3866 542 3946 ἀληθῆ
568 3861 621 3946 τύγν
640 3869 810 3946 κατηγορίαν
830 3863 978 3942 ἀποδείξῃ,
1008 3860 1054 3928 δύ-
1096 3865 1137 3924 dii
1156 3869 1394 3928 habeatnullum.
1415 3873 1507 3930 Sivir
1529 3873 1714 3950 (mullerem)
1735 3878 1874 3936 adulterii
1895 3879 2009 3956 (ream)

134 3975 225 4014 σασαι
252 3947 399 4031 ῥεπούδιον
426 3956 573 4030 anabusn
607 3953 653 4012 ιιαλ
681 3948 716 4012 ού
743 3945 830 4030 μόνον
858 3947 933 4031 πρὸς
942 3949 988 4022 ²³)
1018 3955 1053 4028 τῇ
1095 3954 1281 4027 inscripserit
1307 3963 1337 4012 et
1366 3971 1465 4013 veram
1493 3973 1560 4014 esse
1582 3963 1800 4022 accusationem
1830 3965 2009 4039 probaverit,

134 4039 236 4116 σρσαο·
264 4031 315 4114 τὴν
336 4032 444 4117 δωρεύν
472 4033 752 4116 οἱαοιιερδαίνειυλθ),
791 4031 840 4112 [ἐν]
857 4033 902 4111 ²⁷)
931 4031 999 4096 ἀλλ’
1029 4039 1057 4096 εί
1095 4037 1247 4110 repudium
1269 4040 1385 4096 mittere
1406 4045 1504 4114 potest
1525 4047 1556 4099 et
1577 4060 1635 4101 noa
1656 4047 1741 4105 morlo
1762 4055 1880 4120 praeter
1908 4049 2006 4108 dotem

130 4119 179 4202 με)
200 4118 257 4202 ἔχοι
279 4123 399 4196 παῖδας,
428 4119 522 4200 ἕτερον
541 4125 680 4181 τοσοῦτον
699 4115 850 4198 λαμβάνειν
878 4121 907 4179 ἐκ
933 4123 984 4200 τῆς
1005 4117 1050 4181 ού·
1093 4121 1179 4196 (arae
1200 4124 1336 4198 nuptias]
1357 4125 1542 4182 donationem
1562 4128 1680 4203 lucrari,
1705 4147 1824 4204 verum,
1846 4134 1874 4188 si
1895 4133 2005 4192 llberos

132 4211 206 4278 σίας
227 4203 331 4282 αύτῆς,
362 4201 433 4268 ὅσον
458 4201 493 4266 τὸ
521 4207 617 4285 τρίτον
643 4216 722 4266 ποιεῖ
743 4209 794 4280 τῆς
814 4199 938 4284 προικός.
976 4201 1051 4266 aral
1092 4221 1150 4264 non
1164 4207 1281 4282 lrabeat,
1300 4213 1411 4266 tantum
1429 4225 1467 4266 ex
1484 4211 1549 4268 eius
1568 4213 1735 4273 substantia
1747 4219 1893 4290 accipere,
1907 4235 2005 4290 quan-

130 4293 247 4354 νσαῑδας
273 4287 343 4368 ᾔρει,
371 4286 422 4370 τήν
450 4311 481 4352 τε
509 4289 671 4366 acofram)
698 4291 746 4349 nal
773 4283 824 4367 τὴν
854 4279 941 4366 οἲλλην
962 4287 1050 4369 αὐτῆς
1092 4295 1153 4347 tum
1177 4294 1265 4349 tertia
1287 4293 1363 4350 dotis
1391 4309 1460 4368 pars
1488 4296 1571 4354 facit.
1613 4299 1647 4355 Si
1676 4316 1746 4358 vero
1772 4302 1882 4359 liberos
1903 4303 2003 4378 habet,

129 4378 305 4454 περιουσίαν
332 4379 360 4436 oi
385 4377 485 4446 παῖδας
503 4385 509 4455 1
529 4372 575 4450 ²⁹)
598 4375 731 4452 λίψονται
753 4369 795 4452 (v,
817 4367 983 4452 λήψονται),
1011 4395 1049 4436 τι·
1092 4379 1123 4431 et
1152 4376 1247 4434 dotem
1276 4383 1306 4434 et
1333 4379 1477 4450 reliquam
1506 4381 1572 4437 eius
1601 4383 1796 4444 substanttam
1832 4385 1917 4442 liberi
1946 4405 2002 4444 ca-

127 4462 318 4540 μωρρρμςρρρ
339 4456 428 4538 “pipp
449 4451 510 4538 ἅμα
532 4462 573 4534 σῷ
593 4461 689 4538 μοιχῷ,
721 4461 772 4518 τοῦ
794 4455 824 4517 δύ
843 4461 943 4537 μοιχοῦ
965 4453 982 4536 ἡ
1003 4481 1049 4538 γυ-
1090 4459 1182 4536 pient,
1203 4463 1270 4534 ipsa
1290 4463 1379 4520 simul
1410 4479 1475 4521 cum
1504 4463 1638 4526 adultero
1666 4471 1823 4542 punienda.
1864 4471 2004 4530 Adulteri

128 4541 169 4622 σύγ
190 4541 268 4622 πρὸς
287 4547 321 4620 τῇ
342 4545 436 4624 προικὶ
458 4539 509 4621 τὴν
529 4539 586 4620 πρὸ
609 4537 758 4622 pipam)
780 4543 908 4623 λείψεται
938 4541 980 4614 (v.
1001 4537 1049 4622 λη’·
1090 4549 1188 4602 antem
1219 4562 1293 4604 uxor
1319 4553 1436 4619 praeter
1457 4548 1553 4607 dotem
1581 4557 1650 4610 ante
1672 4556 1789 4628 nuptias
1816 4555 2002 4614 donationem

126 4628 239 4702 αιεται)
276 4624 384 4706 δωρεὰν
409 4622 485 4688 κατὰ
512 4623 694 4707 γρὴσεωςθῑ)
721 4619 844 4704 τρόπον,
879 4630 931 4706 τῆς
958 4625 1048 4706 αὐτῆς
1089 4631 1279 4688 ususfructus
1307 4633 1423 4688 nomine
1450 4633 1563 4709 capim,
1591 4637 1680 4694 buius
1708 4641 1887 4713 proprietate
1914 4641 2001 4697 simul

126 4715 303 4780 δεσποτείας
323 4709 396 4790 μετὰ
415 4713 463 4772 καλ
483 4715 540 4772 τῶν
559 4713 666 4772 λοιπῶν
686 4715 737 4770 τοῦ
751 4715 851 4790 μοιχοῦ
871 4705 1047 4790 πραγμάτων
1090 4728 1157 4770 cum
1190 4717 1312 4787 reliquis
1338 4716 1463 4774 adulteri
1498 4719 1588 4777 rebus
1616 4721 1719 4782 liberis
1746 4741 1846 4784 eorum
1876 4741 2001 4784 conser-

124 4810 194 4870 τοῖς
216 4793 311 4856 αύτῶυ
339 4797 555 4874 φυλαττομένων
576 4797 681 4856 παισίν.
712 4789 751 4874 με)
774 4790 904 4856 ὑπόντων
931 4794 1046 4856 δὲπαί·
1088 4799 1194 4856 vnum.
1236 4801 1290 4858 Sin
1311 4805 1410 4858 antem
1431 4802 1518 4860 liberi
1539 4820 1597 4864 non
1618 4808 1688 4880 sint,
1709 4809 1799 4869 buius
1821 4825 1897 4870 uxor
1910 4825 2001 4883 prae-

122 4888 191 4944 οων
223 4878 295 4962 ἦθ’)
320 4875 424 4942 τούτου
451 4873 559 4960 γαμετὴ
586 4877 709 4960 λη’ψεται
734 4874 810 4959 πρὸς
836 4879 929 4958 qim)
951 4882 1046 4959 προικὶ

203 5167 255 5222 991
272 5165 322 5216 Pro
338 5162 375 5232 με)
393 5165 487 5216 codex
505 5167 582 5215 habet
599 5159 626 5231 ἦ.
698 5162 723 5225 1)
741 5162 831 5214 codex
848 5161 998 5231 ρεπουδὶου.
1066 5164 1096 5226 2)
1114 5165 1210 5229 Incipit
1226 5169 1272 5217 fol.
1292 5169 1353 5220 141.
1372 5173 1401 5222 a.
1471 5173 1501 5239 ο)
1519 5173 1610 5225 coner
1628 5192 1702 5244 προς.
1770 5173 1997 5242 1))1εοσρμονσ.

116 5257 171 5288 am
193 5235 292 5285 Codex
308 5235 385 5298 babet
400 5231 461 5301 ὖῖρῖ
559 5231 590 5294 ο)
611 5233 678 5281 Post
699 5227 865 5280 οἰκειοῦσθαι
888 5233 915 5279 ln
935 5231 1034 5281 Codice
1060 5237 1116 5282 tres
1140 5233 1248 5284 litterae
1271 5237 1375 5288 destant.
1408 5241 1545 5292 haauuam
1564 5255 1632 5294 vooe
1650 5239 1687 5300 εἰς
1702 5245 1864 5306 interposita
1880 5246 1998 5308 explevi.

115 5311 198 5356 Nor.
225 5301 283 5351 117.
302 5315 358 5363 cap.
378 5303 403 5350 8.
423 5296 612 5358 consororinos
628 5302 752 5360 γυναῖκας
768 5294 835 5356 μετὰ
852 5313 873 5346 π
889 5295 984 5362 οιτρύων
1002 5300 1164 5364 συμβόλαύωτ
1180 5301 1283 5360 ἑαυτοῖς
1299 5305 1451 5358 συνάπτειν.
1539 5307 1569 5373 d)
1586 5310 1679 5361 Codex
1697 5312 1725 5360 ll.
1750 5309 1890 5378 ῥεπουδίου
1906 5311 1998 5364 διαλο-

114 5378 236 5428 οεησς.
306 5370 335 5430 7)
352 5369 445 5420 Codex
462 5385 500 5418 πα
518 5367 607 5416 araim
625 5368 673 5415 τοῦ
690 5361 791 5428 ἀνδρός.
860 5313 889 5425 8)
908 5365 999 5416 Codex
1017 5371 1043 5415 o.
1061 5385 1139 5418 ιινον.
1216 5367 1245 5432 a)
1265 5371 1357 5424 (ludex
1374 5377 1401 5423 11.
1420 5369 1500 5434 ὅστις.
1578 5377 1625 5443 10)
1642 5379 1695 5428 pro
1711 5377 1745 5443 ‘f‘
1763 5379 1842 5443 μητργ
1860 5377 1951 5430 003„
1967 5383 1996 5432 ρ,

113 5445 208 5493 haber
227 5439 263 5504 τῇ
280 5437 334 5506 ρξε’.
438 5435 483 5500 11)
502 5387 593 5487 ύὶούακ
610 5436 638 5483 11.
657 5433 912 5498 διυτεροναμησαση.
1017 5433 1063 5493 12)
1079 5435 1172 5486 Codex
1194 5440 1347 5508 παραιτίαν.
1451 5441 1498 5508 to)
1516 5443 1570 5494 Pro
1587 5443 1670 5513 arnapi
1688 5443 1780 5495 Codex
1798 5447 1824 5494 11.
1844 5448 1922 5497 habet
1938 5449 1994 5518 πρί.

116 5511 173 5563 14)
194 5507 294 5556 codex
311 5507 338 5554 a.
357 5501 509 5569 οἶειητοισαν.
584 5501 628 5563 15)
646 5501 735 5552 Voces
753 5495 821 5568 παρ’
839 5496 924 5550 αὐτοῦ
940 5503 968 5550 in
986 5501 1084 5552 conice
1102 5507 1130 5554 ll.
1149 5506 1251 5557 domni.
1327 5509 1373 5566 10)
1391 5509 1483 5560 codex
1500 5513 1527 5560 o.
1546 5511 1652 5568 αύτούς.
1728 5511 1774 5570 17)
1792 5511 1885 5564 Codex
1903 5517 1928 5564 B.
1947 5519 1995 5566 lra-

111 5583 168 5628 bet
187 5565 346 5632 wdrffi'boo
364 5576 405 5622 est
420 5569 534 5633 πάντας,
549 5571 610 5620 looo
629 5573 704 5619 vocis
722 5567 825 5622 πάντες.
901 5567 948 5628 18)
966 5568 1057 5620 Codex
1074 5588 1213 5629 αατιοντες.
1292 5575 1640 5640 immantatum.
1726 5577 1773 5640 20)
1791 5581 1883 5631 Codex
1899 5583 1993 5651 ρεπού-

108 5647 193 5694 διον.
267 5630 315 5704 21)
332 5639 385 5690 Pro
402 5635 449 5688 τὸν
466 5639 558 5690 (lodex
574 5632 606 5686 τὸ
623 5637 709 5688 babet.
777 5635 824 5695 22)
842 5634 934 5686 Codex
950 5640 1109 5688 ταοποσοῦν.
1177 5639 1226 5702 23)
1243 5641 1336 5694 Codex
1352 5640 1442 5698 τούτων.
1512 5643 1561 5706 24)
1578 5646 1631 5696 Pro
1648 5643 1717 5716 παρ’
1735 5643 1818 5713 αὐτῆς
1835 5649 1927 5702 codex
1945 5652 1992 5702 pn.

107 5719 166 5763 Μ
192 5705 274 5777 '¹⁶03‘
290 5709 345 5772 ²51⁶·
412 5705 462 5770 ²³)
478 5707 569 5758 ⁰⁰d⁰¹
586 5721 658 5774 '¹9⁰⁶-
744 5701 1120 5772 211λ(301111ύπόυερδτιίνειν.
1207 5709 1308 5773 2⁷)1a,
1333 5714 1401 5774 quod
1421 5715 1495 5762 aneis
1512 5713 1605 5762 inclusi
1624 5713 1658 5774 to,
1680 5717 1707 5765 1ο
1725 5715 1821 5767 codice
1838 5730 1891 5768 non
1909 5720 1994 5784 dcent,

108 5792 228 5830 verum
247 5778 406 5828 sententiam
424 5776 578 5836 corrumpit.
646 5770 692 5838 28)
710 5773 762 5824 Pro
779 5773 876 5839 προῖκα
894 5769 985 5824 Codex
1004 5775 1080 5822 nabet
1097 5777 1215 5844 προῐιαν.
1307 5779 1677 5840 211)1οο1ρ111ο1.142.11.
1752 5783 1802 5846 ³0)
1818 5783 1910 5836 Codex
1925 5801 1991 5859 ποθ·

108 5847 229 5912 γάμοιο.
299 5843 345 5906 at)
363 5842 453 5894 Codex
470 5837 656 5911 καταγρὴσεως.
723 5839 774 5890 112)
786 5839 839 5888 Pro
857 5834 873 5902 ἢ
891 5838 982 5889 Codex
1002 5842 1077 5890 babet
1096 5839 1121 5906 ἡ.
1191 5842 1237 5904 83)
1255 5845 1308 5894 Pro
1324 5848 1366 5912 ‘o'
1381 5847 1471 5895 Codex
1490 5847 1569 5895 habet
1584 5847 1641 5916 τρρ,
1972 5855 1977 5874 ¹.
