4802 7060
879 547 1116 623 carba
1181 551 1222 622 V.
1929 575 2010 625 mx

143 763 196 810 nan
219 748 273 810 est
294 739 446 806 iudicare.
492 734 690 824 Quamquam
712 735 789 804 illud
812 758 870 824 pro
892 744 983 808 certa
1005 744 1039 806 et
1061 739 1240 808 indubitato
1262 757 1386 826 ponere
1407 737 1496 830 licet,
1517 743 1594 828 post
1616 743 1783 810 saeculum
1805 742 2011 812 undecimum

143 847 193 910 hoc
215 863 320 928 genus
343 839 561 907 adnotationis
591 839 794 924 compilatum
827 860 891 907 oon
921 861 1009 908 esse.
1054 844 1138 907 Nam
1169 847 1203 908 et
1225 840 1347 928 codex,
1377 859 1471 928 quem
1493 842 1598 908 secuti
1620 863 1748 924 sumus,
1770 844 1863 910 huius
1885 846 2010 912 saeculi

142 945 356 1032 antiquitatem
378 941 532 1028 praefert,
553 945 599 1028 et,
620 959 704 1027 quac
725 940 769 1004 ibi
790 939 907 1008 relicta
929 949 1005 1008 sunt
1027 944 1136 1028 spatia
1158 961 1273 1030 rracua,
1301 941 1385 1008 hanc
1405 941 1646 1010 adnotationem
1675 963 1718 1010 ex
1740 945 1915 1012 vetustiori
1946 946 2010 1012 ali-

142 1065 195 1134 quo
217 1047 297 1111 libro
318 1046 352 1108 in
375 1044 434 1107 hoc
456 1042 626 1126 exemplar
648 1043 896 1128 transscriptam
919 1063 996 1111 esse
1018 1046 1101 1108 satis
1135 1043 1316 1129 loquuntur.

286 1145 324 1210 ln
346 1142 488 1209 editione
509 1141 627 1207 indicis
649 1141 838 1210 adornanda
861 1145 955 1212 unica
978 1143 1109 1210 Codicis
1130 1143 1332 1210 Parisiensis
1354 1143 1532 1212 auctoritas
1554 1144 1722 1232 sequenda
1744 1145 1816 1230 tuit,
1837 1151 2011 1236 notaeque,

142 1269 217 1338 quae
238 1249 270 1313 in
293 1248 354 1312 hoc
374 1244 454 1310 libro
477 1245 645 1326 habentor,
668 1243 753 1331 quod
775 1244 846 1309 eins
868 1246 939 1311 fieri
962 1247 1082 1332 potnit,
1111 1246 1383 1331 typographorum
1405 1254 1477 1312 arte
1499 1245 1740 1331 exprimendae.
1785 1244 2011 1328 011111111-

141 1361 237 1418 tarum
259 1349 527 1433 bonampartem,
550 1345 611 1410 hoc
632 1353 697 1430 est,
718 1345 888 1431 siquando
911 1347 1035 1413 codicis
1056 1347 1220 1432 scriptura
1234 1344 1468 1411 dubitationem
1494 1347 1671 1434 reciperet,
1693 1354 1890 1434 corruptave
1907 1355 2012 1438 esset,

139 1456 169 1519 in
190 1451 298 1538 operis
320 1455 476 1514 contextu
497 1446 658 1512 collacare
680 1465 744 1512 non
767 1446 921 1512 dubitavi.
962 1447 1014 1511 Ab
1037 1431 1263 1513 emendatione
1284 1447 1355 1513 sere
1388 1465 1519 1533 semper
1539 1466 1592 1513 me
1621 1447 1783 1528 abstinui,
1827 1456 2012 1540 attamen,

140 1573 217 1643 quae
239 1555 271 1618 in
293 1549 409 1616 mendo
437 1549 598 1614 cubabunt
620 1547 810 1635 manifesto,
839 1565 882 1612 ex
908 1549 1065 1612 orationis
1095 1555 1252 1614 contextu
1281 1548 1467 1613 sustulerim
1490 1547 1622 1634 hisque,
1653 1568 1736 1634 quae
1759 1550 1790 1616 in
1812 1569 1885 1618 eum
1906 1551 2012 1618 lacum

140 1655 236 1722 sollici
258 1650 430 1730 debebant,
450 1651 713 1736 permutaverim.
758 1647 828 1714 Sed
851 1653 885 1714 et
906 1648 955 1712 sic
977 1649 1010 1712 iu
1033 1650 1121 1714 notis
1144 1657 1178 1716 et
1192 1647 1324 1715 Codicis
1346 1649 1542 1735 scripturam
1564 1655 1598 1714 et
1620 1648 1858 1717 emendationis
1879 1671 2013 1719 causam

139 1756 302 1840 annotavi,
325 1772 367 1818 ne
390 1750 464 1838 quid
486 1751 611 1836 absque
632 1767 734 1816 carisa
754 1750 873 1816 idonea
895 1755 1019 1816 mutare
1039 1747 1183 1816 viderer.
1227 1749 1267 1815 In
1295 1750 1420 1816 lacunis
1448 1751 1575 1816 veteris
1603 1751 1801 1835 exemplaris
1827 1751 2012 1820 indicandis

139 1857 322 1942 religionem
343 1853 484 1936 adhibui,
505 1871 599 1938 quam
620 1850 793 1917 maximam
816 1851 915 1938 potui,
937 1868 1044 1936 neque
1066 1851 1099 1914 in
1121 1849 1288 1933 replendis
1310 1850 1440 1916 multum
1463 1849 1631 1917 desudavi.
1675 1849 1740 1916 Est
1762 1853 1846 1919 enim
1868 1853 1929 1920 hoc
1950 1873 2012 1940 ge·

139 1980 195 2025 nus
217 1957 430 2042 supplementi
452 1954 498 2018 ita
520 1957 751 2038 comparatum,
772 1955 807 2016 nt
828 1952 861 2016 in
877 1949 1066 2035 Sortuqert
1087 1955 1123 2015 et
1144 1947 1341 2016 Holacndri
1361 1949 1535 2017 editionem
1546 1952 1759 2018 Novellarum
1781 1955 1918 2019 intuenti
1940 1955 2012 2019 coi-

139 2080 197 2148 que
224 2065 343 2144 sponte
371 2056 527 2140 obtingat.
569 2051 782 2118 Basilicarum
807 2051 917 2139 locas,
944 2054 996 2139 qui
1024 2054 1058 2118 in
1081 2053 1167 2118 natis
1194 2050 1371 2140 habentur,
1405 2070 1447 2117 ex
1471 2051 1601 2118 Codicis
1632 2055 1827 2122 anctoritate
1856 2053 1898 2120 ad
1920 2073 2013 2120 suam

137 2177 291 2249 quemque
304 2155 476 2222 Nouellum
499 2153 759 2220 constitutionem
781 2153 949 2220 revocavi.
985 2151 1047 2235 Qui
1066 2153 1131 2219 loci
1150 2153 1179 2219 si
1201 2152 1330 2238 quanda
1350 2173 1421 2219 cum
1440 2161 1623 2219 nostrorum
1644 2154 1795 2222 librorum
1817 2155 2014 2222 auctoritate

136 2263 240 2330 ninus
261 2257 480 2339 consentiant,
499 2273 562 2320 non
584 2272 645 2338 ega
668 2253 751 2319 hanc
773 2253 1022 2340 praeferendam
1044 2253 1130 2334 duxi,
1154 2273 1266 2320 verum
1288 2256 1323 2319 in
1345 2255 1432 2320 natis
1454 2255 1495 2320 de
1522 2255 1619 2320 istius
1646 2257 1695 2320 rei
1724 2255 1920 2322 diversitate
1948 2254 2013 2322 ud-

136 2361 253 2429 monui.
297 2357 414 2443 Neque
436 2358 605 2444 quicquum
627 2353 712 2420 aliud
736 2373 779 2418 ex
801 2355 936 2421 criticae
958 2355 1040 2421 artis
1064 2361 1099 2420 et
1121 2354 1314 2441 disciplinae
1334 2356 1460 2441 legibus
1482 2353 1551 2422 lieri
1573 2357 1685 2441 potuit,
1709 2355 1925 2443 siqnidemod
1940 2373 2014 2423 cam

135 2484 203 2531 rem
223 2461 361 2528 animum
382 2457 569 2524 advertenti
591 2457 650 2520 tibi
670 2455 790 2520 multas
812 2455 906 2520 huius
929 2457 1103 2522 varietatis
1125 2475 1245 2523 causas
1266 2459 1476 2542 rationesque
1499 2465 1632 2542 praeter
1646 2457 1839 2525 emendandi
1860 2457 2013 2524 necessi·

134 2572 235 2634 tatem
256 2561 350 2627 reddi
371 2577 471 2648 posse
493 2557 588 2624 facile
611 2557 784 2622 constabit.
813 2557 852 2622 ln
866 2557 1081 2624 translatione
1105 2558 1223 2624 Latina
1244 2558 1444 2624 conficienda
1467 2577 1537 2645 eaS,
1559 2577 1639 2645 quas
1661 2560 1694 2624 in
1716 2560 1889 2626 Athanasii
1913 2578 2014 2646 opere

139 2664 268 2736 edendo
290 2661 366 2728 mihi
389 2677 635 2746 proposueram,
656 2656 749 2740 leges
771 2656 957 2743 sequendas
981 2658 1067 2722 duxi.
1098 2657 1189 2740 Quae
1204 2659 1375 2746 siquando
1398 2659 1562 2725 oGraeca
1585 2660 1732 2727 aratione
1748 2667 1882 2747 propter
1899 2679 2014 2728 emen·

133 2767 274 2837 dationis
296 2781 426 2828 cansam
449 2761 555 2840 abeat,
579 2761 814 2842 interrogantis
829 2751 1028 2851 signnm(?)
1051 2759 1234 2826 addendum
1253 2762 1360 2826 visum
1379 2766 1442 2826 est.
1484 2759 1601 2825 iacobi
1617 2760 1745 2838 Culuci,
1766 2763 1859 2827 unius
1875 2762 2014 2827 omnium

131 2866 312 2940 doctissimi
333 2865 406 2944 viri,
430 2861 674 2926 translationem
698 2859 858 2937 Latinam,
879 2869 1052 2948 postquam
1075 2861 1216 2928 laborem
1239 2861 1484 2928 exantlaveram
1506 2879 1621 2948 meum,
1642 2882 1713 2927 cum
1734 2863 1799 2944 illa,
1823 2881 1918 2949 quam
1940 2862 2014 2948 ipse

131 2971 276 3056 conieci,
298 2963 496 3050 comparavi,
517 2979 653 3047 eamque
675 2962 760 3025 insto
783 2964 1032 3026 contractiorem
1055 2981 1160 3048 neque
1183 2963 1239 3028 tali
1262 2967 1417 3048 tantoque
1439 2963 1511 3028 viro
1534 2963 1618 3028 satis
1641 2961 1770 3048 dignam
1792 2983 1870 3029 esse
1893 2963 2013 3050 depre-

130 3073 241 3142 hendi.
287 3067 401 3152 ltaque
429 3064 523 3129 huius
551 3063 613 3128 viri
642 3061 823 3148 exenrplum
844 3072 977 3128 secutus
1007 3083 1072 3128 non
1103 3083 1191 3150 sum,
1218 3083 1408 3150 quamquam
1437 3063 1561 3154 aliqua,
1590 3065 1728 3151 quaein
1750 3085 1841 3132 usum
1864 3063 2015 3132 converti

130 3192 232 3265 posse
256 3169 451 3237 videbantur
471 3183 586 3251 mcum,
609 3164 790 3228 transferre
813 3183 878 3230 non
900 3164 1055 3230 dubitavi.

286 3269 327 3336 Si
345 3267 524 3355 quaeritur,
554 3283 715 3352 quaenam
737 3264 805 3328 sata
827 3265 920 3332 huius
943 3265 1041 3330 libelli
1062 3263 1148 3350 opud
1170 3265 1385 3331 recentiorum
1407 3271 1587 3352 temporum
1615 3267 1851 3334 iureconsultus
1881 3265 2012 3348 tuerint,

127 3376 246 3466 paucis
266 3371 397 3454 defungi
418 3369 536 3433 licebit.
581 3367 670 3432 Ante
688 3363 804 3430 loculi
827 3365 948 3431 Guium
969 3374 1116 3452 tempora
1138 3365 1178 3431 de
1201 3365 1262 3432 hac
1278 3367 1488 3434 Novellarum
1510 3367 1616 3434 indice
1639 3368 1758 3434 nemini
1780 3368 1912 3434 videtur
1932 3387 2013 3434 con-

126 3479 273 3544 stitisse.
316 3469 353 3536 ls
379 3471 412 3534 in
445 3468 595 3552 Reginae
623 3466 736 3532 codice
765 3467 932 3532 inventum
955 3485 1012 3548 eo,
1042 3486 1106 3554 quo
1130 3467 1286 3548 diximus,
1322 3467 1416 3532 mado
1439 3468 1561 3534 Latine
1589 3469 1707 3554 publici
1728 3469 1808 3534 iuris
1830 3469 1922 3549 iecit,
1951 3466 2014 3534 sed

125 3581 256 3647 omissa
279 3565 493 3638 Basilicarum
514 3568 687 3634 mentione.
733 3565 866 3632 Exinde
889 3587 992 3653 usque
1015 3567 1057 3634 ad
1080 3576 1193 3634 nostra
1215 3569 1286 3635 lere
1308 3574 1455 3654 tempora
1483 3563 1567 3655 apud
1592 3577 1761 3636 nostrates
1787 3571 1886 3642 altum
1909 3588 1950 3636 ea
1971 3569 2014 3635 de

124 3703 165 3747 rc
193 3679 253 3744 snit
273 3674 446 3740 silentium.
493 3668 554 3752 Qui
576 3669 698 3755 primus
720 3669 843 3734 nostris
865 3670 1065 3754 temporibus
1087 3669 1172 3736 hunc
1192 3689 1262 3736 rem
1284 3669 1449 3754 attingere
1478 3669 1595 3759 voluit,
1617 3669 1844 3750 arenarum)
1868 3675 2015 3736 nastrum

120 3781 276 3848 libellum
298 3775 420 3860 aliquot
441 3771 526 3838 saliis
548 3771 684 3836 alicuius
707 3768 829 3834 codicis
852 3771 1080 3860 manuscripti,
1109 3770 1163 3856 qui
1185 3777 1219 3837 et
1240 3770 1304 3836 alia
1327 3769 1626 3856 comprehenderet,
1649 3769 1879 3857 cumprehendi
1900 3771 2014 3838 conh-

119 3885 188 3968 cit,
216 3897 280 3966 qua
302 3878 334 3940 in
356 3893 503 3960 requam
527 3891 590 3938 non
611 3891 632 3938 a
654 3888 734 3936 vero
757 3871 979 3950 aberraverit,
1009 3879 1043 3938 et
1065 3873 1138 3958 ipse
1151 3919 1162 3959 ,
1189 3890 1259 3938 cum
1282 3870 1436 3937 Lutetiae
1458 3871 1656 3940 Parisiorum
1677 3891 1762 3938 anno
1786 3878 1860 3960 past
1883 3869 1959 3938 Chr.
1980 3892 2011 3940 n.

114 3975 399 4051 MDCCCXXX.
422 3981 688 4060 commoraretur,
709 3972 792 4039 vidit
813 3977 848 4036 et
870 3979 982 4036 nostra
1004 3971 1106 4038 editio
1128 3973 1212 4038 satis
1235 3973 1409 4060 significat.

288 4077 321 4140 N
324 4093 384 4140 unc
395 4073 437 4139 de
448 4073 597 4159 utilitate,
614 4094 707 4162 quam
721 4077 835 4140 noster
847 4071 878 4134 N
881 4072 1058 4138 ovellanum
1074 4073 1173 4138 index
1185 4073 1229 4138 sit
1241 4071 1420 4156 habiturus,
1436 4073 1550 4158 paucis
1564 4071 1798 4160 dispiciendum
1811 4077 1873 4138 est.
1896 4073 2015 4161 Neque

111 4179 226 4258 illud,
260 4175 343 4263 quod
365 4175 428 4239 iam
450 4175 637 4258 supradixi
659 4174 701 4240 de
724 4173 931 4239 Novellarum
954 4172 1220 4240 constitutionum
1241 4173 1444 4258 argumentis
1466 4175 1499 4238 in
1522 4183 1634 4240 nostro
1654 4173 1761 4240 indico
1783 4175 1908 4264 relatis,
1931 4192 2016 4262 quae

111 4281 265 4374 quidem
286 4277 439 4342 maiorem
461 4274 702 4362 antiquitatem,
732 4293 826 4360 qnam
849 4293 931 4359 quae
953 4274 986 4338 in
1009 4273 1138 4339 Veneto
1156 4275 1410 4360 Florentinoque
1425 4276 1457 4339 N
1461 4275 1636 4342 avellorum
1658 4275 1739 4340 libro
1761 4275 1921 4344 habentur
1942 4275 2014 4344 eius

109 4387 174 4454 rei
204 4383 408 4466 argumenta,
430 4375 627 4463 praeierunt,
651 4375 712 4440 hoe
732 4374 803 4440 laco
826 4393 1004 4461 recoquere
1026 4376 1151 4440 errimus
1171 4375 1249 4440 mihi
1270 4381 1342 4464 estq
1377 4375 1438 4442 hoc
1460 4381 1569 4440 autern
1592 4376 1644 4442 vel
1665 4377 1803 4443 maxime
1817 4395 2014 4445 commemo-

109 4487 234 4569 rabo,
256 4501 299 4546 ex
322 4479 532 4544 adnotatione
554 4477 763 4543 Basilicarum
785 4476 854 4541 sere
876 4481 1035 4560 perpetuo
1058 4474 1100 4542 ad
1122 4485 1267 4543 nostram
1289 4475 1502 4542 Basilicarum
1524 4476 1698 4542 editionem
1720 4479 1931 4566 supplendam
1954 4495 2012 4542 ca-

108 4580 384 4673 stigandamque
405 4576 528 4664 aliquid
552 4578 702 4644 utilitatis
724 4574 975 4642 redundaturum
997 4595 1085 4643 esse.
1130 4575 1364 4666 supplendam,
1394 4579 1446 4642 ubi
1468 4577 1599 4644 codices
1621 4580 1831 4665 manuscripti
1852 4578 2014 4644 Basilica-

105 4709 192 4756 rum
223 4681 389 4760 deliciunt,
413 4676 502 4744 velut
525 4681 610 4744 Nur.
635 4679 683 4758 8.,
708 4675 785 4765 59,
807 4675 884 4764 79,
909 4673 984 4766 94,
1011 4675 1115 4764 122,
1142 4677 1242 4758 130,
1271 4674 1497 4767 ¹49.,152.,
1524 4675 1625 4767 155,
1650 4677 1750 4758 166,
1783 4677 1884 4766 157,
1914 4677 2015 4766 158,

109 4785 237 4873 159,
264 4779 366 4869 166,
391 4777 493 4866 167,
520 4777 607 4846 168.
654 4777 899 4865 Castigandam,
922 4780 974 4845 ubi
995 4781 1155 4862 Basilica,
1185 4787 1280 4864 prout
1301 4778 1390 4845 edita
1411 4785 1503 4870 sunt,
1532 4781 1586 4846 vel
1610 4781 1753 4846 codicum
1774 4780 2013 4866 manuscripto-

99 4909 190 4958 rum
222 4883 363 4969 deiectu,
385 4881 439 4948 vel
461 4877 606 4946 iduor-ou·
627 4881 829 4966 negligentia
851 4881 951 4968 alios,
978 4901 1074 4966 quam
1104 4879 1157 4967 qui
1179 4879 1266 4968 apud
1288 4889 1432 4947 nostrum
1459 4881 1653 4968 scriptorem
1673 4881 1846 4964 habentur,
1886 4880 2014 4947 thema-

99 5001 185 5058 tum
222 5003 377 5051 numeros
411 4982 615 5067 praeierunt,
664 4981 755 5046 velut
778 4979 866 5044 Nav.
902 4977 946 5061 2,
980 4977 1029 5068 6.,
1059 4979 1107 5068 7.,
1134 4979 1211 5067 81,
1246 4979 1323 5068 87,
1354 4981 1431 5060 88,
1462 4979 1536 5062 89,
1567 4976 1643 5066 90,
1672 4977 1748 5068 95,
1783 4977 1881 5067 109,
1912 4979 2014 5079 tta,

100 5081 488 5171 114.,119,123.,
516 5080 615 5159 124,
642 5078 743 5160 125,
770 5077 870 5165 133,
900 5079 996 5165 134,
1023 5079 1125 5159 142,
1155 5077 1255 5158 144,
1282 5080 1506 5164 145,146.,
1533 5080 1633 5166 156,
1659 5079 1885 5170 166.,161.,
1910 5079 2012 5169 162,

100 5193 216 5260 165.
271 5187 344 5269 Qua
370 5184 404 5248 in
433 5201 469 5247 re
499 5190 620 5267 quanta
656 5181 760 5244 nostri
788 5181 861 5243 libri
890 5181 1068 5246 auctoritas
1097 5183 1203 5248 lutura
1225 5184 1286 5270 sit,
1314 5185 1370 5250 vel
1399 5203 1439 5250 ex
1466 5183 1527 5248 hoc
1550 5199 1750 5264 cognoscere
1777 5183 1896 5266 licebit,
1918 5185 2013 5272 quad,

90 5313 201 5385 qnae
232 5291 271 5355 in
292 5285 404 5352 bairis
426 5281 568 5348 editione
591 5289 666 5346 torn.
689 5279 714 5344 l.
742 5301 772 5365 p.
800 5277 1025 5346 186-213.
1057 5301 1100 5346 ex
1123 5283 1323 5350 Coisliniana
1355 5281 1476 5350 Codice
1497 5299 1629 5348 numero
1661 5284 1744 5348 CLI.
1773 5286 1904 5370 signato
1933 5306 2013 5373 sup·

90 5401 273 5485 plentur,
297 5406 369 5454 cum
391 5382 477 5470 apud
499 5379 688 5447 Fabrateria
709 5380 787 5446 nihil
809 5388 942 5466 praeter
965 5381 1126 5447 titulorum
1149 5384 1307 5450 rubricam
1330 5385 1505 5468 habeatur,
1526 5401 1569 5449 ex
1592 5389 1705 5450 nostro
1727 5385 1939 5454 Novellarum
1960 5389 2013 5459 io·

87 5501 183 5566 dice
228 5489 323 5560 omni
345 5490 505 5572 exparte
528 5481 763 5549 consumentur.
809 5479 894 5547 Vide
914 5482 1002 5549 Nor.
1026 5481 1105 5569 24,
1126 5481 1205 5570 25,
1228 5481 1304 5572 26,
1327 5483 1403 5572 27,
1426 5479 1501 5566 28,
1523 5479 1586 5550 29.

80 5645 545 5674 ........-«-·-·---—

286 5747 333 5806 18)
350 5745 381 5798 11
399 5744 485 5796 libro:
503 5741 555 5792 nte
573 5739 731 5792 Geacltcbte
747 5740 798 5792 der
815 5737 946 5790 Novetim
965 5753 989 5802 p.
1007 5739 1050 5789 ω.

816 5875 1329 5899 w
