4802 7060
403 445 531 540 exne
850 464 1424 537 nnonneomrcns
1480 469 1721 544 cavus
1780 468 1847 540 vr.

400 657 473 724 loco
496 653 643 744 opusculi
663 654 861 724 mentionem
881 653 970 738 lecit,
992 653 1306 747 zuctuacercn),
1324 661 1409 740 tres,
1433 674 1516 746 quus
1537 677 1638 751 supra
1658 657 1986 743 commemoravimus,
2010 658 2138 728 codices
2165 681 2252 733 mauu

400 759 544 846 scriptos
566 755 684 842 posuit.
1763 824 1766 835 ,

554 857 592 924 ln
615 857 758 924 editione
780 856 928 944 opusculi
950 854 1139 925 adornanda
1162 856 1295 926 Codicis
1316 857 1537 927 Bononiensis
1558 861 1787 930 auctoritatem
1807 862 1864 930 vel
1885 861 2026 930 maxime
2047 869 2172 930 seculus
2192 882 2252 954 sun,

403 968 440 1029 ut
460 965 570 1027 tamen
590 960 625 1024 iu
646 959 822 1024 manifesta
842 958 905 1024 loci
926 959 1112 1044 corruptela
1133 959 1371 1026 al'arisiensis
1393 959 1468 1026 libri
1489 961 1611 1029 auxilio
1639 981 1704 1028 non
1726 981 1778 1030 me
1800 963 2020 1031 abstinuerim.
2066 961 2153 1047 Quod
2172 967 2253 1035 etsie

404 1061 631 1131 necessarium
660 1061 766 1127 visum
788 1064 857 1140 est,
880 1059 935 1125 uhi
958 1060 1092 1126 Codicis
1113 1059 1334 1127 Bononiensis
1354 1066 1454 1126 notae
1483 1063 1680 1129 sententiam
1707 1064 1876 1131 obscuram
1903 1064 2025 1130 iaciunt
2045 1063 2253 1136 lacunaeveiu

401 1180 503 1229 causa
524 1166 612 1250 suut,
633 1167 668 1227 ut
689 1161 762 1226 libri
784 1161 888 1228 oratio
910 1179 976 1228 non
998 1162 1083 1228 satis
1105 1162 1270 1230 commode
1297 1161 1455 1248 procedat
1466 1170 1526 1243 ⁹²).
1572 1160 1666 1246 Quae
1694 1164 1728 1230 iu
1752 1161 1881 1232 'Codice
1909 1165 2094 1232 Parisiensi
2120 1185 2184 1254 cap.
2208 1165 2253 1233 lt.
2357 1151 2358 1174 ¹

401 1260 563 1330 adfinem
585 1262 730 1349 opusculi
750 1261 888 1330 hahetur
908 1262 1034 1351 lacuna,
1055 1281 1127 1330 eom
1150 1282 1193 1329 ex
1207 1263 1330 1332 Codice
1345 1263 1557 1346 Bononiensi,
1580 1265 1635 1351 qai
1656 1271 1802 1332 nostrum
1824 1265 1938 1332 lihrum
1959 1265 2163 1350 integriorem
2181 1267 2254 1334 exhi-

401 1364 471 1446 bet,
488 1353 727 1450 ¹supplevimus.
771 1361 875 1445 Quem
897 1363 1025 1450 quidem
1047 1364 1169 1430 codicis
1191 1365 1312 1432 hiatum
1335 1365 1464 1431 fortuitu
1486 1385 1564 1432 casa
1586 1366 1707 1432 factum
1729 1384 1819 1454 esse,
1846 1367 1924 1434 illud
1942 1367 2001 1434 vel
2024 1367 2158 1434 manime
2177 1386 2254 1454 argu-

403 1472 514 1532 mento
530 1471 595 1552 est,
605 1464 689 1551 quud
699 1466 772 1552 ipse
786 1465 945 1532 orationis
960 1470 1055 1532 tenor
1066 1468 1294 1554 sententiaque
1305 1467 1390 1533 satis
1404 1465 1603 1534 incommode
1612 1467 1866 1554 interrumpitur.
1884 1465 2083 1555 Quamquam
2095 1468 2192 1554 ipsum
2201 1470 2254 1539 libri

404 1573 626 1652 argumentum
648 1567 682 1631 in
704 1567 822 1653 eapitis
848 1565 909 1632 ln.
932 1567 985 1632 his
1007 1568 1138 1634 verbis:
1159 1565 1218 1633 ἐὰν
1238 1566 1283 1651 μὴ
1305 1569 1470 1652 καταλίπῃ
1491 1565 1530 1634 τὸ
1551 1566 1690 1652 νόμιμον
1713 1577 1810 1654 μέρος
1830 1579 1900 1646 τοῖς
1921 1572 2032 1636 παισὶν
2054 1566 2153 1634 αὐτοῦ
2172 1568 2255 1650 airola

403 1670 553 1752 γονεῦσιν
572 1667 657 1734 liniri
678 1672 868 1752 argumento
890 1676 967 1735 sont
988 1669 1060 1757 illa,
1091 1687 1176 1754 quae
1198 1669 1306 1756 paullo
1328 1675 1404 1754 post
1426 1668 1601 1736 habentur:
1634 1671 1688 1735 det
1703 1668 1810 1754 voque
1823 1667 1925 1736 καλὸν
1939 1673 1997 1736 καὶ
2010 1671 2254 1756 sempiternor-

405 1770 547 1848 teneam
568 1769 614 1853 τῴ
636 1764 774 1854 παρόντι
794 1766 1034 1854 συγγράμματι.
1078 1768 1166 1837 Sunt
1191 1771 1278 1838 enim
1305 1769 1387 1835 haec
1414 1770 1462 1836 ita
1490 1776 1694 1858 comparata,
1715 1778 1750 1836 ut
1771 1789 1823 1859 ea,
1851 1790 1935 1860 quae
1956 1779 2143 1858 sequuntur,
2168 1792 2257 1858 quam·

405 1889 504 1957 quam
523 1871 564 1936 ab
586 1871 659 1956 ipso
681 1869 755 1935 libri
777 1870 937 1956 scriptore
958 1872 1108 1957 prolecta
1128 1890 1209 1938 esse
1230 1869 1414 1953 videantur,
1435 1875 1546 1954 tamen
1567 1873 1663 1959 quasi
1685 1873 1850 1942 cuiusdam
1866 1871 2058 1960 appendicis
2071 1873 2140 1940 luco
2154 1873 2256 1943 adiecta

404 1990 485 2040 esse
505 1976 690 2038 cernantur.

556 2073 689 2162 Restat,
710 2078 746 2139 ut
766 2077 912 2137 nostrum
933 2071 1048 2138 librum
1070 2070 1187 2140 lectori
1209 2071 1369 2139 benevolo
1390 2071 1660 2161 commendemus,
1682 2073 1742 2139 scd
1764 2074 1887 2160 paucis.
1931 2075 1984 2141 Ac
2004 2075 2138 2161 primum
2157 2075 2256 2163 quidem

404 2171 485 2240 illud
512 2175 598 2241 scitu
627 2194 691 2240 non
720 2180 773 2241 est
800 2173 1014 2254 iniucundum,
1037 2173 1123 2261 quod
1144 2175 1251 2259 legum
1272 2174 1467 2260 fragmentis
1494 2173 1701 2260 explicandis
1729 2183 1875 2242 nostrum
1903 2175 2094 2263 scriptorem
2120 2177 2256 2264 historico,

405 2273 493 2360 quod
514 2274 635 2361 dicunt,
661 2273 941 2360 interpretationis
959 2292 1087 2359 genere
1115 2295 1207 2340 usum
1234 2293 1313 2342 esse
1340 2275 1500 2342 videmus.
1552 2272 1685 2342 Deinde
1715 2273 1910 2362 Spondoliaa
1938 2296 2043 2344 novus
2071 2277 2255 2345 Novellarun

403 2375 578 2442 iustiniani
598 2377 762 2461 interpres
791 2374 834 2440 ad
861 2375 1054 2462 Athanasii,
1081 2375 1265 2464 Theodori,
1292 2375 1408 2442 loliani
1436 2394 1600 2443 numerum
1625 2393 1669 2442 ex
1695 2376 1758 2444 hoc
1785 2379 1969 2465 scripturae
1997 2398 2120 2464 genere
2146 2381 2255 2447 accodh

403 2475 510 2542 Porro
526 2475 697 2542 'l'halelaei
710 2474 753 2542 ad
766 2476 921 2544 Codicem
935 2476 1108 2542 Iustiniani
1130 2475 1253 2542 scholia
1274 2475 1473 2564 adferuntur,
1496 2495 1579 2564 quae
1601 2495 1662 2544 nec
1683 2477 1716 2543 in
1733 2479 1895 2567 Basilicis,
1918 2499 2021 2566 neque
2043 2479 2077 2545 in
2100 2480 2257 2548 aliisiuris·

403 2577 601 2664 prudentiae
619 2577 771 2645 Graecae
793 2579 873 2660 locis
895 2577 1066 2645 habentur.
1094 2575 1206 2644 Etiam
1229 2597 1273 2644 ex
1289 2577 1504 2645 Basilicarum
1525 2577 1607 2645 locis
1628 2578 1769 2646 laudatis
1785 2580 1827 2647 ad
1840 2579 2016 2647 editionem
2031 2581 2126 2646 huius
2140 2585 2258 2668 corporis

404 2697 426 2746 s
449 2678 551 2746 tratre
573 2677 824 2746 continuandam
844 2677 967 2766 aliquid
989 2680 1139 2745 utilitatis
1160 2679 1366 2745 redundabit.
1410 2678 1564 2768 Denique
1590 2684 1691 2747 tutam
1713 2680 1755 2747 de
1777 2681 1914 2768 peculiis
1934 2681 2201 2748 tiliorumlamilias
2217 2685 2257 2748 iu·

404 2781 453 2846 ris
475 2781 614 2847 Bomani
636 2781 812 2847 doctrinam
833 2780 881 2846 ita
902 2778 1042 2846 dilucide
1064 2779 1280 2866 distincteque
1301 2799 1323 2846 a
1344 2786 1458 2847 austro
1481 2781 1641 2869 scriptore
1663 2781 1815 2852 traditam
1836 2799 1915 2851 esse
1929 2780 2091 2870 videmus,
2114 2790 2146 2850 ut
2164 2784 2199 2851 ad
2217 2791 2259 2852 lo-

405 2886 473 2948 tam
493 2899 562 2948 rem
584 2881 771 2968 diligentius
794 2880 997 2949 tractandum
1019 2880 1250 2972 quodammodo
1272 2881 1459 2950 invitemur.

558 3235 678 3303 Verum
700 3235 754 3302 hic
775 3233 850 3301 linis
869 3232 1067 3304 Ἁνεκδότωα
1089 3243 1174 3306 esto.
1219 3237 1378 3327 Reliqua,
1406 3257 1505 3326 quae,
1535 3236 1608 3304 dum
1629 3233 1695 3306 iter
1716 3237 1811 3324 iccio,
1831 3237 1961 3325 collegi,
1981 3240 2048 3307 alia
2069 3241 2175 3310 oblata
2192 3247 2259 3308 tem·

405 3327 502 3425 ports'
523 3337 777 3426 opportunitate,
800 3355 1041 3428 persequemur,
1069 3359 1134 3406 non
1158 3361 1219 3428 quo
1242 3342 1327 3408 haec
1348 3339 1468 3408 nullius
1488 3346 1653 3408 momenta
1676 3359 1757 3407 esse
1778 3339 1974 3428 iudicemus,
2004 3342 2081 3422 sed,
2111 3362 2152 3410 ne
2173 3343 2259 3426 telam,

405 3459 501 3528 quam
521 3441 554 3504 in
577 3439 609 3502 N
612 3439 728 3504 ovellis
748 3436 921 3506 Iustiniani
943 3442 1228 3509 constitutionibus
1250 3443 1364 3509 critica
1386 3451 1458 3510 arte
1479 3459 1520 3508 ac
1541 3439 1721 3529 disciplina¹
1735 3441 1955 3529 perpoliendis
1982 3451 2157 3531 pertexere
2177 3442 2259 3510 semei

405 3541 631 3627 suscepimus,
662 3545 786 3607 maturo
815 3539 1008 3608 deseruisse
1038 3540 1218 3608 videamur.
1264 3543 1318 3611 Ad
1347 3543 1470 3610 calcem
1498 3543 1593 3610 huius
1623 3545 1701 3610 tomi
1730 3540 1882 3608 adiectae
1912 3551 1990 3610 sunt
2011 3544 2118 3612 adhue
2138 3544 2260 3611 ineditae

406 3640 608 3708 Graecorum
628 3641 858 3728 imperatorum
880 3638 1149 3730 constitutiones,
1180 3663 1262 3732 quas
1284 3645 1401 3731 publici
1423 3645 1502 3709 iuris
1524 3651 1560 3708 ut
1580 3644 1707 3725 tierent,
1739 3643 1780 3708 V.
1803 3643 1850 3709 lll.
1876 3641 2022 3710 Carolus
2051 3644 2181 3712 Willr'rrs
2203 3663 2259 3712 me-

410 3760 482 3808 cum
504 3743 751 3818 communicavit
772 3741 922 3829 idemque
945 3739 1075 3809 horath
1098 3765 1170 3812 meu
1192 3745 1225 3811 in
1248 3745 1399 3812 Latinum
1419 3763 1600 3811 sermonem
1617 3745 1785 3812 transtulit
1798 3744 2103 3835 prolegomenisque
2120 3749 2260 3815 instruxit

406 3842 492 3933 Ego,
514 3843 568 3930 qui
584 3860 626 3908 ex
642 3849 705 3909 tam
722 3843 868 3931 pretioso
883 3843 1087 3930 antiquitatis
1101 3846 1255 3912 thesauro
1268 3845 1399 3911 multum
1412 3845 1494 3912 lucis
1510 3845 1759 3934 splendorisque
1780 3843 1823 3911 ad
1845 3845 2015 3914 historiam
2036 3849 2116 3916 iuris
2134 3849 2261 3916 Graecu-

405 3945 545 4014 Rumani
565 3943 789 4009 illustrandam
806 3941 973 4012 'accedere
995 3945 1135 4026 videam,
1157 3965 1221 4012 non
1243 3944 1362 4027 dubito,
1386 3947 1473 4036 quin,
1495 3947 1642 4036 quisquis
1663 3948 1747 4016 hunc
1768 3947 1880 4014 librum
1893 3947 2044 4035 altinget,
2068 3952 2139 4018 viro
2155 3949 2261 4017 ductis·
2358 3951 2359 3962 ’

404 4047 487 4114 simo
509 4045 585 4112 talis
608 4045 755 4132 tantique
776 4045 897 4111 laboris
919 4047 1067 4134 suscepti
1088 4047 1228 4132 gratiam
1250 4045 1296 4112 sit
1316 4045 1490 4114 relaturus.

555 4333 602 4392 21)
620 4331 652 4381 ln
669 4333 798 4382 historiae
816 4337 884 4386 luris
908 4336 1145 4389 Graeco-Romani
1161 4335 1343 4389 delineatione
1359 4338 1437 4402 psl.
1506 4337 1553 4397 22)
1571 4338 1640 4390 l'lde
1657 4352 1682 4402 p.
1700 4338 1759 4393 Bli-
1778 4343 1833 4392 nol.
1851 4339 1887 4416 ᾗ,
1904 4355 1930 4406 p.
1947 4341 2010 4394 Bell.
2031 4345 2087 4395 not.
2106 4343 2155 4410 42,
2170 4358 2194 4408 p.
2209 4344 2262 4394 eet.

404 4427 459 4474 not
478 4415 532 4484 70„
549 4431 575 4480 p.
591 4418 653 4471 θῦε.
670 4423 727 4468 not.
747 4419 789 4468 ez.
808 4424 836 4469 et
853 4420 894 4470 ³4.
