4802 7060
924 571 1161 660 CAPUT
1225 573 1267 644 w
1942 597 2038 648 mm

153 761 348 831 XV-XX.
372 781 414 830 ex
438 761 614 832 codicibus
637 758 847 831 coisliniants
869 761 1026 852 exhibuit,
1046 762 1243 830 similiorem.
1286 761 1369 830 Inde
1390 779 1411 828 a
1432 760 1485 830 iol.
1510 759 1546 828 7.
1563 759 1606 828 Α.
1629 763 1796 850 usquead
1818 763 1926 832 saliam
1941 763 2032 832 266.

153 867 193 932 ll.
216 865 432 933 Basilicarum
452 865 527 932 libri
547 865 665 952 XLV,
686 863 824 954 ΧΙΝΙ,
844 861 996 948 xcvii,
1018 863 1186 954 xcviii,
1207 867 1255 932 ita
1276 869 1312 932 nt
1333 859 1518 930 ad'abrota
1540 863 1619 932 editi
1641 865 1922 952 sont,'habentor.
1950 867 2034 936 inde

153 967 250 1035 alni.
269 965 363 1038 267.
384 965 426 1032 Α.
449 966 616 1054 usquead
644 965 699 1034 sal.
723 963 814 1032 233.
839 964 878 1030 Α.
904 963 1240 1040 Pseudo-blasiatbii
1262 963 1345 1030 liber
1366 963 1522 1054 habetur,
1543 966 1635 1032 cuins
1657 965 1710 1034 bic
1730 972 1785 1032 est
1806 968 1940 1033 titoiusr
1962 971 2034 1056 περι

151 1067 312 1154 χρονικῶν
333 1065 565 1150 διαστημάτων
585 1064 653 1132 άπὸ
675 1068 775 1151 ῥοπῆς
796 1067 857 1142 ἕως
877 1063 996 1132 ἑκατὸν
1017 1069 1114 1150 ἐτῶν,
1135 1085 1199 1153 qua
1219 1064 1262 1132 de
1283 1085 1320 1133 re
1342 1063 1623 1148 ambariacum)
1646 1064 1744 1136 docte
1751 1115 1761 1148 ,
1783 1072 1819 1134 ut
1840 1069 1937 1156 salet,
1958 1068 2031 1136 dis-
2100 1076 2104 1087 “

153 1169 292 1258 putavit.
336 1166 419 1234 lnde
439 1186 460 1234 a
481 1168 559 1234 ioiia
581 1166 671 1234 233.
695 1171 737 1233 A.
761 1185 865 1254 usque
887 1166 931 1234 ad
953 1167 1061 1233 salium
1084 1165 1175 1233 236.
1198 1166 1236 1232 ll.
1259 1167 1302 1233 de
1323 1167 1398 1254 lege
1421 1165 1568 1234 Falcidia
1596 1173 1632 1234 ει
1654 1166 1696 1236 de
1717 1167 1832 1233 metris
1853 1171 2031 1254 geometri-

152 1271 201 1336 cis
223 1273 383 1336 tractatus
406 1267 552 1336 babetur.
596 1267 748 1354 Denique
785 1267 904 1334 indes
933 1268 1010 1334 lolia
1032 1263 1124 1334 236.
1152 1267 1192 1334 B.
1217 1286 1321 1354 usqne
1349 1267 1392 1334 ad
1420 1267 1528 1334 ialinm
1557 1265 1649 1335 238.
1677 1265 1776 1347 arba}
1804 1270 1869 1334 τῶν
1896 1272 2033 1358 νεαρῶν,

153 1389 250 1458 quem
272 1368 413 1450 edimus,
438 1369 584 1436 babetur.
629 1371 666 1436 ls
687 1369 729 1437 ad
752 1367 940 1436 cnxvnl.
964 1369 1179 1436 Naveliarom
1200 1368 1425 1436 collectionem
1454 1369 1674 1438 conformatus
1703 1375 1758 1436 est
1778 1377 1885 1457 tatus,
1920 1378 1956 1436 ιιι
1977 1379 2034 1440 ta-

152 1490 227 1538 men
254 1471 426 1558 unicuique
454 1471 520 1557 legi
549 1471 641 1538 lacus
661 1470 890 1550 Basilicarum,
919 1471 953 1538 in
984 1489 1046 1558 qna
1067 1470 1211 1537 Novella
1241 1471 1428 1536 constitutio
1456 1470 1562 1537 relata
1590 1475 1659 1550 est,
1692 1471 1746 1536 vel
1768 1470 1955 1559 adscriptus
1977 1473 2035 1540 vel

153 1570 396 1659 superscriptus
417 1571 473 1636 sit.
516 1569 590 1653 Qua
609 1571 642 1640 in
664 1591 702 1638 re
723 1571 888 1638 accidisse
909 1571 1079 1656 videmos,
1108 1575 1162 1654 ut,
1192 1571 1221 1636 si
1251 1569 1467 1638 Basilicarum
1497 1572 1560 1638 loci
1582 1571 1693 1658 plnres
1720 1572 1878 1638 onerandi
1905 1581 2034 1656 essent,

152 1673 236 1761 plns,
260 1691 356 1759 qnam
377 1671 607 1758 persingulas
629 1691 751 1740 versus
771 1673 907 1755 licebat,
937 1673 1037 1760 spatii
1059 1691 1080 1738 a
1107 1669 1217 1738 scriba
1238 1671 1369 1738 libraria
1391 1672 1538 1738 relictum
1560 1673 1620 1764 sitq
1646 1691 1730 1760 quae
1758 1691 1814 1739 res
1843 1681 2032 1755 argumento

152 1781 223 1860 cst,
252 1772 314 1839 lios
340 1772 554 1840 Basilicarum
583 1772 673 1840 locos
699 1771 761 1840 iam
792 1771 826 1840 in
854 1774 1060 1862 authentica,
1097 1771 1184 1838 unde
1212 1779 1326 1840 noster
1354 1772 1460 1840 codex
1490 1775 1728 1861 transscriptus
1750 1779 1820 1855 est,
1850 1775 2031 1862 exemplari

152 1875 365 1942 Novellarnm
386 1872 486 1939 indici
506 1874 656 1941 adiectas
678 1875 789 1940 luisse.
834 1873 915 1962 ipsa
933 1874 1148 1942 Novellarum
1168 1874 1277 1940 series
1299 1873 1419 1940 litteris
1440 1873 1548 1960 paullo
1569 1874 1759 1963 maioribus,
1790 1894 1885 1962 qoam
1906 1875 2032 1942 Basili-

152 1995 263 2042 carum
283 1975 363 2062 laci,
398 1976 584 2061 perscripta
606 1981 676 2058 est,
709 1983 878 2062 utramque
907 1983 1015 2043 tamen
1046 1973 1239 2059 scripturam
1268 1974 1308 2040 ab
1336 1975 1451 2040 eadem
1481 1993 1578 2040 manu
1600 1977 1781 2062 proiectam
1803 1995 1881 2043 csse
1901 1977 2029 2044 uideas.

152 2077 274 2146 Ultima
296 2075 418 2142 codicis
440 2077 519 2142 ialia
540 2077 605 2142 situ
627 2082 781 2163 corrupta
801 2083 889 2166 sunt,
910 2097 994 2164 quae
1016 2095 1072 2142 res
1094 2075 1127 2140 in
1149 2093 1269 2141 caussa
1292 2079 1363 2163 ast,
1393 2082 1428 2142 ut
1448 2095 1526 2162 pars
1548 2095 1749 2142 numerorum
1771 2077 2031 2164 rubricarumque

151 2176 252 2244 bodie
271 2177 336 2262 legi
357 2183 531 2263 nequeant.
575 2173 672 2266 illim,
701 2183 736 2242 nt
758 2178 976 2264 catalogorum
998 2177 1204 2244 coniectores
1232 2174 1443 2263 adnotarunt,
1474 2176 1644 2244 Mediocris
1670 2177 1749 2264 suit,
1777 2177 1862 2263 qnod
1891 2179 1933 2246 de
1963 2181 2032 2247 Ca-

152 2279 316 2364 tbarinae,
337 2296 380 2344 ex
401 2285 504 2362 gente
524 2275 675 2344 Medieea
697 2286 806 2360 ortae,
829 2279 1025 2346 bibliotheca
1045 2275 1325 2362 interpretandum
1347 2295 1426 2344 esse
1452 2297 1584 2346 censeo.
1629 2275 1761 2344 Etenim
1782 2278 1874 2346 initia
1898 2280 2032 2348 Codicis

149 2400 249 2448 mann
270 2377 429 2465 Devarii,
451 2379 505 2464 qui
526 2379 677 2464 Reginae
699 2399 720 2446 a
742 2379 937 2446 bibliotheca
958 2380 1036 2468 luit,
1057 2397 1151 2466 quam
1172 2395 1299 2445 manum
1320 2381 1363 2444 V.
1387 2376 1437 2444 lii.
1459 2377 1590 2444 Hosius
1611 2381 1766 2466 agnovit,
1788 2380 1947 2466 quaedam
1969 2379 2033 2446 ad-

150 2480 279 2566 scripta
306 2487 399 2569 sant,
442 2498 549 2568 neque
577 2480 620 2546 de
641 2477 767 2546 locabo
791 2478 933 2546 Ouiacio
959 2477 1184 2560 dubitandum,
1215 2479 1269 2566 qni
1298 2499 1341 2546 ex
1368 2479 1429 2546 hac
1461 2479 1563 2564 libro,
1601 2499 1695 2567 quem
1724 2481 1874 2564 Reginae
1887 2485 1920 2562 ³)
1952 2499 2031 2550 esse

149 2586 297 2649 testatus
318 2586 391 2667 est,
415 2587 559 2648 nostrum
580 2581 831 2647 lastinianarum
851 2581 1062 2650 Noveiiaram
1083 2578 1223 2646 indicem
1243 2576 1642 2668 Pseudo-Eustathiique
1669 2579 1711 2646 de
1732 2580 1878 2649 diversis
1899 2589 2030 2671 tempo-

149 2703 222 2750 rum
244 2681 428 2749 intervallis
448 2683 563 2748 librum
575 2686 609 2761 ⁴)
636 2679 748 2748 edidit.

304 2781 359 2848 lle
381 2782 593 2870 temporibus,
614 2781 656 2848 ad
678 2801 761 2870 qnae
782 2787 898 2864 noster
918 2780 1132 2848 Naveiiarnm
1153 2780 1252 2848 index
1274 2779 1468 2848 referendos
1490 2781 1550 2864 sit,
1589 2781 1618 2847 si
1641 2785 1822 2871 quaeritur,
1849 2783 1927 2851 iliad
1955 2787 2029 2874 qni-

146 2886 225 2952 dem
253 2889 330 2950 ante
361 2885 468 2950 amnia
494 2882 669 2950 tenendum
699 2889 768 2972 est,
809 2883 976 2950 diversam
997 2901 1076 2948 esse
1098 2882 1201 2968 ipsius
1223 2880 1340 2948 indicis
1361 2888 1396 2949 et
1416 2881 1659 2950 adnotationum
1678 2883 1719 2952 ad
1742 2905 1814 2952 eom
1829 2884 2027 2954 adiecturum

147 2987 320 3054 rationem.
364 2985 438 3053 llas
467 2985 552 3052 enim
580 2984 813 3063 posterioribus
840 2983 1039 3072 temporibus
1066 2991 1158 3048 οιιιε
1186 3001 1265 3050 esse
1293 2983 1367 3068 ipsa
1388 2983 1529 3073 codicis,
1562 3004 1623 3071 qua
1646 2991 1814 3072 utrumque
1836 2986 2030 3068 continetur,

148 3093 270 3154 natura
298 3085 493 3174 indalesqne
518 3087 602 3154 satis
631 3084 804 3170 significat.
854 3088 907 3152 Ac
933 3085 1066 3171 primum
1094 3081 1221 3170 quidem
1249 3083 1311 3150 bae
1341 3083 1570 3154 adnotationes
1597 3103 1703 3172 neque
1731 3107 1793 3152 uno
1821 3093 1936 3156 tenore
1957 3108 2030 3158 cnm

146 3189 225 3275 ipsa
246 3187 365 3254 indicis
388 3189 535 3254 oratione
557 3187 750 3254 coniunctae
772 3191 865 3269 sunt,
896 3204 1009 3252 verum
1036 3183 1286 3272 uniuscuiusque
1315 3185 1478 3254 Naveiiae
1505 3185 1598 3254 titulo
1625 3187 1681 3254 vel
1710 3187 1881 3273 impositae
1903 3189 1959 3255 vel
1981 3190 2029 3258 ita

146 3288 352 3376 adscriptae,
373 3295 408 3354 ut
429 3289 463 3354 in
486 3307 537 3371 ea,
559 3289 646 3356 unde
669 3295 784 3354 noster
804 3289 888 3356 iiber
910 3285 1147 3371 transscriptos
1169 3293 1234 3372 est,
1255 3287 1436 3372 exemplari
1457 3287 1499 3354 ab
1520 3287 1613 3354 initia
1635 3305 1700 3354 nan
1728 3287 1832 3355 inisse
1854 3289 1951 3357 iacile
1972 3291 2030 3357 tibi

144 3387 367 3479 persuadeas.
410 3388 544 3456 Deinde
564 3389 641 3456 mihi
662 3408 727 3456 non
748 3390 833 3456 satis
855 3389 975 3476 liquet,
996 3404 1096 3474 quare
1119 3403 1140 3451 a
1162 3387 1264 3452 nostri
1287 3387 1411 3453 codicis
1434 3387 1636 3475 calligrapbo
1663 3391 1696 3454 in
1725 3387 1915 3476 quibusdam
1943 3389 2027 3458 lacis

144 3495 239 3582 plns,
260 3510 354 3580 qnam
371 3509 431 3577 per
451 3489 597 3575 singulos
619 3509 739 3558 versus
760 3489 890 3577 licebat,
912 3488 1015 3576 spatii
1036 3485 1247 3554 adnotatione
1262 3487 1317 3554 iiia
1338 3488 1485 3576 replendi
1507 3489 1655 3556 relictum
1676 3491 1784 3578 inerit,
1805 3489 1868 3556 nisi
1891 3491 2028 3558 eandem

143 3615 221 3662 rem
250 3594 285 3660 in
314 3592 517 3674 authentico,
554 3590 641 3658 unde
669 3597 784 3658 noster
804 3591 887 3658 iiber
911 3590 1096 3675 descriptus
1124 3595 1200 3676 est,
1227 3589 1406 3674 exemplari
1428 3586 1543 3656 eadem
1564 3593 1658 3658 moda
1680 3591 1783 3657 fnisse
1810 3592 2027 3658 coniiciamns.

142 3695 305 3782 Denique
325 3712 390 3760 nan
412 3693 548 3773 desunt,
570 3698 606 3758 nt
627 3694 752 3779 opinor,
775 3711 895 3759 musae
918 3693 1002 3758 satis
1023 3691 1178 3771 idoneae,
1208 3709 1252 3761 ex
1279 3691 1353 3776 ipsa
1374 3688 1494 3756 indicis
1515 3690 1624 3758 indole
1647 3691 1815 3772 deductae,
1852 3693 1969 3779 quibus
1992 3703 2026 3760 ιε

144 3796 197 3864 ad
212 3796 297 3863 banc
312 3792 494 3880 opinionem
515 3789 632 3858 adduci
646 3793 741 3860 iacile
754 3794 893 3879 patiare.
937 3795 1019 3860 Cum
1036 3793 1120 3860 enim
1143 3797 1257 3858 noster
1272 3790 1390 3856 indicis
1418 3791 1608 3876 compilator
1623 3789 1796 3858 ccxviii
1813 3793 1846 3856 N
1849 3794 2027 3862 ovellanum

140 3892 2028 3984 sfflmmfflmmmmmwmdmmmmmwwmfflwffifflmmmmmm

139 3999 235 4066 stris
255 3997 466 4062 Novellarnm
487 3994 730 4082 exemplaribus
751 4000 805 4060 est
825 3995 970 4064 Norella'
989 3995 1198 4078 sexagesima
1219 4000 1349 4080 octava,
1369 4011 1441 4060 eam
1463 4000 1692 4078 sexagesimae
1721 4014 1826 4060 nanae
1854 3995 1924 4062 ioca
1956 3997 2026 4062 col·

139 4098 329 4178 locaverit,
356 4115 502 4183 quaeque
531 4097 563 4162 in
587 4097 709 4162 nostris
736 4095 930 4162 editionibus
952 4102 1006 4162 est
1033 4095 1241 4182 sexagesima
1269 4113 1365 4182 nana,
1386 4095 1418 4160 in
1440 4093 1559 4180 prioris
1586 4094 1691 4160 locum
1712 4095 1923 4162 substituerit.
1968 4094 2027 4164 Sic

137 4197 241 4265 enim
263 4195 362 4262 index
384 4217 416 4284 p.
439 4195 551 4262 itii:
571 4193 629 4276 ξῆ.
651 4200 721 4282 περὶ
748 4199 809 4262 τοῦ
835 4193 960 4274 πάντας
987 4193 1162 4262 ὑπακούειν
1191 4207 1261 4272 τοῖς
1288 4194 1438 4279 άργοοσι.
1481 4191 1553 4273 ξδ’.
1583 4197 1653 4280 περὶ
1682 4197 1739 4274 τῆς
1760 4194 1934 4276 διατάξεως
1961 4201 2027 4264 τῶν

134 4294 333 4376 διαδόχων,
355 4316 425 4364 cnm
446 4303 554 4364 ιιιοιεο
575 4297 609 4364 in
630 4297 774 4382 volgatis
795 4297 1005 4366 Naveiiarum
1028 4299 1210 4363 cnxvln.
1239 4296 1434 4362 editionibus
1463 4295 1512 4360 sic
1542 4293 1716 4362 habeatnr:
1759 4294 1828 4377 ἐπ’.
1858 4293 1940 4363 ὥστε
1967 4298 2027 4376 τὴν

131 4395 302 4477 διάταξιν
329 4399 388 4462 τοῦ
415 4394 647 4482 εὐσεβεστάτου
675 4400 831 4484 βασιλέως
860 4401 918 4478 τὴν
949 4401 999 4465 ἐπὶ
1027 4407 1100 4474 ταῖς
1128 4397 1300 4474 διαδοχαῖς
1329 4397 1394 4461 τῶν
1422 4397 1570 4480 γαμικῶν
1596 4399 1716 4482 κερδῶν
1744 4396 1787 4464 τά
1808 4395 1843 4476 ἐξ
1870 4397 2026 4474 ἀπαιδίας

131 4496 351 4581 εἰσάγουσαν
371 4501 466 4583 κέρδη
487 4511 617 4582 κρατεῖν
638 4506 671 4564 ἐν
692 4510 760 4575 τοῖς
786 4497 869 4580 μετὰ
889 4497 947 4578 τὴν
968 4495 1117 4578 διάταξιν
1137 4501 1330 4579 συμμείνασι
1352 4495 1509 4584 φάκτοις,
1539 4501 1590 4564 ἐπὶ
1612 4499 1646 4563 δὲ
1667 4509 1737 4575 τοῖς
1758 4495 1820 4584 πρὸ
1842 4497 1943 4577 αὐτῆς
1963 4497 2023 4578 τήν

126 4607 295 4676 Λέοντος
316 4597 463 4680 διάταξιν
481 4598 594 4686 χώραν
615 4605 707 4680 ἔχειν.
740 4596 821 4680 ξδ’.
844 4602 914 4686 περὶ
935 4601 994 4666 τοῦ
1015 4597 1140 4674 πάντας
1167 4595 1340 4664 ὑπακούειν
1361 4601 1418 4664 καὶ
1439 4601 1567 4664 πείθειν
1588 4610 1656 4674 τοῖς
1678 4598 1817 4686 άρχοοσι
1837 4602 1902 4664 τῶν
1923 4607 2025 4687 ἐπαρ-

124 4703 230 4786 χιῶν
251 4701 308 4766 καὶ
330 4705 380 4768 ἐπὶ
402 4699 579 4784 ἐγκλήμασι
600 4705 656 4768 καὶ
678 4703 728 4767 ἐπὶ
747 4698 906 4789 χρήμασι,
927 4699 1025 4767 abaci
1042 4698 1101 4778 τάς
1123 4696 1296 4775 ὑποδέσεις
1317 4695 1545 4782 ἐξετάζεσθαι,
1577 4698 1711 4786 μηδενὸς
1738 4699 1929 4788 ἐξῃρημένον
1957 4699 2023 4766 άπὸ

124 4805 327 4893 προνομίοα
347 4801 435 4878 τινὸς
452 4805 553 4888 χωρὶς
574 4804 673 4870 θείου
694 4803 921 4890 πραγματικοῦ
942 4799 1055 4868 τύπον.
1100 4800 1200 4886 Atqui
1222 4797 1381 4882 σιἀτομος
1401 4803 1556 4888 διαίρεσις
1575 4805 1641 4869 τῶν
1662 4801 1783 4885 νεαρῶν
1790 4846 1799 4878 ,
1829 4818 1923 4886 qnam
1945 4819 2025 4868 sae·

122 4905 220 4974 culo
247 4924 278 4990 p.
309 4899 385 4970 Chr.
414 4925 444 4971 n.
476 4905 600 4971 decimo
628 4903 845 4990 conscriptam
873 4921 952 4970 esse
982 4903 1092 4990 capite
1121 4899 1180 4967 lV.
1206 4899 1316 4977 docui,
1344 4903 1378 4968 in
1406 4904 1626 4990 collectionis,
1659 4921 1743 4988 quae
1765 4919 1807 4966 ex
1840 4903 2022 4968 ccxviii.

121 5007 166 5074 N
168 5003 300 5073 avellis
321 5005 604 5072 constitutionibus
626 5009 772 5090 canstat,
800 5003 1042 5090 exemplaribus
1063 5003 1161 5091 banc,
1189 5021 1274 5089 quae
1294 5003 1327 5068 in
1349 5006 1470 5072 nostris
1493 5003 1731 5090 exemplaribus
1760 5001 1912 5084 babetur,
1944 5021 2025 5070 con-

119 5105 351 5174 stitutionum
372 5107 491 5172 seriem
513 5113 635 5172 certam
657 5103 934 5190 indubitatumque
956 5105 1058 5170 inisse
1079 5105 1164 5170 satis
1185 5110 1335 5170 testatur.
1380 5107 1439 5172 Sic
1461 5103 1622 5171 animilia
1644 5123 1676 5189 p.
1701 5101 1790 5168 235.
1822 5099 1896 5168 οὐδὲ
1923 5100 2022 5183 ἡξηζ

118 5211 144 5290 ἡ
172 5208 261 5289 περὶ
281 5201 457 5284 διατάξεως
479 5207 543 5270 τῶν
565 5205 738 5284 διαδοχῶν,
762 5201 836 5270 οὐδὲ
857 5199 876 5282 ἡ
899 5200 964 5270 οδ.
994 5203 1111 5290 ltaque
1133 5203 1342 5272 dubitandum
1364 5227 1428 5276 nan
1450 5212 1514 5292 est,
1536 5201 1611 5290 quin
1626 5211 1751 5296 noster,
1772 5221 1867 5294 quem
1888 5203 2023 5286 edimus,

113 5313 161 5379 N
162 5305 363 5378 avellanum
383 5305 483 5372 index
504 5304 547 5372 ad
567 5307 752 5393 antiquiora
773 5311 919 5392 tempora
939 5303 1132 5372 referendus
1152 5305 1205 5372 sit

305 5628 337 5686 2)
352 5627 372 5678 l.
390 5626 410 5677 i.
427 5640 454 5690 p.
471 5625 515 5676 bt.
539 5630 567 5678 et
589 5641 615 5692 p.
633 5627 753 5680 ⁰³-bo,
850 5629 881 5689 3)
898 5629 929 5680 ln
946 5629 1116 5695 expositione
1132 5631 1304 5682 Navaliarum
1327 5629 1547 5679 constitutionum
1571 5629 1646 5678 init:
1681 5625 1770 5679 ladem
1786 5643 1852 5680 aero
1881 5631 2025 5682 ιιιιιιοειοιι
2161 5627 2166 5642 ’

110 5722 203 5786 qnia
228 5725 292 5764 naa
308 5713 371 5763 erat
386 5711 490 5776 certia,
507 5711 576 5776 ειερι
592 5723 628 5762 ια
635 5709 758 5777 liepbiae
769 5711 927 5766 bibliotheca
944 5713 1097 5766 brwwrem
1113 5717 1300 5778 aptioremque
1315 5714 1413 5762 ceteris
1429 5715 1457 5764 et
1472 5713 1525 5763 Ιιοο
1540 5713 1750 5778 properaremus
1766 5715 1799 5766 ot
1813 5715 2026 5780 emarcueram,

111 5799 261 5856 mavi·
296 5795 365 5848 ittet
381 5793 516 5858 maara,
532 5795 581 5846 αιι
596 5793 729 5850 dalmata
745 5797 870 5852 saltim
887 5799 983 5852 maloi.
1049 5799 1079 5856 t)
1096 5795 1166 5847 vide
1183 5797 1425 5848 ποειιιιαιαιι.
1443 5797 1463 5847 i.
1481 5810 1506 5860 p.
1524 5795 1566 5848 ιθ.
1584 5799 1682 5862 etseq.

1575 5891 1630 5960 12
