4790 7064
378 569 447 615 mn
1068 543 1528 618 PROLEGOMENA

347 785 353 794 ,
381 733 639 800 accommodaret
665 750 757 797 sunm
763 779 774 819 ,
806 731 856 797 ins
883 751 973 799 snum
1001 732 1161 816 integrum
1188 735 1309 802 habere
1342 735 1468 802 dicitur.
1513 733 1653 823 Quodsi,
1688 733 1754 801 tilia
1776 737 1934 822 rogante,
1969 741 2065 820 pater
2093 738 2247 826 cessauit,

380 835 448 901 lilia
471 833 604 912 nudam,
625 852 720 918 quam
742 837 855 898 contra
875 833 982 919 inopis
1003 833 1109 898 mariti
1132 835 1214 901 bona
1233 835 1347 917 habet,
1384 835 1472 902 dotis
1500 836 1661 902 actionem
1689 834 1845 901 conteret.
1888 833 1964 900 Erit
1985 841 2092 902 autem
2113 837 2247 903 omnium

364 935 511 1002 omnino
531 935 663 1000 fratrum
685 934 827 999 conditio
849 933 1006 1019 aeqnaIIs.
1049 932 1228 1002 Illovehnnt
1247 938 1332 1004 enim
1355 937 1463 1004 cuncti
1484 955 1557 1004 eam
1577 937 1752 1015 actionem,
1779 936 1830 1023 id,
1851 935 1935 1021 qnod
1958 936 2124 1002 consecuti
2145 943 2247 1024 erunt,

380 1036 467 1101 inter
488 1053 527 1100 se
547 1035 729 1122 aequaliter
749 1034 897 1102 divisuri.
942 1034 1023 1097 Tum
1045 1033 1127 1102 haec
1148 1037 1255 1122 posita
1276 1043 1368 1104 sunta
1390 1035 1458 1103 ἀλλ’
1483 1043 1512 1102 εἰ
1531 1034 1738 1122 μένὸπατὴρ
1759 1039 1810 1102 ἐπὶ
1831 1038 1893 1100 τῶν
1914 1033 2071 1100 τοιούτων
2092 1034 2247 1118 θεμάτων

378 1137 502 1214 ἐπιδοίη
523 1135 582 1214 τῆν
602 1147 723 1220 προῖκα
743 1139 799 1200 καὶ
820 1135 890 1220 περὶ
909 1134 967 1210 τῆς
986 1130 1091 1200 αὐτού
1110 1143 1295 1221 περιουσίας
1315 1138 1506 1218 ἐλπιζεσέἐαι
1526 1139 1583 1215 τῆς
1603 1138 1821 1223 συνασιμοράς
1831 1137 1959 1217 μέλλοι,
1982 1137 2080 1202 τοῦτο
2101 1149 2245 1222 κρατεῖν·

380 1242 408 1301 ελ
429 1238 463 1302 δέ
489 1237 633 1319 μείζων
661 1234 761 1316 τυχὸν
788 1231 808 1313 ἦ
836 1234 977 1310 ἐπίδοσις
1011 1239 1143 1312 εἴηκαὶ
1170 1234 1411 1328 ἡσυνεισφορά
1437 1241 1508 1321 περὶ
1530 1243 1652 1317 ἐκείνην
1673 1245 1845 1324 στρέφεται
1867 1233 1926 1313 τὴν
1946 1237 2060 1301 ἐλπίδα
2067 1285 2077 1315 ,
2098 1273 2140 1288 ·-
2161 1263 2245 1317 τηνι-

379 1338 486 1401 καῦτα
513 1334 615 1415 αὐτὴν
640 1335 698 1415 την
726 1339 898 1418 θυγατέρα
927 1344 1030 1399 κινεῖν
1048 1334 1168 1418 καὶμὴ
1190 1342 1275 1415 ἐχειν
1294 1336 1461 1425 πρόφασιν
1483 1337 1582 1421 τὸμὴ
1605 1339 1790 1416 δυνηθῆναι
1818 1338 1965 1413 κινῆσαι,
2000 1334 2068 1404 ἀλλ’
2093 1341 2193 1424 ἑαυτῆ
2214 1363 2246 1404 τε

377 1438 547 1521 βοηθῆσαι
567 1475 618 1503 -.
653 1438 721 1504 lam
748 1433 826 1501 vide
855 1436 939 1502 hanc
967 1434 1095 1504 dicendi
1122 1438 1280 1504 rationem
1307 1443 1365 1527 „oi
1382 1445 1482 1526 paler·
1503 1440 1613 1504 dotem
1640 1434 1815 1519 dederit‘,
1835 1434 1968 1522 reliquls
1989 1439 2048 1523 „ei
2066 1437 2158 1522 forle
2186 1440 2245 1504 doa

378 1539 488 1602 maor
508 1537 578 1604 aitl‘
596 1539 788 1625 oppositam.
832 1535 917 1618 Quid
938 1530 1012 1603 irat
1046 1556 1137 1625 num,
1166 1547 1370 1624 quaeantea
1392 1540 1596 1626 dictasunt,
1624 1539 1666 1605 ad
1688 1537 1823 1604 minoris
1845 1538 2037 1622 quantitatis
2059 1537 2168 1605 dotem
2191 1559 2246 1606 re-

265 1651 270 1660 ·
377 1637 511 1704 terenda
533 1632 635 1705 sunt?
678 1637 779 1724 Atqui
800 1637 878 1702 nihii
900 1657 1001 1724 snpra
1023 1637 1142 1704 dictum
1164 1645 1234 1727 est,
1267 1641 1353 1708 unde
1382 1641 1424 1708 de
1446 1661 1486 1708 ea
1508 1659 1545 1706 re
1567 1647 1719 1706 constare
1747 1637 1863 1724 possit.
1907 1637 1952 1705 Ut
1972 1637 2109 1724 proinde
2131 1638 2246 1726 dieen-

378 1737 452 1805 dnm
478 1739 539 1826 sit,
566 1747 622 1806 ant
652 1741 767 1805 bonum
796 1737 1010 1804 Iustiniannm
1039 1739 1071 1802 in
1100 1738 1226 1823 logicae
1247 1744 1329 1808 artis
1357 1749 1391 1808 et
1412 1741 1603 1826 disciplinae
1625 1742 1721 1825 leges
1742 1756 1920 1827 peccasse,
1953 1745 2009 1804 aut
2035 1738 2122 1805 bunc
2143 1740 2247 1806 locum

377 1839 462 1906 male
483 1845 664 1926 corruptum
686 1857 775 1906 esse.
819 1839 913 1904 Istud
933 1840 1046 1922 μειζων
1068 1839 1164 1906 codd.
1184 1861 1262 1906 mss.
1283 1843 1393 1928 graeci
1415 1843 1537 1910 habent
1559 1842 1601 1910 ad
1623 1861 1718 1908 unum
1746 1858 1879 1926 omues,
1915 1839 2115 1926 vulgataque
2136 1841 2246 1908 versio

378 1946 496 2007 tuetur.
526 1935 627 2021 Quum
642 1959 706 2008 uun
729 1941 826 2006 multo
841 1941 955 2006 melius
967 1941 1127 2007 scribetur
1138 1947 1166 2006 ελ
1177 1943 1211 2006 δέ
1225 1942 1342 2018 ἀλλων,
1363 1941 1482 2024 μητρὸς
1498 1941 1607 2022 τυχόν,
1630 1940 1650 2021 ῆ
1663 1943 1804 2016 ἐπίδοσις
1819 1946 1878 2018 εἴη,
1900 1939 1962 2008 hoc
1974 1947 2028 2006 est
2040 1942 2123 2027 „tin
2135 1945 2247 2008 aulem

379 2043 449 2129 olii,
467 2041 617 2127 fortusse
637 2045 756 2122 muter,
775 2042 884 2107 detera
900 2041 1079 2107 mauoc‘
1087 2035 1106 2108 ‘d
1128 2041 1222 2109 Dabo
1235 2045 1292 2109 tihi
1306 2044 1399 2110 buius
1413 2044 1652 2110 emendationis
1666 2060 1858 2129 sponsorem
1877 2039 2104 2129 Athanasium,
2125 2045 2179 2128 qui
2195 2043 2245 2108 tit.

382 2142 443 2207 1⁰.
457 2149 564 2209 coust.
587 2140 622 2208 6.
647 2143 729 2208 haee
750 2141 897 2229 protulit:
920 2139 940 2220 ἡ
961 2143 1011 2221 δέ,
1033 2140 1206 2222 ύπεξουσιά
1220 2132 1328 2237 ὀύσιι,
1350 2150 1379 2207 ελ
1399 2141 1633 2228 διεμαρτύρατο
1653 2141 1712 2209 τὸν
1731 2146 1856 2225 πατέρα
1869 2139 2103 2220 ἐκδικῆσαιτῆν
2115 2155 2246 2229 προῖκα,

378 2240 397 2307 ὁ
419 2245 452 2308 δὲ
473 2241 672 2326 ῥᾳθυμούσας
693 2240 754 2307 ούκ
773 2242 964 2322 ἐξεδάιησεν,
987 2242 1061 2308 οὔτε
1082 2245 1116 2309 δὲ
1136 2251 1293 2330 παρέσχον
1313 2241 1398 2328 αὐτῇ
1417 2243 1532 2310 ἀδειαν
1552 2245 1611 2310 τού
1632 2245 1797 2322 ἐκδικῆσαι
1809 2239 1868 2320 τὴν
1880 2252 2016 2326 προῖκα,
2050 2238 2124 2306 τότε
2143 2239 2246 2322 μόνην

378 2341 480 2421 αὐτὴν
500 2342 558 2421 τῆν
579 2342 710 2426 ἀγωγην
730 2346 786 2422 τῆς
808 2339 938 2430 προικὸς
958 2350 1215 2431 σονεισφέρουσα
1235 2355 1305 2421 τοῖς
1319 2341 1492 2431 ἀδελφοῖς,
1513 2349 1708 2431 κληρονομεῖ
1723 2346 1781 2409 τὸν
1793 2350 1934 2425 πατέρα,
1956 2339 2247 2424 τούάποτελέσμα-

377 2467 433 2520 τος
453 2445 510 2521 τῆς
530 2443 657 2525 ἀγωγῆς
677 2441 802 2521 πάντας
822 2441 937 2520 κοινῶς
958 2439 1109 2530 ὁρῶντος.
1146 2451 1174 2510 el
1201 2447 1236 2511 δέ
1262 2447 1403 2532 ἐτερος
1430 2451 1493 2522 τὶς
1518 2448 1588 2512 καὶ
1616 2443 1693 2524 οὐχ
1720 2441 1738 2510 ὁ
1764 2439 1911 2526 πατήρ,
1948 2439 2059 2508 ἀλλά
2079 2441 2246 2524 τυχόνῆ

377 2542 506 2628 μήτηρ
536 2547 688 2610 ἐπέδωκεν
717 2543 775 2622 τῆν
801 2553 922 2630 προῖκα
947 2547 1004 2609 καὶ
1033 2540 1053 2624 ἡ
1078 2544 1277 2633 ουνεισφορά
1302 2549 1372 2630 περὶ
1393 2550 1515 2626 ἐκείνην
1534 2553 1708 2633 στρέφεται
1729 2543 1788 2623 τὴν
1809 2543 1938 2621 ἐλπίδα,
1976 2549 2013 2608 ἐκ
2041 2544 2075 2610 δέ
2101 2546 2157 2622 τῆς
2184 2548 2245 2610 τού

377 2643 677 2732 πατρὸςιάπειθιάς
697 2647 756 2710 τού
783 2645 862 2728 μήτε
888 2647 1018 2723 κινῆσαι
1043 2643 1217 2711 κινδυνεύει
1243 2645 1286 2712 τά
1311 2649 1368 2726 τῆς
1394 2643 1543 2731 προικός,
1580 2644 1718 2714 δύναται
1744 2648 1796 2711 ἐπὶ
1824 2640 1942 2710 τούτου
1968 2646 2030 2708 τοῦ
2056 2643 2246 2726 θέματοςῆ

378 2744 532 2831 θυγάτηρ
568 2785 605 2796 -
642 2749 699 2812 καὶ
724 2749 823 2831 χωρὶς
849 2742 952 2810 αύτού
979 2741 1101 2824 ταύτην
1127 2744 1287 2812 ἀπαιτεῖν.
1330 2748 1425 2814 llaec
1451 2747 1636 2816 emendatio
1664 2747 1730 2812 etsi
1758 2746 1823 2812 alia
1850 2743 2042 2832 probatione
2069 2765 2136 2812 non
2157 2754 2247 2835 eget,

378 2853 488 2914 tamen
510 2854 545 2914 et
565 2847 688 2914 loliano
715 2853 894 2936 repugnat,
928 2847 982 2934 qui
1007 2847 1120 2929 μιιζων
1150 2847 1183 2912 in
1208 2867 1267 2914 suo
1297 2847 1392 2915 codd.
1420 2869 1500 2914 mss.
1528 2847 1667 2915 invenit.
1710 2847 1770 2916 Sic
1797 2847 1884 2914 enim
1912 2864 1982 2932 cap.
2012 2843 2103 2912 345.
2146 2846 2248 2916 Haec

377 2952 489 3016 acuero
510 2951 628 3015 totiens
649 2967 733 3016 cero
753 2952 848 3036 aaut,
872 2951 1000 3036 quotics
1020 2949 1107 3015 dotia
1127 2949 1299 3035 quenulae
1318 2949 1432 3034 amplo
1452 2967 1522 3018 ιιοιι
1542 2951 1596 3016 ait.
1640 2945 1682 3016 St
1703 2949 1791 3014 caim
1811 2949 1923 3034 amplo
1943 2945 2053 3034 suere
2071 2985 2124 3013 -.

1083 3113 1532 3204 KMMAEQAE

501 3253 541 3318 In
568 3252 733 3319 Novellae
763 3247 852 3317 rte.
881 3252 992 3339 capite
1020 3249 1056 3318 2.
1084 3252 1230 3318 lustinus
1255 3271 1277 3318 ο
1303 3252 1491 3318 tributorum
1520 3250 1722 3337 indulgentia
1749 3251 1907 3319 militares
1939 3253 2246 3340 moderatoremque
2378 3281 2379 3308 ι

377 3353 601 3421 discussiones
622 3353 808 3422 nominatim
830 3355 981 3444 excepit,
1014 3356 1094 3420 item
1122 3372 1250 3434 omnes,
1282 3354 1336 3440 qui
1364 3373 1385 3420 a
1416 3353 1624 3420 collatoribus
1655 3352 1776 3439 aliquid
1797 3361 2010 3440 acceperant,
2050 3373 2188 3440 cumque
2210 3355 2247 3420 in

375 3456 457 3522 tisco
478 3454 705 3542 deponendum
725 3455 857 3544 luisset,
878 3453 1018 3521 nondum
1039 3454 1270 3541 deposuerant.
1313 3453 1413 3522 Cuius
1435 3453 1639 3541 exceptionis
1659 3452 1743 3522 hano
1762 3453 1871 3521 reddit
1892 3475 2041 3524 caussam
2062 3455 2146 3521 satis
2167 3454 2247 3522 ido-

375 3573 488 3622 neam:
509 3555 585 3632 τούς
605 3555 670 3639 γάρ
690 3552 852 3630 ὑποτελεῖς
872 3557 1031 3632 ἐλεοῦντες
1050 3557 1109 3634 τῆς
1128 3554 1293 3643 παρούσης
1312 3553 1493 3638 ἠξιώσαμεν
1512 3555 1783 3642 φιλανθρωπάις,
1806 3552 1846 3620 ού
1866 3554 1929 3637 μὴν
1951 3554 2026 3632 τούς
2041 3553 2114 3640 παρ’
2129 3551 2246 3624 αὐτῶν

374 3655 418 3721 τά
438 3654 577 3738 δημόσια
597 3652 821 3740 προλαβόντας
839 3653 1004 3740 χρήματα,
1024 3654 1213 3742 ἀποστερεῖν
1233 3659 1269 3722 τέ
1288 3654 1327 3722 τὸ
1344 3654 1500 3740 δημόσιον
1519 3657 1751 3741 βουλομένους,
1772 3653 1874 3738 ῆγουν
1894 3662 2048 3736 ἐκείνους,
2070 3653 2174 3722 ὅπου
2197 3655 2248 3722 ἀν

374 3761 640 3837 ἐκτεταμένοι
669 3755 798 3835 τύχοιεν
827 3754 923 3833 ὄντες.
967 3754 1103 3824 Cautum
1131 3765 1184 3826 est
1210 3759 1330 3844 igitur,
1364 3777 1408 3824 ue
1434 3758 1624 3824 tributomm
1652 3761 1827 3824 exactores
1854 3755 2077 3842 indulgentiae
2111 3760 2248 3826 nomine

374 3857 487 3923 fiscum
509 3871 629 3946 eosve,
650 3857 692 3923 ad
713 3877 794 3944 quos
816 3856 973 3924 destinati
993 3864 1124 3946 essent,
1145 3858 1387 3927 defraudarem.
1429 3856 1500 3926 Sed
1523 3856 1599 3944 quid
1620 3857 1697 3924 illud
1707 3863 1919 3945 ἐκτεταμένοι,
1941 3854 2248 3926 hocesteoetensti’

375 3959 486 4026 Hahet
501 3965 608 4026 tamen
621 3957 725 4026 codex
739 3959 899 4025 Venetus.
942 3960 990 4026 At
1013 3960 1119 4028 codex
1140 3961 1350 4028 Florentinus
1369 3965 1603 4042 ἐκτεταγμένοι.
1646 3959 1765 4026 Recte.
1806 3957 1893 4026 Sunt
1906 3958 1991 4024 enim
2004 3965 2247 4042 ἐντεταγμένος

374 4059 429 4146 qui
455 4058 498 4148 ad
534 4059 655 4127 tributa
682 4059 867 4146 colligenda
892 4061 1037 4152 delegati
1071 4067 1156 4128 suut.
1199 4061 1284 4128 Vide
1312 4059 1515 4146 Ducangium
1541 4059 1575 4126 in
1608 4059 1772 4144 glossario
1808 4057 2009 4126 Graecitatis
2047 4078 2081 4144 p.
2122 4057 2246 4127 ¹522.

369 4159 571 4226 Athanasius
593 4163 642 4226 tit.
666 4159 730 4226 20.
753 4167 858 4227 const.
882 4159 918 4227 6.
948 4160 1043 4241 οέαδῆ
1070 4165 1127 4242 τῆς
1147 4159 1323 4241 διατάξεως
1348 4173 1419 4238 τοῖς
1439 4162 1662 4236 συνιελεοταῖς
1688 4156 1790 4241 μόνον
1815 4155 2044 4242 συγχωρούσης
2072 4156 2115 4224 τά
2137 4156 2247 4246 ὀφλή-

366 4283 472 4341 ματα,
507 4259 546 4325 ού
573 4260 636 4344 μὴν
656 4273 725 4338 τοῖς
745 4260 817 4350 παρ’
842 4261 950 4328 αὐτῶν
971 4260 1015 4328 toi
1034 4260 1175 4346 δημόσια
1195 4270 1423 4345 κομισαμένοις
1443 4265 1501 4330 καὶ
1522 4259 1712 4346 ἀποστερεῖν
1732 4255 1827 4335 τούς
1854 4265 2137 4349 ἐκταγαρέους
2157 4259 2179 4340 ῆ
2202 4262 2247 4328 τὸ
2376 4309 2377 4330 .

367 4358 522 4443 δημόσιον
541 4371 759 4452 πειρωμένους

1110 4625 1492 4640 m

493 4836 624 4923 Operae
646 4839 801 4926 pretinm,
825 4845 861 4905 nt
882 4839 1012 4926 opinor,
1044 4835 1159 4903 tacturi
1181 4855 1315 4922 sumus,
1336 4835 1366 4900 si
1387 4834 1429 4900 ad
1452 4833 1546 4900 butus
1568 4833 1678 4920 operis
1698 4833 1793 4900 tinem
1815 4831 1937 4918 aliquot
1958 4830 2109 4917 exempla
2129 4849 2248 4920 appo-

367 4939 543 5026 suerimus,
576 4940 610 5004 in
632 4958 715 5026 quae
737 4941 875 5006 intuenti
896 4941 1011 5025 cuique
1031 4940 1114 5006 sotis
1135 4943 1312 5026 appareat,
1346 4935 1451 5021 qualis
1473 4941 1657 5020 quantaque
1678 4935 1767 5021 eins,
1798 4953 1891 5020 quem
1913 4931 2054 5019 edimus,
2090 4929 2161 4996 libri
2184 4936 2249 5002 vis

367 5055 406 5104 ac
433 5045 584 5126 potestas
613 5040 646 5104 in
673 5039 843 5106 Iustiniani
864 5039 1015 5106 Novellis
1044 5047 1136 5107 recte
1163 5035 1421 5124 interpretandis
1449 5037 1556 5104 lutura
1583 5035 1638 5101 sit.
1680 5035 1719 5100 ln
1748 5053 1810 5120 qno
1839 5031 1918 5099 illud
1940 5033 2150 5119 praefandum
2173 5045 2250 5128 est,

366 5145 488 5205 cumam
509 5143 592 5207 satis
612 5141 689 5206 milri
710 5160 789 5208 esse
815 5139 1066 5229 supellectilem,
1097 5158 1202 5227 neque
1230 5137 1292 5204 hoc
1319 5137 1383 5202 iam
1414 5156 1434 5202 a
1467 5155 1518 5202 me
1546 5135 1616 5222 agi,
1653 5141 1688 5201 ut
1717 5137 1914 5219 singularum
1942 5134 2249 5202 controversiarum

366 5239 547 5326 litiumque,
583 5262 665 5328 quas
691 5247 826 5310 nostrae
847 5243 1019 5308 cremonae
1040 5241 1249 5308 iureconsulti
1270 5237 1313 5306 de
1335 5237 1486 5304 Novellis
1514 5237 1795 5304 constitutionibus
1817 5234 2073 5321 interpretandis
2094 5235 2249 5303 habeant

367 5341 578 5427 constitutas,
612 5344 781 5409 historiam
802 5349 893 5408 recte
914 5343 1092 5429 ordineque
1112 5342 1303 5408 reseramus.
1345 5335 1475 5423 Eligam
1497 5344 1605 5404 autem
1627 5357 1671 5405 ex
1698 5336 1810 5406 multis
1831 5342 1866 5402 et
1887 5335 1979 5423 aliis,
2015 5354 2098 5422 quae
2120 5335 2161 5402 de
2184 5335 2249 5404 his
2321 5341 2323 5346 ’

366 5441 464 5505 rebus
485 5441 517 5504 in
539 5441 742 5509 adversariis
763 5451 922 5528 congesta
944 5443 1146 5527 collectaque
1173 5440 1295 5527 habeo,
1332 5437 1389 5506 vel
1409 5439 1549 5504 maxime
1570 5439 1633 5504 has
1661 5456 1817 5524 caussas,
1852 5435 1893 5502 de
1922 5436 2038 5522 quibus
2057 5456 2078 5506 a
2100 5443 2248 5506 nostrae

366 5540 487 5607 aetatis
508 5538 737 5610 iureconsultis
757 5543 791 5610 in
814 5547 1126 5630 utramquepartem
1147 5540 1346 5629 dIsputatum
1368 5545 1439 5628 est,
1469 5539 1661 5626 electasque
1675 5536 1852 5604 secundum
1874 5535 2052 5604 CLXVIII
2072 5537 2248 5606 Novello-

366 5662 435 5743 pum
448 5636 573 5708 'seriem
595 5640 802 5731 ordinemque
824 5643 978 5731 dIgeram.
1004 5715 1011 5728 ,
