<?xml version="1.0" encoding="UTF-8"?>
<!DOCTYPE html PUBLIC "-//W3C//DTD XHTML 1.0 Transitional//EN"
    "http://www.w3.org/TR/xhtml1/DTD/xhtml1-transitional.dtd">
<html xmlns="http://www.w3.org/1999/xhtml" xml:lang="en" lang="en">
 <head>
  <title>
</title>
<meta http-equiv="Content-Type" content="text/html;charset=utf-8" />
  <meta name='ocr-system' content='tesseract 3.04.00' />
  <meta name='ocr-capabilities' content='ocr_page ocr_carea ocr_par ocr_line ocrx_word'/>
</head>
<body>
  <div class='ocr_page' id='page_1' title='image "./anekdotaexcodic00theogoog/anekdotaexcodic00theogoog_0245.png"; bbox 0 0 4784 7068; ppageno 0'>
   <div class='ocr_carea' id='block_1_1' title="bbox 401 570 1565 659">
    <p class='ocr_par' dir='ltr' id='par_1_1' title="bbox 401 570 1565 659">
     <span class='ocr_line' id='line_1_1' title="bbox 401 570 1565 659; baseline -0.006 -13"><span class='ocrx_word' id='word_1_1' title='bbox 401 589 477 659; x_wconf 63' lang='grc' dir='ltr'><strong><em>ιω</em></strong></span> <span class='ocrx_word' id='word_1_2' title='bbox 978 597 981 605; x_wconf 42' lang='lat'>1</span> <span class='ocrx_word' id='word_1_3' title='bbox 1138 570 1565 646; x_wconf 70' lang='lat' dir='ltr'><strong>susannem</strong></span> 
     </span>
    </p>
   </div>
   <div class='ocr_carea' id='block_1_2' title="bbox 399 715 2257 1129">
    <p class='ocr_par' dir='ltr' id='par_1_2' title="bbox 399 715 2257 1129">
     <span class='ocr_line' id='line_1_2' title="bbox 895 715 900 743; baseline 0 0"><span class='ocrx_word' id='word_1_4' title='bbox 895 715 900 743; x_wconf 89' lang='lat' dir='ltr'><strong>l</strong></span> 
     </span>
     <span class='ocr_line' id='line_1_3' title="bbox 399 762 2256 858; baseline -0.005 -23"><span class='ocrx_word' id='word_1_5' title='bbox 399 777 450 854; x_wconf 78' lang='grc' dir='ltr'><strong><em>κζ’.</em></strong></span> <span class='ocrx_word' id='word_1_6' title='bbox 473 780 519 840; x_wconf 81' lang='grc' dir='ltr'><strong><em>καλ</em></strong></span> <span class='ocrx_word' id='word_1_7' title='bbox 540 778 576 858; x_wconf 75' lang='grc' dir='ltr'><strong><em>βὶζ</em></strong></span> <span class='ocrx_word' id='word_1_8' title='bbox 599 771 696 852; x_wconf 75' lang='lat'>0&#39;.²⁴)</span> <span class='ocrx_word' id='word_1_9' title='bbox 725 779 780 836; x_wconf 79' lang='grc' dir='ltr'><strong><em>τῶν</em></strong></span> <span class='ocrx_word' id='word_1_10' title='bbox 808 767 955 852; x_wconf 70' lang='grc' dir='ltr'><strong><em>δόρίβους</em></strong></span> <span class='ocrx_word' id='word_1_11' title='bbox 983 783 1018 832; x_wconf 65' lang='lat' dir='ltr'><strong>oi:</strong></span> <span class='ocrx_word' id='word_1_12' title='bbox 1047 765 1080 850; x_wconf 83' lang='grc' dir='ltr'><strong><em>γ’,</em></strong></span> <span class='ocrx_word' id='word_1_13' title='bbox 1102 773 1153 850; x_wconf 81' lang='grc' dir='ltr'><strong><em>διγ.</em></strong></span> <span class='ocrx_word' id='word_1_14' title='bbox 1179 765 1238 849; x_wconf 80' lang='grc' dir='ltr'><strong><em>νβ’.</em></strong></span> <span class='ocrx_word' id='word_1_15' title='bbox 1260 764 1309 830; x_wconf 76' lang='grc' dir='ltr'><strong><em>ἐὰν</em></strong></span> <span class='ocrx_word' id='word_1_16' title='bbox 1351 762 1460 840; x_wconf 73' lang='grc' dir='ltr'><strong><em>14.(’ί)</em></strong></span> <span class='ocrx_word' id='word_1_17' title='bbox 1482 771 1576 821; x_wconf 82' lang='lat' dir='ltr'><strong>const.</strong></span> <span class='ocrx_word' id='word_1_18' title='bbox 1598 762 1648 820; x_wconf 63' lang='lat'><strong><em>22.</em></strong></span> <span class='ocrx_word' id='word_1_19' title='bbox 1676 771 1706 821; x_wconf 78' lang='lat' dir='ltr'><strong><em>et</em></strong></span> <span class='ocrx_word' id='word_1_20' title='bbox 1727 763 1793 821; x_wconf 77' lang='lat' dir='ltr'><strong>libii</strong></span> <span class='ocrx_word' id='word_1_21' title='bbox 1816 763 1845 820; x_wconf 82' lang='grc'><strong><em>8.</em></strong></span> <span class='ocrx_word' id='word_1_22' title='bbox 1873 781 1911 822; x_wconf 85' lang='lat' dir='ltr'><strong><em>ex</em></strong></span> <span class='ocrx_word' id='word_1_23' title='bbox 1934 771 2018 838; x_wconf 85' lang='lat' dir='ltr'><strong>parts</strong></span> <span class='ocrx_word' id='word_1_24' title='bbox 2048 768 2086 823; x_wconf 78' lang='lat' dir='ltr'><strong><em>tle</em></strong></span> <span class='ocrx_word' id='word_1_25' title='bbox 2106 769 2194 824; x_wconf 71' lang='lat' dir='ltr'><strong>redite</strong></span> <span class='ocrx_word' id='word_1_26' title='bbox 2220 769 2256 825; x_wconf 74' lang='lat' dir='ltr'><strong>lli.</strong></span> 
     </span>
     <span class='ocr_line' id='line_1_4' title="bbox 400 848 2255 940; baseline -0.009 -16"><span class='ocrx_word' id='word_1_27' title='bbox 400 864 429 925; x_wconf 75' lang='grc' dir='ltr'><strong><em>ἔκ</em></strong></span> <span class='ocrx_word' id='word_1_28' title='bbox 455 885 529 936; x_wconf 85' lang='grc' dir='ltr'><strong><em>τινος</em></strong></span> <span class='ocrx_word' id='word_1_29' title='bbox 550 857 641 923; x_wconf 87' lang='grc' dir='ltr'><strong><em>κόσου</em></strong></span> <span class='ocrx_word' id='word_1_30' title='bbox 662 856 878 940; x_wconf 58' lang='grc' dir='ltr'><strong><em>περιβληθῇλὸ)</em></strong></span> <span class='ocrx_word' id='word_1_31' title='bbox 909 861 947 926; x_wconf 73' lang='grc' dir='ltr'><strong><em>σι’-ς</em></strong></span> <span class='ocrx_word' id='word_1_32' title='bbox 974 852 1025 915; x_wconf 83' lang='grc' dir='ltr'><strong><em>τὸν</em></strong></span> <span class='ocrx_word' id='word_1_33' title='bbox 1047 859 1158 932; x_wconf 67' lang='grc' dir='ltr'><strong><em>πατέρα</em></strong></span> <span class='ocrx_word' id='word_1_34' title='bbox 1179 853 1196 931; x_wconf 73' lang='grc' dir='ltr'><em>ἡ</em></span> <span class='ocrx_word' id='word_1_35' title='bbox 1219 857 1307 914; x_wconf 60' lang='grc' dir='ltr'><strong><em>ἕως.</em></strong></span> <span class='ocrx_word' id='word_1_36' title='bbox 1352 849 1381 906; x_wconf 88' lang='lat'><strong><em>1.</em></strong></span> <span class='ocrx_word' id='word_1_37' title='bbox 1404 851 1466 924; x_wconf 71' lang='lat' dir='ltr'><strong>dig.</strong></span> <span class='ocrx_word' id='word_1_38' title='bbox 1487 848 1538 904; x_wconf 78' lang='grc'><strong><em>52.</em></strong></span> <span class='ocrx_word' id='word_1_39' title='bbox 1581 851 1614 904; x_wconf 83' lang='lat' dir='ltr'><strong><em>Si</em></strong></span> <span class='ocrx_word' id='word_1_40' title='bbox 1636 865 1675 905; x_wconf 85' lang='lat' dir='ltr'><strong><em>ex</em></strong></span> <span class='ocrx_word' id='word_1_41' title='bbox 1696 851 1794 920; x_wconf 77' lang='lat' dir='ltr'><strong>aliquo</strong></span> <span class='ocrx_word' id='word_1_42' title='bbox 1818 866 1891 906; x_wconf 87' lang='lat' dir='ltr'><strong>casu</strong></span> <span class='ocrx_word' id='word_1_43' title='bbox 1912 851 1975 916; x_wconf 88' lang='lat' dir='ltr'><strong>dos,</strong></span> <span class='ocrx_word' id='word_1_44' title='bbox 1997 867 2075 922; x_wconf 73' lang='lat' dir='ltr'><strong>«puae</strong></span> <span class='ocrx_word' id='word_1_45' title='bbox 2096 853 2132 908; x_wconf 85' lang='lat' dir='ltr'><strong><em>ab</em></strong></span> <span class='ocrx_word' id='word_1_46' title='bbox 2155 868 2189 908; x_wconf 90' lang='lat' dir='ltr'><strong><em>eo</em></strong></span> <span class='ocrx_word' id='word_1_47' title='bbox 2212 869 2255 923; x_wconf 92' lang='lat' dir='ltr'><strong>pro</strong></span> 
     </span>
     <span class='ocr_line' id='line_1_5' title="bbox 399 933 2257 1026; baseline -0.004 -26"><span class='ocrx_word' id='word_1_48' title='bbox 399 955 490 1009; x_wconf 61' lang='grc' dir='ltr'><strong><em>θεῖσα</em></strong></span> <span class='ocrx_word' id='word_1_49' title='bbox 520 943 594 1026; x_wconf 77' lang='grc' dir='ltr'><strong><em>παρ’</em></strong></span> <span class='ocrx_word' id='word_1_50' title='bbox 625 943 716 1006; x_wconf 77' lang='grc' dir='ltr'><strong><em>αὐτοῦ</em></strong></span> <span class='ocrx_word' id='word_1_51' title='bbox 736 941 821 1023; x_wconf 77' lang='grc' dir='ltr'><strong><em>προῖξ</em></strong></span> <span class='ocrx_word' id='word_1_52' title='bbox 830 941 875 1020; x_wconf 74' lang='lat'><strong><em>²⁴³)</em></strong></span> <span class='ocrx_word' id='word_1_53' title='bbox 906 939 977 1019; x_wconf 71' lang='grc' dir='ltr'><strong><em>ὑπὲρ</em></strong></span> <span class='ocrx_word' id='word_1_54' title='bbox 1004 945 1055 1016; x_wconf 85' lang='grc' dir='ltr'><strong><em>τῆς</em></strong></span> <span class='ocrx_word' id='word_1_55' title='bbox 1076 941 1232 1013; x_wconf 53' lang='lat' dir='ltr'><strong>stantano)</strong></span> <span class='ocrx_word' id='word_1_56' title='bbox 1255 945 1308 997; x_wconf 74' lang='lat' dir='ltr'><strong><em>pv.</em></strong></span> <span class='ocrx_word' id='word_1_57' title='bbox 1351 935 1446 1006; x_wconf 84' lang='lat' dir='ltr'><strong>ipsius</strong></span> <span class='ocrx_word' id='word_1_58' title='bbox 1460 935 1520 990; x_wconf 86' lang='lat' dir='ltr'><strong>filla</strong></span> <span class='ocrx_word' id='word_1_59' title='bbox 1535 933 1605 988; x_wconf 86' lang='lat' dir='ltr'><strong>data</strong></span> <span class='ocrx_word' id='word_1_60' title='bbox 1619 939 1675 1006; x_wconf 89' lang='lat' dir='ltr'><strong>est,</strong></span> <span class='ocrx_word' id='word_1_61' title='bbox 1689 933 1726 988; x_wconf 89' lang='lat' dir='ltr'><strong><em>ad</em></strong></span> <span class='ocrx_word' id='word_1_62' title='bbox 1744 939 1855 1004; x_wconf 87' lang='lat' dir='ltr'><strong>patrem</strong></span> <span class='ocrx_word' id='word_1_63' title='bbox 1870 935 1999 1006; x_wconf 86' lang='lat' dir='ltr'><strong>redierit,</strong></span> <span class='ocrx_word' id='word_1_64' title='bbox 2021 941 2145 1008; x_wconf 88' lang='lat' dir='ltr'><strong>oportet,</strong></span> <span class='ocrx_word' id='word_1_65' title='bbox 2158 937 2185 992; x_wconf 89' lang='lat' dir='ltr'><strong>si</strong></span> <span class='ocrx_word' id='word_1_66' title='bbox 2199 937 2257 1008; x_wconf 86' lang='lat' dir='ltr'><strong>ipsa</strong></span> 
     </span>
     <span class='ocr_line' id='line_1_6' title="bbox 401 1017 2256 1129; baseline -0.004 -45"><span class='ocrx_word' id='word_1_67' title='bbox 401 1029 516 1114; x_wconf 69' lang='grc' dir='ltr'><strong><em>γπιρός,</em></strong></span> <span class='ocrx_word' id='word_1_68' title='bbox 537 1026 643 1110; x_wconf 69' lang='grc' dir='ltr'><strong><em>ἀνάγκη</em></strong></span> <span class='ocrx_word' id='word_1_69' title='bbox 665 1021 906 1129; x_wconf 62' lang='grc' dir='ltr'><strong><em>δευτρρογαμούση</em></strong></span> <span class='ocrx_word' id='word_1_70' title='bbox 923 1023 995 1101; x_wconf 78' lang='grc' dir='ltr'><strong><em>αὐτῇ</em></strong></span> <span class='ocrx_word' id='word_1_71' title='bbox 1016 1028 1055 1094; x_wconf 80' lang='grc' dir='ltr'><strong><em>είς</em></strong></span> <span class='ocrx_word' id='word_1_72' title='bbox 1071 1019 1228 1103; x_wconf 87' lang='grc' dir='ltr'><strong><em>ὁλόκληρον</em></strong></span> <span class='ocrx_word' id='word_1_73' title='bbox 1242 1017 1308 1083; x_wconf 87' lang='grc' dir='ltr'><strong><em>ταύ-</em></strong></span> <span class='ocrx_word' id='word_1_74' title='bbox 1351 1019 1387 1076; x_wconf 88' lang='lat' dir='ltr'><strong><em>ad</em></strong></span> <span class='ocrx_word' id='word_1_75' title='bbox 1411 1018 1558 1074; x_wconf 87' lang='lat' dir='ltr'><strong>secundas</strong></span> <span class='ocrx_word' id='word_1_76' title='bbox 1580 1019 1699 1088; x_wconf 82' lang='lat' dir='ltr'><strong>nuptias</strong></span> <span class='ocrx_word' id='word_1_77' title='bbox 1721 1023 1869 1090; x_wconf 85' lang='lat' dir='ltr'><strong>transeat,</strong></span> <span class='ocrx_word' id='word_1_78' title='bbox 1907 1020 2084 1077; x_wconf 89' lang='lat' dir='ltr'><strong>insolidum</strong></span> <span class='ocrx_word' id='word_1_79' title='bbox 2107 1037 2169 1078; x_wconf 86' lang='lat' dir='ltr'><strong><em>eam</em></strong></span> <span class='ocrx_word' id='word_1_80' title='bbox 2191 1021 2256 1090; x_wconf 83' lang='lat' dir='ltr'><strong>dari,</strong></span> 
     </span>
    </p>
   </div>
   <div class='ocr_carea' id='block_1_3' title="bbox 334 1103 2370 4392">
    <p class='ocr_par' dir='ltr' id='par_1_3' title="bbox 334 1103 2370 4392">
     <span class='ocr_line' id='line_1_7' title="bbox 401 1103 2370 1212; baseline -0.003 -46"><span class='ocrx_word' id='word_1_81' title='bbox 401 1140 451 1198; x_wconf 58' lang='lat' dir='ltr'><strong><em>,pp</em></strong></span> <span class='ocrx_word' id='word_1_82' title='bbox 478 1119 634 1186; x_wconf 62' lang='grc' dir='ltr'><strong><em>ιμιοοῡιμι,</em></strong></span> <span class='ocrx_word' id='word_1_83' title='bbox 662 1117 690 1174; x_wconf 72' lang='grc' dir='ltr'><strong><em>ἐν</em></strong></span> <span class='ocrx_word' id='word_1_84' title='bbox 720 1136 743 1188; x_wconf 78' lang='grc' dir='ltr'><em>ῳ</em></span> <span class='ocrx_word' id='word_1_85' title='bbox 773 1133 855 1212; x_wconf 79' lang='grc' dir='ltr'><strong><em>τυγου</em></strong></span> <span class='ocrx_word' id='word_1_86' title='bbox 883 1108 1046 1188; x_wconf 54' lang='grc' dir='ltr'><strong><em>αποροςῧθ)</em></strong></span> <span class='ocrx_word' id='word_1_87' title='bbox 1075 1111 1182 1188; x_wconf 78' lang='grc' dir='ltr'><strong><em>γέγονεν</em></strong></span> <span class='ocrx_word' id='word_1_88' title='bbox 1210 1112 1238 1166; x_wconf 80' lang='grc' dir='ltr'><strong><em>ἐν</em></strong></span> <span class='ocrx_word' id='word_1_89' title='bbox 1267 1110 1308 1180; x_wconf 76' lang='grc' dir='ltr'><strong><em>τῷ</em></strong></span> <span class='ocrx_word' id='word_1_90' title='bbox 1351 1103 1409 1160; x_wconf 86' lang='lat' dir='ltr'><strong>nisi</strong></span> <span class='ocrx_word' id='word_1_91' title='bbox 1439 1105 1516 1159; x_wconf 88' lang='lat' dir='ltr'><strong>forte</strong></span> <span class='ocrx_word' id='word_1_92' title='bbox 1545 1103 1640 1158; x_wconf 90' lang='lat' dir='ltr'><strong>medio</strong></span> <span class='ocrx_word' id='word_1_93' title='bbox 1667 1107 1797 1174; x_wconf 89' lang='lat' dir='ltr'><strong>tempore</strong></span> <span class='ocrx_word' id='word_1_94' title='bbox 1823 1103 1860 1158; x_wconf 87' lang='lat' dir='ltr'><strong><em>ad</em></strong></span> <span class='ocrx_word' id='word_1_95' title='bbox 1892 1109 2093 1176; x_wconf 76' lang='lat' dir='ltr'><strong>paupertatem</strong></span> <span class='ocrx_word' id='word_1_96' title='bbox 2126 1105 2256 1162; x_wconf 85' lang='lat' dir='ltr'><strong>redactus</strong></span> <span class='ocrx_word' id='word_1_97' title='bbox 2369 1103 2370 1110; x_wconf 74' lang='grc'>’</span> 
     </span>
     <span class='ocr_line' id='line_1_8' title="bbox 400 1186 2255 1294; baseline -0.005 -36"><span class='ocrx_word' id='word_1_98' title='bbox 400 1196 521 1281; x_wconf 82' lang='grc' dir='ltr'><strong><em>μεταξύ,</em></strong></span> <span class='ocrx_word' id='word_1_99' title='bbox 554 1203 612 1260; x_wconf 83' lang='grc' dir='ltr'><strong><em>τῶν</em></strong></span> <span class='ocrx_word' id='word_1_100' title='bbox 641 1202 671 1257; x_wconf 72' lang='grc' dir='ltr'><strong><em>ἐκ</em></strong></span> <span class='ocrx_word' id='word_1_101' title='bbox 697 1201 747 1257; x_wconf 80' lang='grc' dir='ltr'><strong><em>τοῦ</em></strong></span> <span class='ocrx_word' id='word_1_102' title='bbox 775 1217 865 1255; x_wconf 87' lang='grc' dir='ltr'><strong><em>κασου</em></strong></span> <span class='ocrx_word' id='word_1_103' title='bbox 892 1198 944 1272; x_wconf 77' lang='grc' dir='ltr'><strong><em>τῆς</em></strong></span> <span class='ocrx_word' id='word_1_104' title='bbox 971 1195 1078 1294; x_wconf 79' lang='grc' dir='ltr'><strong><em>δωρεᾶς</em></strong></span> <span class='ocrx_word' id='word_1_105' title='bbox 1098 1193 1309 1272; x_wconf 79' lang='grc' dir='ltr'><strong><em>κιρδανθίντων</em></strong></span> <span class='ocrx_word' id='word_1_106' title='bbox 1351 1187 1457 1259; x_wconf 87' lang='lat' dir='ltr'><strong>fuerit,</strong></span> <span class='ocrx_word' id='word_1_107' title='bbox 1486 1187 1540 1260; x_wconf 87' lang='lat' dir='ltr'><strong>iis,</strong></span> <span class='ocrx_word' id='word_1_108' title='bbox 1570 1201 1646 1258; x_wconf 81' lang='lat' dir='ltr'><strong>quae</strong></span> <span class='ocrx_word' id='word_1_109' title='bbox 1668 1202 1705 1243; x_wconf 84' lang='lat' dir='ltr'><strong><em>ex</em></strong></span> <span class='ocrx_word' id='word_1_110' title='bbox 1726 1201 1800 1243; x_wconf 88' lang='lat' dir='ltr'><strong>casu</strong></span> <span class='ocrx_word' id='word_1_111' title='bbox 1821 1186 1987 1244; x_wconf 83' lang='lat' dir='ltr'><strong>donationis</strong></span> <span class='ocrx_word' id='word_1_112' title='bbox 2008 1189 2166 1246; x_wconf 70' lang='lat' dir='ltr'><strong>lucrifacta</strong></span> <span class='ocrx_word' id='word_1_113' title='bbox 2187 1195 2255 1262; x_wconf 84' lang='lat' dir='ltr'><strong>sunt,</strong></span> 
     </span>
     <span class='ocr_line' id='line_1_9' title="bbox 400 1271 2255 1366; baseline -0.008 -22"><span class='ocrx_word' id='word_1_114' title='bbox 400 1283 468 1346; x_wconf 86' lang='grc' dir='ltr'><strong><em>κατ’</em></strong></span> <span class='ocrx_word' id='word_1_115' title='bbox 491 1283 631 1366; x_wconf 78' lang='grc' dir='ltr'><strong><em>ἐξαίρετον</em></strong></span> <span class='ocrx_word' id='word_1_116' title='bbox 640 1280 685 1356; x_wconf 79' lang='lat'><strong><em>²⁹)</em></strong></span> <span class='ocrx_word' id='word_1_117' title='bbox 707 1286 742 1358; x_wconf 81' lang='grc' dir='ltr'><strong><em>τῇ</em></strong></span> <span class='ocrx_word' id='word_1_118' title='bbox 766 1281 892 1358; x_wconf 71' lang='grc' dir='ltr'><strong><em>θυγατρὶ</em></strong></span> <span class='ocrx_word' id='word_1_119' title='bbox 906 1281 1097 1356; x_wconf 87' lang='grc' dir='ltr'><strong><em>διαφερονιων</em></strong></span> <span class='ocrx_word' id='word_1_120' title='bbox 1115 1278 1161 1336; x_wconf 80' lang='grc' dir='ltr'><strong><em>καὶ</em></strong></span> <span class='ocrx_word' id='word_1_121' title='bbox 1176 1273 1309 1351; x_wconf 76' lang='grc' dir='ltr'><strong><em>οὐδαμῶς</em></strong></span> <span class='ocrx_word' id='word_1_122' title='bbox 1351 1273 1502 1344; x_wconf 73' lang='lat' dir='ltr'><strong>praecipui</strong></span> <span class='ocrx_word' id='word_1_123' title='bbox 1525 1272 1641 1328; x_wconf 90' lang='lat' dir='ltr'><strong>nomine</strong></span> <span class='ocrx_word' id='word_1_124' title='bbox 1662 1271 1701 1326; x_wconf 89' lang='lat' dir='ltr'><strong><em>ad</em></strong></span> <span class='ocrx_word' id='word_1_125' title='bbox 1723 1271 1813 1328; x_wconf 84' lang='lat' dir='ltr'><strong>tiliam</strong></span> <span class='ocrx_word' id='word_1_126' title='bbox 1835 1274 2068 1345; x_wconf 88' lang='lat' dir='ltr'><strong>pertinentibus,</strong></span> <span class='ocrx_word' id='word_1_127' title='bbox 2089 1275 2133 1330; x_wconf 81' lang='lat' dir='ltr'><strong><em>ita</em></strong></span> <span class='ocrx_word' id='word_1_128' title='bbox 2153 1280 2187 1330; x_wconf 89' lang='lat' dir='ltr'><strong>ut</strong></span> <span class='ocrx_word' id='word_1_129' title='bbox 2206 1291 2255 1346; x_wconf 84' lang='lat' dir='ltr'><strong>ps·</strong></span> 
     </span>
     <span class='ocr_line' id='line_1_10' title="bbox 404 1354 2255 1447; baseline -0.009 -17"><span class='ocrx_word' id='word_1_130' title='bbox 404 1371 557 1447; x_wconf 81' lang='grc' dir='ltr'><strong><em>δυναμίνσυ</em></strong></span> <span class='ocrx_word' id='word_1_131' title='bbox 583 1372 634 1428; x_wconf 85' lang='grc' dir='ltr'><strong><em>τοῦ</em></strong></span> <span class='ocrx_word' id='word_1_132' title='bbox 662 1359 771 1443; x_wconf 87' lang='grc' dir='ltr'><strong><em>πατρός</em></strong></span> <span class='ocrx_word' id='word_1_133' title='bbox 791 1368 884 1422; x_wconf 86' lang='grc' dir='ltr'><strong><em>ταῦτα</em></strong></span> <span class='ocrx_word' id='word_1_134' title='bbox 905 1365 1096 1433; x_wconf 77' lang='grc' dir='ltr'><strong><em>οἰκειοῦσθαι,</em></strong></span> <span class='ocrx_word' id='word_1_135' title='bbox 1125 1357 1200 1420; x_wconf 81' lang='grc' dir='ltr'><strong><em>ἀλλὰ</em></strong></span> <span class='ocrx_word' id='word_1_136' title='bbox 1220 1354 1309 1438; x_wconf 87' lang='grc' dir='ltr'><strong><em>μόνην</em></strong></span> <span class='ocrx_word' id='word_1_137' title='bbox 1350 1361 1397 1412; x_wconf 85' lang='lat' dir='ltr'><strong><em>tor</em></strong></span> <span class='ocrx_word' id='word_1_138' title='bbox 1417 1358 1491 1412; x_wconf 89' lang='lat' dir='ltr'><strong>haec</strong></span> <span class='ocrx_word' id='word_1_139' title='bbox 1512 1356 1544 1411; x_wconf 92' lang='lat' dir='ltr'><strong>in</strong></span> <span class='ocrx_word' id='word_1_140' title='bbox 1566 1356 1724 1412; x_wconf 90' lang='lat' dir='ltr'><strong>dominium</strong></span> <span class='ocrx_word' id='word_1_141' title='bbox 1746 1373 1831 1412; x_wconf 88' lang='lat' dir='ltr'><strong>suum</strong></span> <span class='ocrx_word' id='word_1_142' title='bbox 1855 1357 1934 1414; x_wconf 87' lang='lat' dir='ltr'><strong>nullo</strong></span> <span class='ocrx_word' id='word_1_143' title='bbox 1956 1359 2040 1414; x_wconf 90' lang='lat' dir='ltr'><strong>modo</strong></span> <span class='ocrx_word' id='word_1_144' title='bbox 2062 1359 2158 1431; x_wconf 87' lang='lat' dir='ltr'><strong>possit</strong></span> <span class='ocrx_word' id='word_1_145' title='bbox 2179 1359 2255 1414; x_wconf 87' lang='lat' dir='ltr'><strong>redi-</strong></span> 
     </span>
     <span class='ocr_line' id='line_1_11' title="bbox 401 1437 2256 1532; baseline -0.007 -18"><span class='ocrx_word' id='word_1_146' title='bbox 401 1451 451 1532; x_wconf 79' lang='grc' dir='ltr'><strong><em>τύγν</em></strong></span> <span class='ocrx_word' id='word_1_147' title='bbox 474 1450 580 1514; x_wconf 88' lang='grc' dir='ltr'><strong><em>τούτων</em></strong></span> <span class='ocrx_word' id='word_1_148' title='bbox 601 1449 709 1531; x_wconf 81' lang='grc' dir='ltr'><strong><em>ἔχοντες</em></strong></span> <span class='ocrx_word' id='word_1_149' title='bbox 728 1451 839 1527; x_wconf 78' lang='grc' dir='ltr'><strong><em>χρῆσιν,</em></strong></span> <span class='ocrx_word' id='word_1_150' title='bbox 861 1445 903 1526; x_wconf 83' lang='grc' dir='ltr'><strong><em>ἐφ’</em></strong></span> <span class='ocrx_word' id='word_1_151' title='bbox 927 1439 997 1506; x_wconf 83' lang='grc' dir='ltr'><strong><em>ὅσον</em></strong></span> <span class='ocrx_word' id='word_1_152' title='bbox 1016 1449 1159 1523; x_wconf 83' lang='grc' dir='ltr'><strong><em>περίεστιν</em></strong></span> <span class='ocrx_word' id='word_1_153' title='bbox 1167 1443 1213 1518; x_wconf 81' lang='lat'><strong><em>³⁰)</em></strong></span> <span class='ocrx_word' id='word_1_154' title='bbox 1243 1437 1307 1521; x_wconf 84' lang='grc' dir='ltr'><strong><em>γρό-</em></strong></span> <span class='ocrx_word' id='word_1_155' title='bbox 1349 1455 1442 1515; x_wconf 81' lang='lat' dir='ltr'><strong>gere,</strong></span> <span class='ocrx_word' id='word_1_156' title='bbox 1475 1457 1578 1497; x_wconf 86' lang='lat' dir='ltr'><strong>verum</strong></span> <span class='ocrx_word' id='word_1_157' title='bbox 1607 1441 1702 1496; x_wconf 89' lang='lat' dir='ltr'><strong>solum</strong></span> <span class='ocrx_word' id='word_1_158' title='bbox 1729 1443 1944 1498; x_wconf 76' lang='lat' dir='ltr'><strong>usumfructum</strong></span> <span class='ocrx_word' id='word_1_159' title='bbox 1973 1458 2088 1512; x_wconf 88' lang='lat' dir='ltr'><strong>eorum,</strong></span> <span class='ocrx_word' id='word_1_160' title='bbox 2125 1444 2256 1514; x_wconf 86' lang='lat' dir='ltr'><strong>quamdin</strong></span> 
     </span>
     <span class='ocr_line' id='line_1_12' title="bbox 402 1525 2255 1615; baseline -0.006 -17"><span class='ocrx_word' id='word_1_161' title='bbox 402 1561 456 1599; x_wconf 90' lang='grc' dir='ltr'><strong><em>νον.</em></strong></span> <span class='ocrx_word' id='word_1_162' title='bbox 510 1535 527 1615; x_wconf 81' lang='grc' dir='ltr'><strong><em>ἡ</em></strong></span> <span class='ocrx_word' id='word_1_163' title='bbox 570 1533 737 1606; x_wconf 83' lang='grc' dir='ltr'><strong><em>αύτεξουσίιι</em></strong></span> <span class='ocrx_word' id='word_1_164' title='bbox 778 1533 825 1593; x_wconf 80' lang='grc' dir='ltr'><strong><em>καὶ</em></strong></span> <span class='ocrx_word' id='word_1_165' title='bbox 861 1533 952 1592; x_wconf 74' lang='grc' dir='ltr'><strong><em>τελεία</em></strong></span> <span class='ocrx_word' id='word_1_166' title='bbox 966 1529 1013 1607; x_wconf 77' lang='lat'><strong><em>⁸¹)</em></strong></span> <span class='ocrx_word' id='word_1_167' title='bbox 1042 1525 1123 1608; x_wconf 77' lang='grc' dir='ltr'><strong><em>γυνη,</em></strong></span> <span class='ocrx_word' id='word_1_168' title='bbox 1166 1531 1205 1598; x_wconf 87' lang='grc' dir='ltr'><strong><em>είς</em></strong></span> <span class='ocrx_word' id='word_1_169' title='bbox 1236 1525 1307 1586; x_wconf 81' lang='grc' dir='ltr'><strong><em>ἀπο·</em></strong></span> <span class='ocrx_word' id='word_1_170' title='bbox 1349 1526 1436 1594; x_wconf 82' lang='lat' dir='ltr'><strong>vivit,</strong></span> <span class='ocrx_word' id='word_1_171' title='bbox 1465 1526 1582 1582; x_wconf 84' lang='lat' dir='ltr'><strong>habeat.</strong></span> <span class='ocrx_word' id='word_1_172' title='bbox 1632 1525 1730 1596; x_wconf 84' lang='lat' dir='ltr'><strong>Uxor,</strong></span> <span class='ocrx_word' id='word_1_173' title='bbox 1766 1541 1841 1596; x_wconf 84' lang='lat' dir='ltr'><strong>quae</strong></span> <span class='ocrx_word' id='word_1_174' title='bbox 1868 1527 1917 1582; x_wconf 87' lang='lat' dir='ltr'><strong>sui</strong></span> <span class='ocrx_word' id='word_1_175' title='bbox 1946 1527 2022 1582; x_wconf 87' lang='lat' dir='ltr'><strong>iuris</strong></span> <span class='ocrx_word' id='word_1_176' title='bbox 2056 1533 2085 1584; x_wconf 86' lang='lat' dir='ltr'><strong><em>et</em></strong></span> <span class='ocrx_word' id='word_1_177' title='bbox 2112 1528 2255 1599; x_wconf 87' lang='lat' dir='ltr'><strong>perfectae</strong></span> 
     </span>
     <span class='ocr_line' id='line_1_13' title="bbox 401 1608 2255 1701; baseline -0.007 -20"><span class='ocrx_word' id='word_1_178' title='bbox 401 1625 464 1701; x_wconf 92' lang='grc' dir='ltr'><strong><em>ρίαν</em></strong></span> <span class='ocrx_word' id='word_1_179' title='bbox 488 1621 637 1699; x_wconf 72' lang='grc' dir='ltr'><strong><em>μέλλοντος</em></strong></span> <span class='ocrx_word' id='word_1_180' title='bbox 669 1611 790 1677; x_wconf 76' lang='grc' dir='ltr'><strong><em>ἐλαύνειν</em></strong></span> <span class='ocrx_word' id='word_1_181' title='bbox 824 1621 876 1676; x_wconf 79' lang='grc' dir='ltr'><strong><em>τοῦ</em></strong></span> <span class='ocrx_word' id='word_1_182' title='bbox 904 1608 1023 1694; x_wconf 86' lang='grc' dir='ltr'><strong><em>ἀνδρός,</em></strong></span> <span class='ocrx_word' id='word_1_183' title='bbox 1060 1609 1176 1673; x_wconf 87' lang='grc' dir='ltr'><strong><em>δύναται</em></strong></span> <span class='ocrx_word' id='word_1_184' title='bbox 1201 1613 1249 1671; x_wconf 74' lang='grc' dir='ltr'><strong><em>καλ</em></strong></span> <span class='ocrx_word' id='word_1_185' title='bbox 1278 1614 1307 1670; x_wconf 79' lang='grc' dir='ltr'><strong><em>ἐν</em></strong></span> <span class='ocrx_word' id='word_1_186' title='bbox 1350 1609 1458 1666; x_wconf 86' lang='lat' dir='ltr'><strong>aetatis</strong></span> <span class='ocrx_word' id='word_1_187' title='bbox 1482 1615 1544 1682; x_wconf 90' lang='lat' dir='ltr'><strong>est,</strong></span> <span class='ocrx_word' id='word_1_188' title='bbox 1574 1625 1641 1666; x_wconf 89' lang='lat' dir='ltr'><strong>oum</strong></span> <span class='ocrx_word' id='word_1_189' title='bbox 1669 1610 1705 1665; x_wconf 90' lang='lat' dir='ltr'><strong><em>ad</em></strong></span> <span class='ocrx_word' id='word_1_190' title='bbox 1729 1614 1893 1684; x_wconf 73' lang='lat' dir='ltr'>egestatem</span> <span class='ocrx_word' id='word_1_191' title='bbox 1915 1612 2038 1668; x_wconf 86' lang='lat' dir='ltr'><strong>maritus</strong></span> <span class='ocrx_word' id='word_1_192' title='bbox 2066 1617 2255 1684; x_wconf 84' lang='lat' dir='ltr'><strong>perventuras</strong></span> 
     </span>
     <span class='ocr_line' id='line_1_14' title="bbox 401 1692 2255 1782; baseline -0.008 -15"><span class='ocrx_word' id='word_1_193' title='bbox 401 1709 554 1769; x_wconf 70' lang='grc' dir='ltr'><strong><em>συνεστῶτι</em></strong></span> <span class='ocrx_word' id='word_1_194' title='bbox 584 1707 623 1778; x_wconf 79' lang='grc' dir='ltr'><strong><em>τῷ</em></strong></span> <span class='ocrx_word' id='word_1_195' title='bbox 651 1696 731 1782; x_wconf 83' lang='grc' dir='ltr'><strong><em>γάμῳ</em></strong></span> <span class='ocrx_word' id='word_1_196' title='bbox 760 1696 866 1779; x_wconf 78' lang='grc' dir='ltr'><strong><em>ἐκδικὴν</em></strong></span> <span class='ocrx_word' id='word_1_197' title='bbox 900 1701 939 1778; x_wconf 85' lang='grc' dir='ltr'><strong><em>(ν.</em></strong></span> <span class='ocrx_word' id='word_1_198' title='bbox 968 1695 1095 1773; x_wconf 81' lang='grc' dir='ltr'><strong><em>ἐκδαιεῖν)</em></strong></span> <span class='ocrx_word' id='word_1_199' title='bbox 1123 1692 1175 1776; x_wconf 82' lang='grc' dir='ltr'><strong><em>τὴν</em></strong></span> <span class='ocrx_word' id='word_1_200' title='bbox 1201 1707 1307 1775; x_wconf 84' lang='grc' dir='ltr'><strong><em>προῖκα</em></strong></span> <span class='ocrx_word' id='word_1_201' title='bbox 1350 1701 1412 1765; x_wconf 88' lang='lat' dir='ltr'><strong>est,</strong></span> <span class='ocrx_word' id='word_1_202' title='bbox 1448 1699 1479 1750; x_wconf 90' lang='lat' dir='ltr'><strong><em>et</em></strong></span> <span class='ocrx_word' id='word_1_203' title='bbox 1507 1699 1663 1750; x_wconf 75' lang='lat' dir='ltr'><strong>constante</strong></span> <span class='ocrx_word' id='word_1_204' title='bbox 1695 1695 1880 1751; x_wconf 88' lang='lat' dir='ltr'><strong>matrimonio</strong></span> <span class='ocrx_word' id='word_1_205' title='bbox 1908 1696 2003 1752; x_wconf 89' lang='lat' dir='ltr'><strong>dotem</strong></span> <span class='ocrx_word' id='word_1_206' title='bbox 2035 1701 2138 1768; x_wconf 86' lang='lat' dir='ltr'><strong>petere</strong></span> <span class='ocrx_word' id='word_1_207' title='bbox 2166 1702 2255 1767; x_wconf 82' lang='lat' dir='ltr'><strong>potest</strong></span> 
     </span>
     <span class='ocr_line' id='line_1_15' title="bbox 400 1775 2254 1867; baseline -0.008 -16"><span class='ocrx_word' id='word_1_208' title='bbox 400 1793 447 1851; x_wconf 80' lang='lat' dir='ltr'><strong><em>nal</em></strong></span> <span class='ocrx_word' id='word_1_209' title='bbox 475 1785 524 1867; x_wconf 73' lang='grc' dir='ltr'><strong><em>τόν</em></strong></span> <span class='ocrx_word' id='word_1_210' title='bbox 552 1783 600 1848; x_wconf 89' lang='grc' dir='ltr'><strong><em>διά</em></strong></span> <span class='ocrx_word' id='word_1_211' title='bbox 626 1781 692 1855; x_wconf 81' lang='grc' dir='ltr'><strong><em>τούς</em></strong></span> <span class='ocrx_word' id='word_1_212' title='bbox 718 1779 826 1866; x_wconf 92' lang='grc' dir='ltr'><strong><em>γάμους</em></strong></span> <span class='ocrx_word' id='word_1_213' title='bbox 853 1778 979 1863; x_wconf 88' lang='grc' dir='ltr'><strong><em>δωρεάν,</em></strong></span> <span class='ocrx_word' id='word_1_214' title='bbox 1014 1785 1061 1842; x_wconf 78' lang='grc' dir='ltr'><strong><em>καὶ</em></strong></span> <span class='ocrx_word' id='word_1_215' title='bbox 1088 1775 1306 1858; x_wconf 78' lang='grc' dir='ltr'><strong><em>τελευτησαντος</em></strong></span> <span class='ocrx_word' id='word_1_216' title='bbox 1349 1784 1379 1835; x_wconf 84' lang='grc' dir='ltr'><strong><em>εί</em></strong></span> <span class='ocrx_word' id='word_1_217' title='bbox 1400 1784 1469 1836; x_wconf 84' lang='lat' dir='ltr'><strong>ante</strong></span> <span class='ocrx_word' id='word_1_218' title='bbox 1500 1779 1618 1850; x_wconf 81' lang='lat' dir='ltr'><strong>nuptias</strong></span> <span class='ocrx_word' id='word_1_219' title='bbox 1639 1778 1840 1852; x_wconf 88' lang='lat' dir='ltr'><strong>donationem,</strong></span> <span class='ocrx_word' id='word_1_220' title='bbox 1870 1795 1905 1834; x_wconf 84' lang='grc' dir='ltr'><strong><em>οο</em></strong></span> <span class='ocrx_word' id='word_1_221' title='bbox 1926 1785 2039 1837; x_wconf 89' lang='lat' dir='ltr'><strong>mortuo</strong></span> <span class='ocrx_word' id='word_1_222' title='bbox 2067 1786 2151 1852; x_wconf 86' lang='lat' dir='ltr'><strong>patre</strong></span> <span class='ocrx_word' id='word_1_223' title='bbox 2172 1782 2254 1854; x_wconf 79' lang='lat' dir='ltr'><strong>cogi-</strong></span> 
     </span>
     <span class='ocr_line' id='line_1_16' title="bbox 400 1861 2255 1952; baseline -0.009 -16"><span class='ocrx_word' id='word_1_224' title='bbox 400 1867 582 1952; x_wconf 63' lang='lat' dir='ltr'><strong>soccoronio</strong></span> <span class='ocrx_word' id='word_1_225' title='bbox 613 1864 733 1948; x_wconf 88' lang='grc' dir='ltr'><strong><em>ἀνάγκην</em></strong></span> <span class='ocrx_word' id='word_1_226' title='bbox 754 1867 808 1948; x_wconf 75' lang='grc' dir='ltr'><strong><em>ἀγει</em></strong></span> <span class='ocrx_word' id='word_1_227' title='bbox 829 1879 1040 1947; x_wconf 74' lang='grc' dir='ltr'><strong><em>συνεισενεγκεῖν</em></strong></span> <span class='ocrx_word' id='word_1_228' title='bbox 1061 1861 1112 1946; x_wconf 79' lang='grc' dir='ltr'><strong><em>τὴν</em></strong></span> <span class='ocrx_word' id='word_1_229' title='bbox 1131 1863 1136 1946; x_wconf 84' lang='grc' dir='ltr'>Ι</span> <span class='ocrx_word' id='word_1_230' title='bbox 1156 1865 1201 1940; x_wconf 77' lang='lat'><strong><em>³²)</em></strong></span> <span class='ocrx_word' id='word_1_231' title='bbox 1227 1875 1305 1943; x_wconf 79' lang='grc' dir='ltr'><strong><em>προῖ·</em></strong></span> <span class='ocrx_word' id='word_1_232' title='bbox 1348 1864 1513 1920; x_wconf 75' lang='lat' dir='ltr'><strong>tutantem</strong></span> <span class='ocrx_word' id='word_1_233' title='bbox 1537 1865 1681 1935; x_wconf 84' lang='lat' dir='ltr'><strong>conferre,</strong></span> <span class='ocrx_word' id='word_1_234' title='bbox 1704 1869 1733 1919; x_wconf 90' lang='lat' dir='ltr'><strong><em>et</em></strong></span> <span class='ocrx_word' id='word_1_235' title='bbox 1751 1863 1796 1920; x_wconf 87' lang='lat' dir='ltr'><strong><em>sle</em></strong></span> <span class='ocrx_word' id='word_1_236' title='bbox 1814 1864 1917 1935; x_wconf 90' lang='lat' dir='ltr'><strong>partiri</strong></span> <span class='ocrx_word' id='word_1_237' title='bbox 1939 1881 2004 1920; x_wconf 90' lang='lat' dir='ltr'><strong><em>cum</em></strong></span> <span class='ocrx_word' id='word_1_238' title='bbox 2026 1866 2178 1940; x_wconf 88' lang='lat' dir='ltr'><strong>fratribus,</strong></span> <span class='ocrx_word' id='word_1_239' title='bbox 2201 1871 2255 1938; x_wconf 88' lang='lat' dir='ltr'><strong>aut,</strong></span> 
     </span>
     <span class='ocr_line' id='line_1_17' title="bbox 400 1944 2254 2034; baseline -0.009 -14"><span class='ocrx_word' id='word_1_240' title='bbox 400 1983 438 2020; x_wconf 91' lang='grc' dir='ltr'><strong><em>κα</em></strong></span> <span class='ocrx_word' id='word_1_241' title='bbox 464 1960 511 2018; x_wconf 84' lang='grc' dir='ltr'><strong><em>καὶ</em></strong></span> <span class='ocrx_word' id='word_1_242' title='bbox 537 1950 627 2028; x_wconf 88' lang='grc' dir='ltr'><strong><em>σύτως</em></strong></span> <span class='ocrx_word' id='word_1_243' title='bbox 653 1957 891 2034; x_wconf 68' lang='grc' dir='ltr'><strong><em>συμμερίσασθαι</em></strong></span> <span class='ocrx_word' id='word_1_244' title='bbox 917 1965 977 2023; x_wconf 84' lang='grc' dir='ltr'><strong><em>τοῖς</em></strong></span> <span class='ocrx_word' id='word_1_245' title='bbox 1005 1949 1152 2027; x_wconf 85' lang='grc' dir='ltr'><strong><em>ἀδελφοῖς,</em></strong></span> <span class='ocrx_word' id='word_1_246' title='bbox 1185 1944 1306 2028; x_wconf 79' lang='grc' dir='ltr'><strong><em>ἢπαρόι</em></strong></span> <span class='ocrx_word' id='word_1_247' title='bbox 1349 1948 1476 2005; x_wconf 88' lang='lat' dir='ltr'><strong>deducta</strong></span> <span class='ocrx_word' id='word_1_248' title='bbox 1498 1949 1586 2004; x_wconf 85' lang='lat' dir='ltr'><strong>huius</strong></span> <span class='ocrx_word' id='word_1_249' title='bbox 1608 1949 1787 2022; x_wconf 82' lang='lat' dir='ltr'><strong>quantitate,</strong></span> <span class='ocrx_word' id='word_1_250' title='bbox 1819 1952 1967 2019; x_wconf 87' lang='lat' dir='ltr'><strong>paternam</strong></span> <span class='ocrx_word' id='word_1_251' title='bbox 1990 1950 2184 2006; x_wconf 86' lang='lat' dir='ltr'><strong>substantiam</strong></span> <span class='ocrx_word' id='word_1_252' title='bbox 2206 1965 2254 2004; x_wconf 90' lang='lat' dir='ltr'><strong><em>ca-</em></strong></span> 
     </span>
     <span class='ocr_line' id='line_1_18' title="bbox 401 2031 2254 2122; baseline -0.007 -19"><span class='ocrx_word' id='word_1_253' title='bbox 401 2039 450 2122; x_wconf 81' lang='grc' dir='ltr'><strong><em>τῆν</em></strong></span> <span class='ocrx_word' id='word_1_254' title='bbox 477 2037 580 2119; x_wconf 85' lang='grc' dir='ltr'><strong><em>ταύτης</em></strong></span> <span class='ocrx_word' id='word_1_255' title='bbox 607 2033 755 2118; x_wconf 75' lang='grc' dir='ltr'><strong><em>ποσότητα</em></strong></span> <span class='ocrx_word' id='word_1_256' title='bbox 791 2040 886 2118; x_wconf 79' lang='grc' dir='ltr'><strong><em>λαβεῖν</em></strong></span> <span class='ocrx_word' id='word_1_257' title='bbox 910 2033 953 2096; x_wconf 83' lang='grc' dir='ltr'><strong><em>’τό</em></strong></span> <span class='ocrx_word' id='word_1_258' title='bbox 988 2040 1131 2114; x_wconf 79' lang='grc' dir='ltr'><strong><em>πατρῷον.</em></strong></span> <span class='ocrx_word' id='word_1_259' title='bbox 1172 2031 1189 2112; x_wconf 82' lang='grc' dir='ltr'><strong><em>ἡ</em></strong></span> <span class='ocrx_word' id='word_1_260' title='bbox 1220 2031 1306 2108; x_wconf 65' lang='grc' dir='ltr'><strong><em>δὲῧθ)</em></strong></span> <span class='ocrx_word' id='word_1_261' title='bbox 1347 2047 1428 2104; x_wconf 86' lang='lat' dir='ltr'><strong>pere.</strong></span> <span class='ocrx_word' id='word_1_262' title='bbox 1470 2035 1517 2090; x_wconf 84' lang='lat' dir='ltr'><strong><em>Ea</em></strong></span> <span class='ocrx_word' id='word_1_263' title='bbox 1538 2048 1622 2104; x_wconf 83' lang='lat' dir='ltr'><strong>vero,</strong></span> <span class='ocrx_word' id='word_1_264' title='bbox 1645 2047 1723 2104; x_wconf 87' lang='lat' dir='ltr'><strong>qnae</strong></span> <span class='ocrx_word' id='word_1_265' title='bbox 1744 2033 1775 2088; x_wconf 91' lang='lat' dir='ltr'><strong>in</strong></span> <span class='ocrx_word' id='word_1_266' title='bbox 1797 2032 1961 2108; x_wconf 82' lang='lat' dir='ltr'><strong>(parentis)</strong></span> <span class='ocrx_word' id='word_1_267' title='bbox 1983 2038 2128 2104; x_wconf 75' lang='lat' dir='ltr'><strong><em>potestate</em></strong></span> <span class='ocrx_word' id='word_1_268' title='bbox 2144 2037 2206 2107; x_wconf 86' lang='lat' dir='ltr'><strong>est,</strong></span> <span class='ocrx_word' id='word_1_269' title='bbox 2231 2035 2254 2090; x_wconf 91' lang='lat' dir='ltr'><strong>sl</strong></span> 
     </span>
     <span class='ocr_line' id='line_1_19' title="bbox 400 2114 2264 2202; baseline -0.006 -15"><span class='ocrx_word' id='word_1_270' title='bbox 400 2125 555 2197; x_wconf 77' lang='grc' dir='ltr'><strong><em>ύπεξουσίοι</em></strong></span> <span class='ocrx_word' id='word_1_271' title='bbox 574 2117 714 2199; x_wconf 53' lang='lat' dir='ltr'><strong>olnae),</strong></span> <span class='ocrx_word' id='word_1_272' title='bbox 737 2127 764 2183; x_wconf 85' lang='grc' dir='ltr'><strong><em>εἰ</em></strong></span> <span class='ocrx_word' id='word_1_273' title='bbox 782 2115 997 2202; x_wconf 71' lang='grc' dir='ltr'><strong><em>διεμαρτύρατο</em></strong></span> <span class='ocrx_word' id='word_1_274' title='bbox 1019 2120 1062 2193; x_wconf 88' lang='lat' dir='ltr'><strong><em>(v.</em></strong></span> <span class='ocrx_word' id='word_1_275' title='bbox 1083 2114 1305 2197; x_wconf 78' lang='grc' dir='ltr'><strong><em>διεμαρτύρατο)</em></strong></span> <span class='ocrx_word' id='word_1_276' title='bbox 1347 2123 1460 2189; x_wconf 87' lang='lat' dir='ltr'><strong>patrem</strong></span> <span class='ocrx_word' id='word_1_277' title='bbox 1489 2120 1739 2190; x_wconf 63' lang='lat' dir='ltr'><strong>contestatam,</strong></span> <span class='ocrx_word' id='word_1_278' title='bbox 1767 2123 1800 2173; x_wconf 89' lang='lat' dir='ltr'><strong>ut</strong></span> <span class='ocrx_word' id='word_1_279' title='bbox 1828 2117 2080 2190; x_wconf 86' lang='lat' dir='ltr'><strong>dotempetcret,</strong></span> <span class='ocrx_word' id='word_1_280' title='bbox 2113 2119 2140 2174; x_wconf 90' lang='lat' dir='ltr'><strong>is</strong></span> <span class='ocrx_word' id='word_1_281' title='bbox 2162 2123 2264 2176; x_wconf 40' lang='lat' dir='ltr'><strong>autem,</strong></span> 
     </span>
     <span class='ocr_line' id='line_1_20' title="bbox 399 2199 2254 2291; baseline -0.008 -19"><span class='ocrx_word' id='word_1_282' title='bbox 399 2208 450 2272; x_wconf 90' lang='grc' dir='ltr'><strong><em>τόν</em></strong></span> <span class='ocrx_word' id='word_1_283' title='bbox 470 2211 581 2291; x_wconf 82' lang='grc' dir='ltr'><strong><em>πατίρα</em></strong></span> <span class='ocrx_word' id='word_1_284' title='bbox 598 2211 739 2287; x_wconf 80' lang='grc' dir='ltr'><strong><em>ἐκδικῆσαι</em></strong></span> <span class='ocrx_word' id='word_1_285' title='bbox 759 2201 811 2285; x_wconf 76' lang='grc' dir='ltr'><strong><em>τὴν</em></strong></span> <span class='ocrx_word' id='word_1_286' title='bbox 832 2219 952 2286; x_wconf 86' lang='grc' dir='ltr'><strong><em>προῖκα,</em></strong></span> <span class='ocrx_word' id='word_1_287' title='bbox 974 2201 989 2265; x_wconf 89' lang='grc' dir='ltr'>ὁ</span> <span class='ocrx_word' id='word_1_288' title='bbox 1012 2203 1042 2263; x_wconf 74' lang='grc' dir='ltr'><strong><em>δὲ</em></strong></span> <span class='ocrx_word' id='word_1_289' title='bbox 1062 2201 1236 2282; x_wconf 81' lang='grc' dir='ltr'><strong><em>ῥρθυμὴσας</em></strong></span> <span class='ocrx_word' id='word_1_290' title='bbox 1256 2199 1307 2262; x_wconf 87' lang='grc' dir='ltr'><strong><em>υόκ</em></strong></span> <span class='ocrx_word' id='word_1_291' title='bbox 1348 2207 1469 2274; x_wconf 90' lang='lat' dir='ltr'><strong>propter</strong></span> <span class='ocrx_word' id='word_1_292' title='bbox 1498 2201 1710 2275; x_wconf 79' lang='lat' dir='ltr'><strong>negligentiam</strong></span> <span class='ocrx_word' id='word_1_293' title='bbox 1738 2217 1795 2257; x_wconf 91' lang='lat' dir='ltr'><strong><em>non</em></strong></span> <span class='ocrx_word' id='word_1_294' title='bbox 1821 2203 1926 2274; x_wconf 87' lang='lat' dir='ltr'><strong>petiit,</strong></span> <span class='ocrx_word' id='word_1_295' title='bbox 1962 2218 2017 2259; x_wconf 91' lang='lat' dir='ltr'><strong><em>nec</em></strong></span> <span class='ocrx_word' id='word_1_296' title='bbox 2044 2219 2114 2259; x_wconf 90' lang='lat' dir='ltr'><strong>vero</strong></span> <span class='ocrx_word' id='word_1_297' title='bbox 2143 2204 2254 2259; x_wconf 89' lang='lat' dir='ltr'><strong>veniam</strong></span> 
     </span>
     <span class='ocr_line' id='line_1_21' title="bbox 334 2280 2253 2376; baseline -0.006 -20"><span class='ocrx_word' id='word_1_298' title='bbox 334 2362 339 2376; x_wconf 45' lang='grc' dir='ltr'>Ι</span> <span class='ocrx_word' id='word_1_299' title='bbox 399 2295 564 2374; x_wconf 68' lang='grc' dir='ltr'><strong><em>ἐξεδίκησεν,</em></strong></span> <span class='ocrx_word' id='word_1_300' title='bbox 593 2285 656 2353; x_wconf 86' lang='grc' dir='ltr'><strong><em>οότε</em></strong></span> <span class='ocrx_word' id='word_1_301' title='bbox 685 2291 715 2352; x_wconf 77' lang='grc' dir='ltr'><strong><em>δὲ</em></strong></span> <span class='ocrx_word' id='word_1_302' title='bbox 734 2295 875 2371; x_wconf 81' lang='grc' dir='ltr'><strong><em>πασίσγεν</em></strong></span> <span class='ocrx_word' id='word_1_303' title='bbox 903 2287 975 2367; x_wconf 75' lang='grc' dir='ltr'><strong><em>αύτγ)</em></strong></span> <span class='ocrx_word' id='word_1_304' title='bbox 1003 2280 1156 2363; x_wconf 54' lang='lat' dir='ltr'><strong>doctam)</strong></span> <span class='ocrx_word' id='word_1_305' title='bbox 1187 2292 1238 2347; x_wconf 85' lang='grc' dir='ltr'><strong><em>τοῦ</em></strong></span> <span class='ocrx_word' id='word_1_306' title='bbox 1266 2290 1306 2345; x_wconf 74' lang='grc' dir='ltr'><strong><em>ἐκ·</em></strong></span> <span class='ocrx_word' id='word_1_307' title='bbox 1348 2285 1468 2357; x_wconf 89' lang='lat' dir='ltr'><strong>petendi</strong></span> <span class='ocrx_word' id='word_1_308' title='bbox 1490 2285 1586 2342; x_wconf 88' lang='lat' dir='ltr'><strong>dotem</strong></span> <span class='ocrx_word' id='word_1_309' title='bbox 1607 2287 1665 2358; x_wconf 90' lang='lat' dir='ltr'><strong>ipsi</strong></span> <span class='ocrx_word' id='word_1_310' title='bbox 1687 2285 1776 2356; x_wconf 81' lang='lat' dir='ltr'><strong>dedit,</strong></span> <span class='ocrx_word' id='word_1_311' title='bbox 1807 2292 1877 2342; x_wconf 91' lang='lat' dir='ltr'><strong>tunc</strong></span> <span class='ocrx_word' id='word_1_312' title='bbox 1899 2287 1991 2358; x_wconf 83' lang='lat' dir='ltr'><strong>ipsam</strong></span> <span class='ocrx_word' id='word_1_313' title='bbox 2015 2287 2092 2344; x_wconf 88' lang='lat' dir='ltr'><strong>dotis</strong></span> <span class='ocrx_word' id='word_1_314' title='bbox 2113 2289 2253 2344; x_wconf 86' lang='lat' dir='ltr'><strong>actionem</strong></span> 
     </span>
     <span class='ocr_line' id='line_1_22' title="bbox 399 2349 2254 2459; baseline -0.003 -27"><span class='ocrx_word' id='word_1_315' title='bbox 399 2383 510 2459; x_wconf 64' lang='grc' dir='ltr'><strong><em>ὅμηροι</em></strong></span> <span class='ocrx_word' id='word_1_316' title='bbox 537 2373 587 2457; x_wconf 68' lang='grc' dir='ltr'><strong><em>τὴν</em></strong></span> <span class='ocrx_word' id='word_1_317' title='bbox 608 2389 728 2457; x_wconf 74' lang='grc' dir='ltr'><strong><em>προῖκα,</em></strong></span> <span class='ocrx_word' id='word_1_318' title='bbox 757 2349 823 2437; x_wconf 68' lang='grc' dir='ltr'><strong><em>ιάιε</em></strong></span> <span class='ocrx_word' id='word_1_319' title='bbox 849 2369 937 2454; x_wconf 78' lang='grc' dir='ltr'><strong><em>μόνην</em></strong></span> <span class='ocrx_word' id='word_1_320' title='bbox 958 2369 1047 2451; x_wconf 71' lang='grc' dir='ltr'><strong><em>αὐτὴν</em></strong></span> <span class='ocrx_word' id='word_1_321' title='bbox 1068 2367 1119 2450; x_wconf 78' lang='grc' dir='ltr'><strong><em>τὴν</em></strong></span> <span class='ocrx_word' id='word_1_322' title='bbox 1139 2367 1306 2451; x_wconf 66' lang='grc' dir='ltr'><strong><em>ἀγοιγὴνδθ)</em></strong></span> <span class='ocrx_word' id='word_1_323' title='bbox 1349 2371 1442 2426; x_wconf 90' lang='lat' dir='ltr'><strong>solam</strong></span> <span class='ocrx_word' id='word_1_324' title='bbox 1464 2371 1606 2427; x_wconf 83' lang='lat' dir='ltr'><strong>fratribus</strong></span> <span class='ocrx_word' id='word_1_325' title='bbox 1628 2373 1784 2427; x_wconf 86' lang='lat' dir='ltr'><strong>conferens</strong></span> <span class='ocrx_word' id='word_1_326' title='bbox 1812 2371 1889 2443; x_wconf 89' lang='lat' dir='ltr'><strong>patri</strong></span> <span class='ocrx_word' id='word_1_327' title='bbox 1921 2372 2026 2428; x_wconf 87' lang='lat' dir='ltr'><strong>haeres</strong></span> <span class='ocrx_word' id='word_1_328' title='bbox 2055 2374 2102 2442; x_wconf 92' lang='lat' dir='ltr'><strong>tlt,</strong></span> <span class='ocrx_word' id='word_1_329' title='bbox 2132 2371 2254 2428; x_wconf 86' lang='lat' dir='ltr'><strong>actionis</strong></span> 
     </span>
     <span class='ocr_line' id='line_1_23' title="bbox 399 2455 2254 2542; baseline -0.007 -18"><span class='ocrx_word' id='word_1_330' title='bbox 399 2469 449 2542; x_wconf 76' lang='grc' dir='ltr'><strong><em>τῆς</em></strong></span> <span class='ocrx_word' id='word_1_331' title='bbox 476 2457 593 2542; x_wconf 88' lang='grc' dir='ltr'><strong><em>προικός</em></strong></span> <span class='ocrx_word' id='word_1_332' title='bbox 621 2464 844 2540; x_wconf 82' lang='grc' dir='ltr'><strong><em>σννεισφίρσυσα</em></strong></span> <span class='ocrx_word' id='word_1_333' title='bbox 874 2471 932 2529; x_wconf 83' lang='grc' dir='ltr'><strong><em>τοῖς</em></strong></span> <span class='ocrx_word' id='word_1_334' title='bbox 961 2456 1109 2535; x_wconf 80' lang='grc' dir='ltr'><strong><em>ἀδελφοῖς,</em></strong></span> <span class='ocrx_word' id='word_1_335' title='bbox 1143 2458 1313 2534; x_wconf 82' lang='grc' dir='ltr'><strong><em>κληρονομεῖ</em></strong></span> <span class='ocrx_word' id='word_1_336' title='bbox 1351 2455 1433 2510; x_wconf 79' lang='lat' dir='ltr'><strong>exitu</strong></span> <span class='ocrx_word' id='word_1_337' title='bbox 1455 2455 1492 2509; x_wconf 87' lang='lat' dir='ltr'><strong><em>ad</em></strong></span> <span class='ocrx_word' id='word_1_338' title='bbox 1515 2470 1617 2510; x_wconf 88' lang='lat' dir='ltr'><strong>omnes</strong></span> <span class='ocrx_word' id='word_1_339' title='bbox 1639 2456 1831 2512; x_wconf 83' lang='lat' dir='ltr'><strong>communiter</strong></span> <span class='ocrx_word' id='word_1_340' title='bbox 1851 2460 2012 2527; x_wconf 82' lang='lat' dir='ltr'><strong>spectante.</strong></span> <span class='ocrx_word' id='word_1_341' title='bbox 2040 2458 2074 2514; x_wconf 84' lang='lat' dir='ltr'><strong><em>Si</em></strong></span> <span class='ocrx_word' id='word_1_342' title='bbox 2096 2471 2166 2513; x_wconf 88' lang='lat' dir='ltr'><strong>vero</strong></span> <span class='ocrx_word' id='word_1_343' title='bbox 2181 2457 2254 2512; x_wconf 86' lang='lat' dir='ltr'><strong>allus</strong></span> 
     </span>
     <span class='ocr_line' id='line_1_24' title="bbox 399 2534 2253 2627; baseline -0.006 -18"><span class='ocrx_word' id='word_1_344' title='bbox 399 2545 450 2609; x_wconf 89' lang='grc' dir='ltr'><strong><em>τόν</em></strong></span> <span class='ocrx_word' id='word_1_345' title='bbox 469 2551 589 2627; x_wconf 77' lang='grc' dir='ltr'><strong><em>πατέρα,</em></strong></span> <span class='ocrx_word' id='word_1_346' title='bbox 616 2551 667 2606; x_wconf 83' lang='grc' dir='ltr'><strong><em>τοῦ</em></strong></span> <span class='ocrx_word' id='word_1_347' title='bbox 687 2543 917 2622; x_wconf 75' lang='grc' dir='ltr'><strong><em>ἀποτελέσματος</em></strong></span> <span class='ocrx_word' id='word_1_348' title='bbox 937 2545 989 2620; x_wconf 80' lang='grc' dir='ltr'><strong><em>τῆς</em></strong></span> <span class='ocrx_word' id='word_1_349' title='bbox 1009 2539 1120 2620; x_wconf 80' lang='grc' dir='ltr'><strong><em>ἀγωγῆς</em></strong></span> <span class='ocrx_word' id='word_1_350' title='bbox 1129 2538 1175 2615; x_wconf 73' lang='grc' dir='ltr'><strong><em>8Ἰ)</em></strong></span> <span class='ocrx_word' id='word_1_351' title='bbox 1197 2534 1307 2611; x_wconf 90' lang='grc' dir='ltr'><strong><em>πάντας</em></strong></span> <span class='ocrx_word' id='word_1_352' title='bbox 1349 2540 1426 2610; x_wconf 80' lang='lat' dir='ltr'><strong>quis,</strong></span> <span class='ocrx_word' id='word_1_353' title='bbox 1449 2555 1506 2596; x_wconf 89' lang='lat' dir='ltr'><strong><em>non</em></strong></span> <span class='ocrx_word' id='word_1_354' title='bbox 1528 2543 1625 2596; x_wconf 65' lang='lat' dir='ltr'><strong>umen</strong></span> <span class='ocrx_word' id='word_1_355' title='bbox 1647 2544 1746 2614; x_wconf 90' lang='lat' dir='ltr'><strong>pater,</strong></span> <span class='ocrx_word' id='word_1_356' title='bbox 1776 2555 1877 2596; x_wconf 89' lang='lat' dir='ltr'><strong>verum</strong></span> <span class='ocrx_word' id='word_1_357' title='bbox 1899 2541 2026 2596; x_wconf 85' lang='lat' dir='ltr'><strong>fortasse</strong></span> <span class='ocrx_word' id='word_1_358' title='bbox 2047 2545 2141 2597; x_wconf 88' lang='lat' dir='ltr'><strong>mater</strong></span> <span class='ocrx_word' id='word_1_359' title='bbox 2162 2539 2253 2598; x_wconf 89' lang='lat' dir='ltr'><strong>dotem</strong></span> 
     </span>
     <span class='ocr_line' id='line_1_25' title="bbox 398 2618 2254 2709; baseline -0.008 -15"><span class='ocrx_word' id='word_1_360' title='bbox 398 2637 496 2704; x_wconf 80' lang='grc' dir='ltr'><strong><em>κοινῶς</em></strong></span> <span class='ocrx_word' id='word_1_361' title='bbox 524 2629 656 2709; x_wconf 79' lang='grc' dir='ltr'><strong><em>ὁρῶντος.</em></strong></span> <span class='ocrx_word' id='word_1_362' title='bbox 700 2632 726 2690; x_wconf 84' lang='grc' dir='ltr'><strong><em>εί</em></strong></span> <span class='ocrx_word' id='word_1_363' title='bbox 750 2628 779 2689; x_wconf 82' lang='lat' dir='ltr'><strong>ol</strong></span> <span class='ocrx_word' id='word_1_364' title='bbox 806 2625 900 2706; x_wconf 79' lang='grc' dir='ltr'><strong><em>ἔτερος</em></strong></span> <span class='ocrx_word' id='word_1_365' title='bbox 933 2628 976 2698; x_wconf 74' lang='grc' dir='ltr'><strong><em>τὶς</em></strong></span> <span class='ocrx_word' id='word_1_366' title='bbox 1003 2625 1049 2688; x_wconf 82' lang='grc' dir='ltr'><strong><em>καλ</em></strong></span> <span class='ocrx_word' id='word_1_367' title='bbox 1076 2622 1127 2704; x_wconf 81' lang='grc' dir='ltr'><strong><em>οὐχ</em></strong></span> <span class='ocrx_word' id='word_1_368' title='bbox 1155 2621 1171 2684; x_wconf 91' lang='grc' dir='ltr'><strong><em>ό</em></strong></span> <span class='ocrx_word' id='word_1_369' title='bbox 1201 2618 1306 2702; x_wconf 76' lang='grc' dir='ltr'><strong><em>πατήρ,</em></strong></span> <span class='ocrx_word' id='word_1_370' title='bbox 1349 2623 1438 2695; x_wconf 87' lang='lat' dir='ltr'><strong>dedit,</strong></span> <span class='ocrx_word' id='word_1_371' title='bbox 1461 2639 1496 2679; x_wconf 88' lang='lat' dir='ltr'><strong><em>ac</em></strong></span> <span class='ocrx_word' id='word_1_372' title='bbox 1518 2623 1636 2680; x_wconf 91' lang='lat' dir='ltr'><strong>collatio</strong></span> <span class='ocrx_word' id='word_1_373' title='bbox 1666 2625 1746 2680; x_wconf 87' lang='lat' dir='ltr'><strong>circa</strong></span> <span class='ocrx_word' id='word_1_374' title='bbox 1766 2623 1846 2682; x_wconf 87' lang='lat' dir='ltr'><strong>illam</strong></span> <span class='ocrx_word' id='word_1_375' title='bbox 1868 2641 1950 2696; x_wconf 88' lang='lat' dir='ltr'><strong>spem</strong></span> <span class='ocrx_word' id='word_1_376' title='bbox 1973 2626 2112 2700; x_wconf 86' lang='lat' dir='ltr'><strong>vertitur,</strong></span> <span class='ocrx_word' id='word_1_377' title='bbox 2140 2641 2179 2684; x_wconf 86' lang='lat' dir='ltr'><strong><em>ex</em></strong></span> <span class='ocrx_word' id='word_1_378' title='bbox 2202 2643 2254 2698; x_wconf 88' lang='lat' dir='ltr'><strong><em>pa-</em></strong></span> 
     </span>
     <span class='ocr_line' id='line_1_26' title="bbox 400 2705 2254 2796; baseline -0.007 -18"><span class='ocrx_word' id='word_1_379' title='bbox 400 2713 476 2778; x_wconf 78' lang='grc' dir='ltr'><strong><em>ἀλλόι</em></strong></span> <span class='ocrx_word' id='word_1_380' title='bbox 496 2711 581 2796; x_wconf 84' lang='grc' dir='ltr'><strong><em>τυχόν</em></strong></span> <span class='ocrx_word' id='word_1_381' title='bbox 597 2713 671 2794; x_wconf 63' lang='grc' dir='ltr'><strong><em>ἡῧθ)</em></strong></span> <span class='ocrx_word' id='word_1_382' title='bbox 683 2708 775 2794; x_wconf 83' lang='grc' dir='ltr'><strong><em>μὴτηρ</em></strong></span> <span class='ocrx_word' id='word_1_383' title='bbox 792 2716 926 2774; x_wconf 77' lang='grc' dir='ltr'><strong><em>ἐπέδωκεν</em></strong></span> <span class='ocrx_word' id='word_1_384' title='bbox 947 2706 998 2790; x_wconf 79' lang='grc' dir='ltr'><strong><em>τὴν</em></strong></span> <span class='ocrx_word' id='word_1_385' title='bbox 1019 2720 1133 2789; x_wconf 90' lang='grc' dir='ltr'><strong><em>προῖκα,</em></strong></span> <span class='ocrx_word' id='word_1_386' title='bbox 1146 2705 1225 2786; x_wconf 77' lang='grc' dir='ltr'><strong><em>καλε)</em></strong></span> <span class='ocrx_word' id='word_1_387' title='bbox 1243 2730 1305 2768; x_wconf 91' lang='grc' dir='ltr'><strong><em>συν-</em></strong></span> <span class='ocrx_word' id='word_1_388' title='bbox 1349 2709 1402 2764; x_wconf 86' lang='lat' dir='ltr'><strong>tris</strong></span> <span class='ocrx_word' id='word_1_389' title='bbox 1423 2714 1520 2764; x_wconf 89' lang='lat' dir='ltr'><strong>autem</strong></span> <span class='ocrx_word' id='word_1_390' title='bbox 1543 2709 1728 2766; x_wconf 86' lang='lat' dir='ltr'><strong>coutumacia</strong></span> <span class='ocrx_word' id='word_1_391' title='bbox 1748 2725 1807 2765; x_wconf 90' lang='lat' dir='ltr'><strong><em>non</em></strong></span> <span class='ocrx_word' id='word_1_392' title='bbox 1827 2709 1946 2782; x_wconf 83' lang='lat' dir='ltr'><strong>agentis</strong></span> <span class='ocrx_word' id='word_1_393' title='bbox 1972 2709 2050 2765; x_wconf 88' lang='lat' dir='ltr'><strong>dotis</strong></span> <span class='ocrx_word' id='word_1_394' title='bbox 2071 2725 2180 2766; x_wconf 85' lang='lat' dir='ltr'><strong>caussa</strong></span> <span class='ocrx_word' id='word_1_395' title='bbox 2201 2727 2254 2782; x_wconf 90' lang='lat' dir='ltr'><strong><em>pe-</em></strong></span> 
     </span>
     <span class='ocr_line' id='line_1_27' title="bbox 400 2788 2254 2880; baseline -0.006 -19"><span class='ocrx_word' id='word_1_396' title='bbox 400 2797 522 2880; x_wconf 87' lang='grc' dir='ltr'><strong><em>εισφσρά</em></strong></span> <span class='ocrx_word' id='word_1_397' title='bbox 541 2803 604 2880; x_wconf 76' lang='grc' dir='ltr'><strong><em>περ)</em></strong></span> <span class='ocrx_word' id='word_1_398' title='bbox 625 2801 714 2877; x_wconf 83' lang='grc' dir='ltr'><strong><em>ἐκίνην</em></strong></span> <span class='ocrx_word' id='word_1_399' title='bbox 736 2799 778 2878; x_wconf 85' lang='lat' dir='ltr'><strong><em>(v.</em></strong></span> <span class='ocrx_word' id='word_1_400' title='bbox 800 2798 914 2876; x_wconf 83' lang='grc' dir='ltr'><strong><em>ἐκείνην)</em></strong></span> <span class='ocrx_word' id='word_1_401' title='bbox 938 2797 1089 2875; x_wconf 75' lang='grc' dir='ltr'><strong><em>στρέφεται</em></strong></span> <span class='ocrx_word' id='word_1_402' title='bbox 1117 2788 1168 2871; x_wconf 79' lang='grc' dir='ltr'><strong><em>την</em></strong></span> <span class='ocrx_word' id='word_1_403' title='bbox 1195 2794 1304 2866; x_wconf 83' lang='grc' dir='ltr'><strong><em>ελπίδα,</em></strong></span> <span class='ocrx_word' id='word_1_404' title='bbox 1346 2793 1501 2866; x_wconf 85' lang='lat' dir='ltr'><strong>riciitatur,</strong></span> <span class='ocrx_word' id='word_1_405' title='bbox 1522 2793 1584 2849; x_wconf 87' lang='lat' dir='ltr'><strong>tilia</strong></span> <span class='ocrx_word' id='word_1_406' title='bbox 1604 2793 1636 2848; x_wconf 93' lang='lat' dir='ltr'><strong>in</strong></span> <span class='ocrx_word' id='word_1_407' title='bbox 1657 2794 1714 2850; x_wconf 88' lang='lat' dir='ltr'><strong><em>hoo</em></strong></span> <span class='ocrx_word' id='word_1_408' title='bbox 1736 2809 1818 2865; x_wconf 90' lang='lat' dir='ltr'><strong>casu,</strong></span> <span class='ocrx_word' id='word_1_409' title='bbox 1841 2799 1924 2864; x_wconf 84' lang='lat' dir='ltr'><strong>patre</strong></span> <span class='ocrx_word' id='word_1_410' title='bbox 1944 2810 2003 2850; x_wconf 88' lang='lat' dir='ltr'><strong><em>una</em></strong></span> <span class='ocrx_word' id='word_1_411' title='bbox 2025 2809 2090 2850; x_wconf 90' lang='lat' dir='ltr'><strong><em>cum</em></strong></span> <span class='ocrx_word' id='word_1_412' title='bbox 2112 2796 2179 2866; x_wconf 88' lang='lat' dir='ltr'><strong>ipsa</strong></span> <span class='ocrx_word' id='word_1_413' title='bbox 2201 2795 2254 2850; x_wconf 94' lang='lat' dir='ltr'><strong><em>do-</em></strong></span> 
     </span>
     <span class='ocr_line' id='line_1_28' title="bbox 399 2871 2255 2964; baseline -0.006 -18"><span class='ocrx_word' id='word_1_414' title='bbox 399 2890 430 2947; x_wconf 76' lang='lat' dir='ltr'><strong><em>da</em></strong></span> <span class='ocrx_word' id='word_1_415' title='bbox 450 2884 480 2946; x_wconf 80' lang='lat' dir='ltr'><strong>ol</strong></span> <span class='ocrx_word' id='word_1_416' title='bbox 500 2889 551 2963; x_wconf 85' lang='grc' dir='ltr'><strong><em>τῆς</em></strong></span> <span class='ocrx_word' id='word_1_417' title='bbox 570 2888 621 2944; x_wconf 85' lang='grc' dir='ltr'><strong><em>τοῦ</em></strong></span> <span class='ocrx_word' id='word_1_418' title='bbox 641 2879 752 2964; x_wconf 77' lang='grc' dir='ltr'><strong><em>πατρός</em></strong></span> <span class='ocrx_word' id='word_1_419' title='bbox 773 2879 918 2960; x_wconf 84' lang='grc' dir='ltr'><strong><em>ἀπηθείας</em></strong></span> <span class='ocrx_word' id='word_1_420' title='bbox 940 2879 981 2958; x_wconf 86' lang='lat' dir='ltr'><strong><em>(v.</em></strong></span> <span class='ocrx_word' id='word_1_421' title='bbox 1004 2877 1153 2954; x_wconf 88' lang='grc' dir='ltr'><strong><em>ἀπειθίας)</em></strong></span> <span class='ocrx_word' id='word_1_422' title='bbox 1181 2881 1233 2937; x_wconf 83' lang='grc' dir='ltr'><strong><em>τοῦ</em></strong></span> <span class='ocrx_word' id='word_1_423' title='bbox 1253 2871 1304 2956; x_wconf 73' lang='grc' dir='ltr'><strong><em>μή·</em></strong></span> <span class='ocrx_word' id='word_1_424' title='bbox 1346 2883 1404 2934; x_wconf 89' lang='lat' dir='ltr'><strong><em>tem</em></strong></span> <span class='ocrx_word' id='word_1_425' title='bbox 1427 2882 1525 2950; x_wconf 88' lang='lat' dir='ltr'><strong>petere</strong></span> <span class='ocrx_word' id='word_1_426' title='bbox 1546 2876 1709 2952; x_wconf 82' lang='lat' dir='ltr'><strong>differente,</strong></span> <span class='ocrx_word' id='word_1_427' title='bbox 1731 2883 1761 2935; x_wconf 85' lang='lat' dir='ltr'><strong><em>et</em></strong></span> <span class='ocrx_word' id='word_1_428' title='bbox 1781 2879 1891 2949; x_wconf 91' lang='lat' dir='ltr'><strong>absque</strong></span> <span class='ocrx_word' id='word_1_429' title='bbox 1913 2895 1948 2934; x_wconf 91' lang='lat' dir='ltr'><strong><em>eo</em></strong></span> <span class='ocrx_word' id='word_1_430' title='bbox 1970 2879 2046 2935; x_wconf 89' lang='lat' dir='ltr'><strong>hano</strong></span> <span class='ocrx_word' id='word_1_431' title='bbox 2066 2883 2167 2951; x_wconf 89' lang='lat' dir='ltr'><strong>petere</strong></span> <span class='ocrx_word' id='word_1_432' title='bbox 2189 2885 2255 2952; x_wconf 87' lang='lat' dir='ltr'><strong>pot-</strong></span> 
     </span>
     <span class='ocr_line' id='line_1_29' title="bbox 399 2957 2254 3048; baseline -0.008 -16"><span class='ocrx_word' id='word_1_433' title='bbox 399 2991 448 3032; x_wconf 85' lang='grc' dir='ltr'><strong><em>ται</em></strong></span> <span class='ocrx_word' id='word_1_434' title='bbox 472 2964 609 3048; x_wconf 66' lang='lat' dir='ltr'><strong>(appas)</strong></span> <span class='ocrx_word' id='word_1_435' title='bbox 631 2973 742 3046; x_wconf 79' lang='grc' dir='ltr'><strong><em>κινῆσαι</em></strong></span> <span class='ocrx_word' id='word_1_436' title='bbox 762 2961 910 3028; x_wconf 84' lang='grc' dir='ltr'><strong><em>κινδυνεύει</em></strong></span> <span class='ocrx_word' id='word_1_437' title='bbox 931 2959 968 3024; x_wconf 87' lang='grc' dir='ltr'><strong><em>τά</em></strong></span> <span class='ocrx_word' id='word_1_438' title='bbox 989 2967 1040 3041; x_wconf 82' lang='grc' dir='ltr'><strong><em>τῆς</em></strong></span> <span class='ocrx_word' id='word_1_439' title='bbox 1059 2958 1193 3040; x_wconf 89' lang='grc' dir='ltr'><strong><em>προικός,</em></strong></span> <span class='ocrx_word' id='word_1_440' title='bbox 1223 2957 1303 3022; x_wconf 82' lang='grc' dir='ltr'><strong><em>δύνα·</em></strong></span> <span class='ocrx_word' id='word_1_441' title='bbox 1347 2967 1409 3035; x_wconf 85' lang='lat' dir='ltr'><strong>est,</strong></span> <span class='ocrx_word' id='word_1_442' title='bbox 1437 2963 1515 3031; x_wconf 89' lang='lat' dir='ltr'><strong>viro,</strong></span> <span class='ocrx_word' id='word_1_443' title='bbox 1544 2961 1573 3017; x_wconf 92' lang='lat' dir='ltr'><strong>in</strong></span> <span class='ocrx_word' id='word_1_444' title='bbox 1603 2967 1742 3032; x_wconf 81' lang='lat' dir='ltr'><strong>qnantum</strong></span> <span class='ocrx_word' id='word_1_445' title='bbox 1765 2965 1865 3018; x_wconf 85' lang='lat' dir='ltr'><strong>facere</strong></span> <span class='ocrx_word' id='word_1_446' title='bbox 1887 2967 1997 3038; x_wconf 84' lang='lat' dir='ltr'><strong>potest,</strong></span> <span class='ocrx_word' id='word_1_447' title='bbox 2027 2963 2254 3022; x_wconf 84' lang='lat' dir='ltr'><strong>condemnando.</strong></span> 
     </span>
     <span class='ocr_line' id='line_1_30' title="bbox 399 3043 2255 3130; baseline -0.006 -14"><span class='ocrx_word' id='word_1_448' title='bbox 399 3076 448 3116; x_wconf 89' lang='grc' dir='ltr'><strong><em>ται</em></strong></span> <span class='ocrx_word' id='word_1_449' title='bbox 468 3055 513 3114; x_wconf 74' lang='grc' dir='ltr'><strong><em>ἐπὶ</em></strong></span> <span class='ocrx_word' id='word_1_450' title='bbox 533 3048 635 3114; x_wconf 87' lang='grc' dir='ltr'><strong><em>τούτου</em></strong></span> <span class='ocrx_word' id='word_1_451' title='bbox 656 3058 707 3112; x_wconf 83' lang='grc' dir='ltr'><strong><em>τοὺ</em></strong></span> <span class='ocrx_word' id='word_1_452' title='bbox 728 3055 857 3130; x_wconf 72' lang='grc' dir='ltr'><strong><em>θύματος</em></strong></span> <span class='ocrx_word' id='word_1_453' title='bbox 883 3047 901 3129; x_wconf 77' lang='grc' dir='ltr'><strong><em>ι)</em></strong></span> <span class='ocrx_word' id='word_1_454' title='bbox 923 3043 1055 3129; x_wconf 83' lang='grc' dir='ltr'><strong><em>θυγάτηρ</em></strong></span> <span class='ocrx_word' id='word_1_455' title='bbox 1083 3045 1304 3126; x_wconf 75' lang='grc' dir='ltr'><strong><em>ὑπερτιθεμένου</em></strong></span> <span class='ocrx_word' id='word_1_456' title='bbox 1346 3049 1395 3104; x_wconf 79' lang='lat' dir='ltr'><strong><em>Ac</em></strong></span> <span class='ocrx_word' id='word_1_457' title='bbox 1417 3051 1495 3117; x_wconf 86' lang='lat' dir='ltr'><strong>nola,</strong></span> <span class='ocrx_word' id='word_1_458' title='bbox 1518 3046 1548 3102; x_wconf 92' lang='lat' dir='ltr'><strong>in</strong></span> <span class='ocrx_word' id='word_1_459' title='bbox 1572 3047 1620 3102; x_wconf 85' lang='lat' dir='ltr'><strong><em>nis</em></strong></span> <span class='ocrx_word' id='word_1_460' title='bbox 1642 3047 1778 3118; x_wconf 88' lang='lat' dir='ltr'><strong>ossibus,</strong></span> <span class='ocrx_word' id='word_1_461' title='bbox 1807 3048 1967 3118; x_wconf 83' lang='lat' dir='ltr'><strong>inquibus</strong></span> <span class='ocrx_word' id='word_1_462' title='bbox 1994 3047 2144 3104; x_wconf 89' lang='lat' dir='ltr'><strong>collationi</strong></span> <span class='ocrx_word' id='word_1_463' title='bbox 2172 3049 2255 3105; x_wconf 87' lang='lat' dir='ltr'><strong>locus</strong></span> 
     </span>
     <span class='ocr_line' id='line_1_31' title="bbox 399 3125 2254 3218; baseline -0.006 -19"><span class='ocrx_word' id='word_1_464' title='bbox 399 3131 581 3218; x_wconf 77' lang='grc' dir='ltr'><strong><em>τοῦπατρὸς</em></strong></span> <span class='ocrx_word' id='word_1_465' title='bbox 603 3147 818 3198; x_wconf 87' lang='grc' dir='ltr'><strong><em>συναπαιτεῖσαι</em></strong></span> <span class='ocrx_word' id='word_1_466' title='bbox 845 3133 886 3206; x_wconf 87' lang='lat' dir='ltr'><strong><em>(v.</em></strong></span> <span class='ocrx_word' id='word_1_467' title='bbox 909 3130 1131 3210; x_wconf 78' lang='grc' dir='ltr'><strong><em>συναααιτῆσαι)</em></strong></span> <span class='ocrx_word' id='word_1_468' title='bbox 1161 3129 1233 3208; x_wconf 82' lang='grc' dir='ltr'><strong><em>αὐτῇ</em></strong></span> <span class='ocrx_word' id='word_1_469' title='bbox 1254 3125 1305 3207; x_wconf 79' lang='grc' dir='ltr'><strong><em>την</em></strong></span> <span class='ocrx_word' id='word_1_470' title='bbox 1347 3135 1403 3205; x_wconf 84' lang='grc' dir='ltr'><strong><em>εεί,</em></strong></span> <span class='ocrx_word' id='word_1_471' title='bbox 1426 3137 1455 3188; x_wconf 91' lang='lat' dir='ltr'><strong><em>et</em></strong></span> <span class='ocrx_word' id='word_1_472' title='bbox 1478 3133 1624 3202; x_wconf 87' lang='lat' dir='ltr'><strong>praesenti</strong></span> <span class='ocrx_word' id='word_1_473' title='bbox 1645 3132 1847 3188; x_wconf 90' lang='lat' dir='ltr'><strong>constitutioni</strong></span> <span class='ocrx_word' id='word_1_474' title='bbox 1869 3148 1936 3188; x_wconf 85' lang='lat' dir='ltr'><strong>esse</strong></span> <span class='ocrx_word' id='word_1_475' title='bbox 1957 3133 2069 3204; x_wconf 79' lang='lat' dir='ltr'><strong>locum3</strong></span> <span class='ocrx_word' id='word_1_476' title='bbox 2092 3150 2136 3206; x_wconf 87' lang='lat' dir='ltr'><strong><em>ac,</em></strong></span> <span class='ocrx_word' id='word_1_477' title='bbox 2159 3133 2254 3189; x_wconf 89' lang='lat' dir='ltr'><strong>dona-</strong></span> 
     </span>
     <span class='ocr_line' id='line_1_32' title="bbox 398 3209 2255 3302; baseline -0.005 -19"><span class='ocrx_word' id='word_1_478' title='bbox 398 3233 518 3301; x_wconf 84' lang='grc' dir='ltr'><strong><em>αρσῖκα,</em></strong></span> <span class='ocrx_word' id='word_1_479' title='bbox 539 3223 585 3282; x_wconf 76' lang='grc' dir='ltr'><strong><em>καὶ</em></strong></span> <span class='ocrx_word' id='word_1_480' title='bbox 605 3223 690 3302; x_wconf 81' lang='grc' dir='ltr'><strong><em>χωρὶς</em></strong></span> <span class='ocrx_word' id='word_1_481' title='bbox 709 3217 799 3281; x_wconf 76' lang='grc' dir='ltr'><strong><em>αὐτοῦ</em></strong></span> <span class='ocrx_word' id='word_1_482' title='bbox 820 3213 924 3296; x_wconf 89' lang='grc' dir='ltr'><strong><em>ταύτην</em></strong></span> <span class='ocrx_word' id='word_1_483' title='bbox 945 3213 1089 3288; x_wconf 85' lang='grc' dir='ltr'><strong><em>ἀπαιτεῖν,</em></strong></span> <span class='ocrx_word' id='word_1_484' title='bbox 1119 3221 1169 3276; x_wconf 86' lang='grc' dir='ltr'><strong><em>τοῦ</em></strong></span> <span class='ocrx_word' id='word_1_485' title='bbox 1191 3209 1304 3290; x_wconf 88' lang='grc' dir='ltr'><strong><em>ἀνδρός,</em></strong></span> <span class='ocrx_word' id='word_1_486' title='bbox 1346 3217 1427 3272; x_wconf 88' lang='lat' dir='ltr'><strong>tione</strong></span> <span class='ocrx_word' id='word_1_487' title='bbox 1456 3215 1493 3271; x_wconf 92' lang='lat' dir='ltr'><strong><em>ab</em></strong></span> <span class='ocrx_word' id='word_1_488' title='bbox 1516 3229 1566 3288; x_wconf 89' lang='lat' dir='ltr'><strong><em>ea,</em></strong></span> <span class='ocrx_word' id='word_1_489' title='bbox 1594 3231 1670 3287; x_wconf 88' lang='lat' dir='ltr'><strong>quae</strong></span> <span class='ocrx_word' id='word_1_490' title='bbox 1697 3217 1727 3272; x_wconf 91' lang='lat' dir='ltr'><strong>in</strong></span> <span class='ocrx_word' id='word_1_491' title='bbox 1750 3217 1880 3288; x_wconf 77' lang='lat' dir='ltr'><strong>paremio</strong></span> <span class='ocrx_word' id='word_1_492' title='bbox 1901 3221 2048 3288; x_wconf 87' lang='lat' dir='ltr'><strong>potestate</strong></span> <span class='ocrx_word' id='word_1_493' title='bbox 2069 3223 2129 3288; x_wconf 86' lang='lat' dir='ltr'><strong>est,</strong></span> <span class='ocrx_word' id='word_1_494' title='bbox 2159 3219 2255 3274; x_wconf 82' lang='lat' dir='ltr'><strong>lueri-</strong></span> 
     </span>
     <span class='ocr_line' id='line_1_33' title="bbox 397 3297 2254 3385; baseline -0.005 -17"><span class='ocrx_word' id='word_1_495' title='bbox 397 3313 437 3378; x_wconf 85' lang='grc' dir='ltr'><strong><em>είς</em></strong></span> <span class='ocrx_word' id='word_1_496' title='bbox 464 3300 535 3367; x_wconf 86' lang='grc' dir='ltr'><strong><em>όσσν</em></strong></span> <span class='ocrx_word' id='word_1_497' title='bbox 563 3305 688 3385; x_wconf 80' lang='grc' dir='ltr'><strong><em>εὐπορεῖ,</em></strong></span> <span class='ocrx_word' id='word_1_498' title='bbox 716 3303 974 3381; x_wconf 82' lang='grc' dir='ltr'><strong><em>καταδααζσμίνου.</em></strong></span> <span class='ocrx_word' id='word_1_499' title='bbox 1008 3301 1055 3360; x_wconf 81' lang='grc' dir='ltr'><strong><em>καλ</em></strong></span> <span class='ocrx_word' id='word_1_500' title='bbox 1083 3297 1305 3379; x_wconf 64' lang='grc' dir='ltr'><strong><em>σημείωσαιθθ),</em></strong></span> <span class='ocrx_word' id='word_1_501' title='bbox 1347 3303 1443 3374; x_wconf 86' lang='lat' dir='ltr'><strong>facta,</strong></span> <span class='ocrx_word' id='word_1_502' title='bbox 1474 3301 1540 3356; x_wconf 87' lang='lat' dir='ltr'><strong>eius</strong></span> <span class='ocrx_word' id='word_1_503' title='bbox 1564 3301 1778 3357; x_wconf 76' lang='lat' dir='ltr'><strong>usumfructum</strong></span> <span class='ocrx_word' id='word_1_504' title='bbox 1801 3301 1838 3356; x_wconf 86' lang='lat' dir='ltr'><strong><em>ab</em></strong></span> <span class='ocrx_word' id='word_1_505' title='bbox 1861 3316 1911 3374; x_wconf 88' lang='lat' dir='ltr'><strong><em>eo,</em></strong></span> <span class='ocrx_word' id='word_1_506' title='bbox 1941 3302 1991 3371; x_wconf 86' lang='lat' dir='ltr'><strong><em>qui</em></strong></span> <span class='ocrx_word' id='word_1_507' title='bbox 2019 3301 2108 3358; x_wconf 89' lang='lat' dir='ltr'><strong>habet</strong></span> <span class='ocrx_word' id='word_1_508' title='bbox 2129 3318 2196 3358; x_wconf 82' lang='lat' dir='ltr'><strong>earn</strong></span> <span class='ocrx_word' id='word_1_509' title='bbox 2225 3303 2254 3358; x_wconf 91' lang='lat' dir='ltr'><strong>in</strong></span> 
     </span>
     <span class='ocr_line' id='line_1_34' title="bbox 399 3379 2256 3470; baseline -0.005 -18"><span class='ocrx_word' id='word_1_510' title='bbox 399 3385 453 3464; x_wconf 86' lang='grc' dir='ltr'><strong><em>ότι,</em></strong></span> <span class='ocrx_word' id='word_1_511' title='bbox 473 3387 516 3469; x_wconf 77' lang='grc' dir='ltr'><strong><em>ἐφ’</em></strong></span> <span class='ocrx_word' id='word_1_512' title='bbox 538 3379 578 3451; x_wconf 82' lang='grc' dir='ltr'><strong><em>ἀν</em></strong></span> <span class='ocrx_word' id='word_1_513' title='bbox 598 3384 734 3468; x_wconf 83' lang='grc' dir='ltr'><strong><em>θεμάτων</em></strong></span> <span class='ocrx_word' id='word_1_514' title='bbox 753 3383 833 3470; x_wconf 78' lang='grc' dir='ltr'><strong><em>χώρα</em></strong></span> <span class='ocrx_word' id='word_1_515' title='bbox 854 3393 888 3464; x_wconf 77' lang='grc' dir='ltr'><strong><em>τῇ</em></strong></span> <span class='ocrx_word' id='word_1_516' title='bbox 910 3387 1099 3464; x_wconf 75' lang='grc' dir='ltr'><strong><em>συνεισφυρᾷ,</em></strong></span> <span class='ocrx_word' id='word_1_517' title='bbox 1128 3386 1171 3444; x_wconf 77' lang='grc' dir='ltr'><strong><em>ἐπ)</em></strong></span> <span class='ocrx_word' id='word_1_518' title='bbox 1198 3379 1306 3444; x_wconf 84' lang='grc' dir='ltr'><strong><em>τούτων</em></strong></span> <span class='ocrx_word' id='word_1_519' title='bbox 1348 3389 1502 3456; x_wconf 82' lang='lat' dir='ltr'><strong>potestate,</strong></span> <span class='ocrx_word' id='word_1_520' title='bbox 1523 3389 1603 3440; x_wconf 85' lang='lat' dir='ltr'><strong>recte</strong></span> <span class='ocrx_word' id='word_1_521' title='bbox 1625 3386 1701 3456; x_wconf 79' lang='lat' dir='ltr'><strong>peti3</strong></span> <span class='ocrx_word' id='word_1_522' title='bbox 1723 3390 1753 3440; x_wconf 88' lang='lat' dir='ltr'><strong><em>et</em></strong></span> <span class='ocrx_word' id='word_1_523' title='bbox 1774 3385 1805 3440; x_wconf 93' lang='lat' dir='ltr'><strong>ln</strong></span> <span class='ocrx_word' id='word_1_524' title='bbox 1826 3386 1914 3440; x_wconf 86' lang='lat' dir='ltr'><strong>rebus</strong></span> <span class='ocrx_word' id='word_1_525' title='bbox 1936 3391 2048 3442; x_wconf 88' lang='lat' dir='ltr'><strong>tantum</strong></span> <span class='ocrx_word' id='word_1_526' title='bbox 2070 3388 2166 3443; x_wconf 89' lang='lat' dir='ltr'><strong>mariti</strong></span> <span class='ocrx_word' id='word_1_527' title='bbox 2193 3388 2256 3458; x_wconf 91' lang='lat' dir='ltr'><strong>pri-</strong></span> 
     </span>
     <span class='ocr_line' id='line_1_35' title="bbox 397 3462 2260 3553; baseline -0.006 -16"><span class='ocrx_word' id='word_1_528' title='bbox 397 3477 446 3536; x_wconf 81' lang='grc' dir='ltr'><strong><em>καὶ</em></strong></span> <span class='ocrx_word' id='word_1_529' title='bbox 474 3479 507 3552; x_wconf 76' lang='grc' dir='ltr'><strong><em>τῇ</em></strong></span> <span class='ocrx_word' id='word_1_530' title='bbox 528 3470 659 3553; x_wconf 84' lang='grc' dir='ltr'><strong><em>παρούση</em></strong></span> <span class='ocrx_word' id='word_1_531' title='bbox 681 3469 819 3546; x_wconf 77' lang='grc' dir='ltr'><strong><em>διατάξει,</em></strong></span> <span class='ocrx_word' id='word_1_532' title='bbox 852 3473 899 3533; x_wconf 76' lang='grc' dir='ltr'><strong><em>καὶ</em></strong></span> <span class='ocrx_word' id='word_1_533' title='bbox 922 3463 967 3532; x_wconf 90' lang='grc' dir='ltr'><strong><em>ότι</em></strong></span> <span class='ocrx_word' id='word_1_534' title='bbox 988 3474 1039 3548; x_wconf 85' lang='grc' dir='ltr'><strong><em>τῆς</em></strong></span> <span class='ocrx_word' id='word_1_535' title='bbox 1060 3464 1118 3550; x_wconf 86' lang='grc' dir='ltr'><strong><em>πρό</em></strong></span> <span class='ocrx_word' id='word_1_536' title='bbox 1140 3462 1232 3548; x_wconf 88' lang='grc' dir='ltr'><strong><em>γάμου</em></strong></span> <span class='ocrx_word' id='word_1_537' title='bbox 1254 3469 1305 3527; x_wconf 89' lang='grc' dir='ltr'><strong><em>δω-</em></strong></span> <span class='ocrx_word' id='word_1_538' title='bbox 1346 3469 1490 3544; x_wconf 83' lang='lat' dir='ltr'><strong>vilegium</strong></span> <span class='ocrx_word' id='word_1_539' title='bbox 1512 3470 1696 3540; x_wconf 84' lang='lat' dir='ltr'><strong>antiquitatis</strong></span> <span class='ocrx_word' id='word_1_540' title='bbox 1718 3471 1830 3526; x_wconf 86' lang='lat' dir='ltr'><strong>servari</strong></span> <span class='ocrx_word' id='word_1_541' title='bbox 1853 3469 1986 3542; x_wconf 90' lang='lat' dir='ltr'><strong>mulieri,</strong></span> <span class='ocrx_word' id='word_1_542' title='bbox 2009 3486 2104 3541; x_wconf 84' lang='lat' dir='ltr'><strong>neque</strong></span> <span class='ocrx_word' id='word_1_543' title='bbox 2126 3473 2157 3528; x_wconf 95' lang='lat' dir='ltr'><strong>in</strong></span> <span class='ocrx_word' id='word_1_544' title='bbox 2181 3473 2260 3536; x_wconf 82' lang='lat' dir='ltr'><strong>aliis,</strong></span> 
     </span>
     <span class='ocr_line' id='line_1_36' title="bbox 398 3550 2260 3640; baseline -0.004 -20"><span class='ocrx_word' id='word_1_545' title='bbox 398 3565 466 3640; x_wconf 82' lang='grc' dir='ltr'><strong><em>ρεᾶς</em></strong></span> <span class='ocrx_word' id='word_1_546' title='bbox 500 3562 703 3640; x_wconf 83' lang='grc' dir='ltr'><strong><em>κερδανθείσης</em></strong></span> <span class='ocrx_word' id='word_1_547' title='bbox 736 3551 792 3619; x_wconf 82' lang='grc' dir='ltr'><strong><em>ὑπό</em></strong></span> <span class='ocrx_word' id='word_1_548' title='bbox 826 3563 877 3638; x_wconf 76' lang='grc' dir='ltr'><strong><em>τῆς</em></strong></span> <span class='ocrx_word' id='word_1_549' title='bbox 903 3553 1073 3626; x_wconf 81' lang='grc' dir='ltr'><strong><em>ύπεξουσίας</em></strong></span> <span class='ocrx_word' id='word_1_550' title='bbox 1100 3554 1193 3624; x_wconf 82' lang='grc' dir='ltr'><strong><em>καλῶς</em></strong></span> <span class='ocrx_word' id='word_1_551' title='bbox 1221 3550 1305 3612; x_wconf 87' lang='grc' dir='ltr'><strong><em>ἀπαι-</em></strong></span> <span class='ocrx_word' id='word_1_552' title='bbox 1347 3555 1397 3626; x_wconf 87' lang='lat' dir='ltr'><strong><em>qui</em></strong></span> <span class='ocrx_word' id='word_1_553' title='bbox 1420 3555 1527 3626; x_wconf 85' lang='lat' dir='ltr'><strong>dotem,</strong></span> <span class='ocrx_word' id='word_1_554' title='bbox 1549 3559 1580 3610; x_wconf 89' lang='lat' dir='ltr'><strong>ut</strong></span> <span class='ocrx_word' id='word_1_555' title='bbox 1602 3555 1666 3610; x_wconf 86' lang='lat' dir='ltr'><strong>fleri</strong></span> <span class='ocrx_word' id='word_1_556' title='bbox 1687 3555 1807 3624; x_wconf 87' lang='lat' dir='ltr'><strong>assolet,</strong></span> <span class='ocrx_word' id='word_1_557' title='bbox 1830 3560 2033 3627; x_wconf 84' lang='lat' dir='ltr'><strong>susceperunt,</strong></span> <span class='ocrx_word' id='word_1_558' title='bbox 2055 3556 2184 3612; x_wconf 85' lang='lat' dir='ltr'><strong>velutin</strong></span> <span class='ocrx_word' id='word_1_559' title='bbox 2208 3575 2260 3612; x_wconf 85' lang='lat' dir='ltr'><strong><em>so-</em></strong></span> 
     </span>
     <span class='ocr_line' id='line_1_37' title="bbox 397 3631 2260 3721; baseline -0.006 -15"><span class='ocrx_word' id='word_1_560' title='bbox 397 3643 462 3719; x_wconf 85' lang='grc' dir='ltr'><strong><em>τεῖΙ</em></strong></span> <span class='ocrx_word' id='word_1_561' title='bbox 483 3643 530 3721; x_wconf 81' lang='lat'><strong><em>⁴⁰)</em></strong></span> <span class='ocrx_word' id='word_1_562' title='bbox 551 3639 602 3704; x_wconf 90' lang='grc' dir='ltr'><strong><em>τόν</em></strong></span> <span class='ocrx_word' id='word_1_563' title='bbox 623 3641 851 3721; x_wconf 84' lang='grc' dir='ltr'><strong><em>σάσουφρυῦκτον</em></strong></span> <span class='ocrx_word' id='word_1_564' title='bbox 872 3637 960 3717; x_wconf 78' lang='grc' dir='ltr'><strong><em>αότῆς</em></strong></span> <span class='ocrx_word' id='word_1_565' title='bbox 980 3637 996 3700; x_wconf 90' lang='grc' dir='ltr'>ὁ</span> <span class='ocrx_word' id='word_1_566' title='bbox 1019 3635 1088 3718; x_wconf 79' lang='grc' dir='ltr'><strong><em>ἔχων</em></strong></span> <span class='ocrx_word' id='word_1_567' title='bbox 1109 3631 1197 3714; x_wconf 77' lang='grc' dir='ltr'><strong><em>αύτίγν</em></strong></span> <span class='ocrx_word' id='word_1_568' title='bbox 1222 3633 1304 3707; x_wconf 83' lang='grc' dir='ltr'><strong><em>ύπεξ·</em></strong></span> <span class='ocrx_word' id='word_1_569' title='bbox 1347 3639 1424 3694; x_wconf 90' lang='lat' dir='ltr'><strong>eeris</strong></span> <span class='ocrx_word' id='word_1_570' title='bbox 1445 3643 1476 3694; x_wconf 88' lang='lat' dir='ltr'><strong><em>et</em></strong></span> <span class='ocrx_word' id='word_1_571' title='bbox 1497 3639 1593 3694; x_wconf 89' lang='lat' dir='ltr'><strong>mariti</strong></span> <span class='ocrx_word' id='word_1_572' title='bbox 1616 3639 1756 3695; x_wconf 86' lang='lat' dir='ltr'><strong>fratribus</strong></span> <span class='ocrx_word' id='word_1_573' title='bbox 1778 3645 1830 3694; x_wconf 90' lang='lat' dir='ltr'><strong><em>aut</em></strong></span> <span class='ocrx_word' id='word_1_574' title='bbox 1850 3639 1918 3694; x_wconf 91' lang='lat' dir='ltr'><strong>aliis</strong></span> <span class='ocrx_word' id='word_1_575' title='bbox 1941 3639 2123 3711; x_wconf 80' lang='lat' dir='ltr'><strong>quibusdam.</strong></span> <span class='ocrx_word' id='word_1_576' title='bbox 2168 3643 2260 3696; x_wconf 77' lang='lat' dir='ltr'><strong>Scri-</strong></span> 
     </span>
     <span class='ocr_line' id='line_1_38' title="bbox 397 3715 2261 3805; baseline -0.006 -14"><span class='ocrx_word' id='word_1_577' title='bbox 397 3731 512 3800; x_wconf 82' lang='lat' dir='ltr'><strong>ovolav,</strong></span> <span class='ocrx_word' id='word_1_578' title='bbox 547 3730 594 3788; x_wconf 81' lang='grc' dir='ltr'><strong><em>κοδ</em></strong></span> <span class='ocrx_word' id='word_1_579' title='bbox 622 3720 668 3787; x_wconf 88' lang='grc' dir='ltr'><strong><em>ότι</em></strong></span> <span class='ocrx_word' id='word_1_580' title='bbox 693 3721 768 3786; x_wconf 85' lang='grc' dir='ltr'><strong><em>κατά</em></strong></span> <span class='ocrx_word' id='word_1_581' title='bbox 787 3722 879 3805; x_wconf 86' lang='grc' dir='ltr'><strong><em>μόνων</em></strong></span> <span class='ocrx_word' id='word_1_582' title='bbox 901 3729 957 3784; x_wconf 81' lang='grc' dir='ltr'><strong><em>τῶν</em></strong></span> <span class='ocrx_word' id='word_1_583' title='bbox 983 3715 1157 3802; x_wconf 90' lang='grc' dir='ltr'><strong><em>πραγμάτων</em></strong></span> <span class='ocrx_word' id='word_1_584' title='bbox 1184 3727 1236 3781; x_wconf 81' lang='grc' dir='ltr'><strong><em>τοῦ</em></strong></span> <span class='ocrx_word' id='word_1_585' title='bbox 1257 3716 1304 3780; x_wconf 84' lang='grc' dir='ltr'><strong><em>ἀν·</em></strong></span> <span class='ocrx_word' id='word_1_586' title='bbox 1344 3728 1400 3796; x_wconf 85' lang='lat' dir='ltr'><strong><em>pto</em></strong></span> <span class='ocrx_word' id='word_1_587' title='bbox 1426 3727 1470 3780; x_wconf 83' lang='lat' dir='ltr'><strong><em>eat</em></strong></span> <span class='ocrx_word' id='word_1_588' title='bbox 1499 3723 1638 3779; x_wconf 78' lang='lat' dir='ltr'><strong>Calendis</strong></span> <span class='ocrx_word' id='word_1_589' title='bbox 1665 3723 1819 3782; x_wconf 83' lang='lat' dir='ltr'><strong>Decemor.</strong></span> <span class='ocrx_word' id='word_1_590' title='bbox 1840 3724 1961 3797; x_wconf 79' lang='lat' dir='ltr'><strong>imperii</strong></span> <span class='ocrx_word' id='word_1_591' title='bbox 1990 3725 2156 3782; x_wconf 72' lang='lat' dir='ltr'><strong>iustissimo·</strong></span> <span class='ocrx_word' id='word_1_592' title='bbox 2178 3743 2261 3782; x_wconf 86' lang='grc' dir='ltr'><strong><em>σαιιο</em></strong></span> 
     </span>
     <span class='ocr_line' id='line_1_39' title="bbox 395 3801 1719 3892; baseline -0.008 -19"><span class='ocrx_word' id='word_1_593' title='bbox 395 3807 467 3892; x_wconf 87' lang='grc' dir='ltr'><strong><em>δρός</em></strong></span> <span class='ocrx_word' id='word_1_594' title='bbox 493 3806 527 3872; x_wconf 88' lang='grc' dir='ltr'><strong><em>τό</em></strong></span> <span class='ocrx_word' id='word_1_595' title='bbox 549 3805 702 3892; x_wconf 84' lang='grc' dir='ltr'><strong><em>προνόμιον</em></strong></span> <span class='ocrx_word' id='word_1_596' title='bbox 729 3813 781 3888; x_wconf 79' lang='grc' dir='ltr'><strong><em>τῆς</em></strong></span> <span class='ocrx_word' id='word_1_597' title='bbox 801 3811 983 3890; x_wconf 84' lang='grc' dir='ltr'><strong><em>προγενεσίας</em></strong></span> <span class='ocrx_word' id='word_1_598' title='bbox 1004 3801 1175 3885; x_wconf 73' lang='grc' dir='ltr'><strong><em>φυλάττεται</em></strong></span> <span class='ocrx_word' id='word_1_599' title='bbox 1203 3809 1238 3883; x_wconf 78' lang='grc' dir='ltr'><strong><em>τῇ</em></strong></span> <span class='ocrx_word' id='word_1_600' title='bbox 1259 3827 1305 3883; x_wconf 89' lang='grc' dir='ltr'><strong><em>γυ·</em></strong></span> <span class='ocrx_word' id='word_1_601' title='bbox 1349 3808 1399 3865; x_wconf 87' lang='grc'><strong><em>13.</em></strong></span> <span class='ocrx_word' id='word_1_602' title='bbox 1428 3807 1569 3882; x_wconf 80' lang='grc' dir='ltr'><strong><em>Αμγνίοαε</em></strong></span> <span class='ocrx_word' id='word_1_603' title='bbox 1589 3809 1719 3866; x_wconf 84' lang='lat' dir='ltr'><strong>consule.</strong></span> 
     </span>
     <span class='ocr_line' id='line_1_40' title="bbox 398 3883 1305 3973; baseline -0.012 -16"><span class='ocrx_word' id='word_1_604' title='bbox 398 3899 485 3967; x_wconf 82' lang='grc' dir='ltr'><strong><em>ναικί,</em></strong></span> <span class='ocrx_word' id='word_1_605' title='bbox 507 3893 541 3956; x_wconf 83' lang='grc' dir='ltr'><strong><em>οὗ</em></strong></span> <span class='ocrx_word' id='word_1_606' title='bbox 561 3890 617 3973; x_wconf 79' lang='grc' dir='ltr'><strong><em>μὴν</em></strong></span> <span class='ocrx_word' id='word_1_607' title='bbox 637 3895 683 3954; x_wconf 82' lang='grc' dir='ltr'><strong><em>καλ</em></strong></span> <span class='ocrx_word' id='word_1_608' title='bbox 703 3889 778 3954; x_wconf 81' lang='grc' dir='ltr'><strong><em>κατὰ</em></strong></span> <span class='ocrx_word' id='word_1_609' title='bbox 798 3899 855 3953; x_wconf 79' lang='grc' dir='ltr'><strong><em>τῶν</em></strong></span> <span class='ocrx_word' id='word_1_610' title='bbox 875 3884 969 3952; x_wconf 88' lang='grc' dir='ltr'><strong><em>ἀλλων</em></strong></span> <span class='ocrx_word' id='word_1_611' title='bbox 990 3895 1062 3962; x_wconf 81' lang='grc' dir='ltr'><strong><em>τάν,</em></strong></span> <span class='ocrx_word' id='word_1_612' title='bbox 1092 3887 1132 3961; x_wconf 82' lang='grc' dir='ltr'><strong><em>ἀς</em></strong></span> <span class='ocrx_word' id='word_1_613' title='bbox 1152 3884 1232 3961; x_wconf 88' lang='grc' dir='ltr'><strong><em>είκός,</em></strong></span> <span class='ocrx_word' id='word_1_614' title='bbox 1254 3883 1305 3966; x_wconf 78' lang='grc' dir='ltr'><strong><em>την</em></strong></span> 
     </span>
     <span class='ocr_line' id='line_1_41' title="bbox 398 3971 1304 4057; baseline -0.012 -15"><span class='ocrx_word' id='word_1_615' title='bbox 398 3991 504 4057; x_wconf 82' lang='grc' dir='ltr'><strong><em>προῖκα</em></strong></span> <span class='ocrx_word' id='word_1_616' title='bbox 532 3975 759 4057; x_wconf 74' lang='grc' dir='ltr'><strong><em>ὑποδεξαμένων,</em></strong></span> <span class='ocrx_word' id='word_1_617' title='bbox 793 3971 878 4057; x_wconf 85' lang='grc' dir='ltr'><strong><em>τυχόν</em></strong></span> <span class='ocrx_word' id='word_1_618' title='bbox 905 3974 1097 4056; x_wconf 63' lang='grc' dir='ltr'><strong><em>κηδευτών41)</em></strong></span> <span class='ocrx_word' id='word_1_619' title='bbox 1127 3975 1174 4034; x_wconf 78' lang='grc' dir='ltr'><strong><em>καὶ</em></strong></span> <span class='ocrx_word' id='word_1_620' title='bbox 1201 3971 1304 4052; x_wconf 54' lang='grc' dir='ltr'><strong><em>ἀνδρα.</em></strong></span> 
     </span>
     <span class='ocr_line' id='line_1_42' title="bbox 397 4054 1305 4143; baseline -0.009 -19"><span class='ocrx_word' id='word_1_621' title='bbox 397 4065 507 4141; x_wconf 83' lang='grc' dir='ltr'><strong><em>δίλφων</em></strong></span> <span class='ocrx_word' id='word_1_622' title='bbox 528 4059 545 4143; x_wconf 83' lang='grc' dir='ltr'><em>ἢ</em></span> <span class='ocrx_word' id='word_1_623' title='bbox 566 4065 662 4143; x_wconf 77' lang='grc' dir='ltr'><strong><em>ἑτέρου</em></strong></span> <span class='ocrx_word' id='word_1_624' title='bbox 683 4057 765 4132; x_wconf 91' lang='grc' dir='ltr'><strong><em>τινός.</em></strong></span> <span class='ocrx_word' id='word_1_625' title='bbox 807 4055 919 4142; x_wconf 83' lang='grc' dir='ltr'><strong><em>Ἐγρά.</em></strong></span> <span class='ocrx_word' id='word_1_626' title='bbox 946 4054 1145 4120; x_wconf 84' lang='grc' dir='ltr'><strong><em>καλάνδων</em></strong></span> <span class='ocrx_word' id='word_1_627' title='bbox 1173 4059 1305 4136; x_wconf 87' lang='grc' dir='ltr'><strong><em>Λεκημ-</em></strong></span> 
     </span>
     <span class='ocr_line' id='line_1_43' title="bbox 397 4139 1304 4227; baseline -0.01 -19"><span class='ocrx_word' id='word_1_628' title='bbox 397 4151 512 4227; x_wconf 83' lang='grc' dir='ltr'><strong><em>βρίων</em></strong></span> <span class='ocrx_word' id='word_1_629' title='bbox 535 4149 575 4224; x_wconf 91' lang='lat' dir='ltr'><strong><em>(v.</em></strong></span> <span class='ocrx_word' id='word_1_630' title='bbox 598 4145 845 4226; x_wconf 79' lang='grc' dir='ltr'><strong><em>Δεκεμβρίων)</em></strong></span> <span class='ocrx_word' id='word_1_631' title='bbox 872 4147 1071 4224; x_wconf 77' lang='grc' dir='ltr'><strong><em>βασιλείας</em></strong></span> <span class='ocrx_word' id='word_1_632' title='bbox 1097 4139 1304 4204; x_wconf 85' lang='grc' dir='ltr'><strong><em>Ἱυυστινια·</em></strong></span> 
     </span>
     <span class='ocr_line' id='line_1_44' title="bbox 398 4223 1304 4309; baseline -0.01 -17"><span class='ocrx_word' id='word_1_633' title='bbox 398 4227 810 4308; x_wconf 80' lang='grc' dir='ltr'><strong><em>νοῦ(ν.’1ουστινιανυῦ)</em></strong></span> <span class='ocrx_word' id='word_1_634' title='bbox 833 4225 872 4290; x_wconf 88' lang='grc' dir='ltr'><strong><em>τό</em></strong></span> <span class='ocrx_word' id='word_1_635' title='bbox 895 4225 953 4309; x_wconf 83' lang='grc' dir='ltr'><strong><em>ιγ’.</em></strong></span> <span class='ocrx_word' id='word_1_636' title='bbox 974 4225 1135 4298; x_wconf 81' lang='grc' dir='ltr'><strong><em>ύπατίας</em></strong></span> <span class='ocrx_word' id='word_1_637' title='bbox 1157 4225 1198 4302; x_wconf 83' lang='grc' dir='ltr'><strong><em>(ν.</em></strong></span> <span class='ocrx_word' id='word_1_638' title='bbox 1221 4223 1304 4285; x_wconf 87' lang='grc' dir='ltr'><strong><em>ύπα-</em></strong></span> 
     </span>
     <span class='ocr_line' id='line_1_45' title="bbox 398 4313 719 4392; baseline -0.006 -14"><span class='ocrx_word' id='word_1_639' title='bbox 398 4313 514 4392; x_wconf 85' lang='grc' dir='ltr'><strong><em>τείας)</em></strong></span> <span class='ocrx_word' id='word_1_640' title='bbox 534 4313 719 4386; x_wconf 87' lang='grc' dir='ltr'><strong><em>Ἀπίωνος.</em></strong></span> 
     </span>
    </p>
   </div>
   <div class='ocr_carea' id='block_1_4' title="bbox 395 4486 2268 4698">
    <p class='ocr_par' dir='ltr' id='par_1_4' title="bbox 395 4486 2268 4698">
     <span class='ocr_line' id='line_1_46' title="bbox 497 4486 2265 4595; baseline 0.003 -27"><span class='ocrx_word' id='word_1_641' title='bbox 497 4494 590 4585; x_wconf 56' lang='grc' dir='ltr'><strong><em>ζ’δ)</em></strong></span> <span class='ocrx_word' id='word_1_642' title='bbox 623 4490 716 4570; x_wconf 78' lang='grc' dir='ltr'><strong><em>ὥστε</em></strong></span> <span class='ocrx_word' id='word_1_643' title='bbox 751 4491 845 4595; x_wconf 80' lang='grc' dir='ltr'><strong><em>μήτε</em></strong></span> <span class='ocrx_word' id='word_1_644' title='bbox 870 4491 935 4568; x_wconf 88' lang='grc' dir='ltr'><strong><em>τὸν</em></strong></span> <span class='ocrx_word' id='word_1_645' title='bbox 960 4493 1077 4595; x_wconf 85' lang='grc' dir='ltr'><strong><em>ἀνδρα</em></strong></span> <span class='ocrx_word' id='word_1_646' title='bbox 1102 4486 1145 4564; x_wconf 88' lang='grc' dir='ltr'><strong><em>τό</em></strong></span> <span class='ocrx_word' id='word_1_647' title='bbox 1173 4490 1212 4565; x_wconf 74' lang='grc' dir='ltr'><strong><em>ἐκ</em></strong></span> <span class='ocrx_word' id='word_1_648' title='bbox 1237 4497 1304 4592; x_wconf 83' lang='grc' dir='ltr'><strong><em>τῆς</em></strong></span> <span class='ocrx_word' id='word_1_649' title='bbox 1449 4490 1575 4568; x_wconf 85' lang='lat' dir='ltr'><strong>Const.</strong></span> <span class='ocrx_word' id='word_1_650' title='bbox 1616 4489 1651 4566; x_wconf 84' lang='grc'><strong><em>7.</em></strong></span> <span class='ocrx_word' id='word_1_651' title='bbox 1726 4495 1776 4568; x_wconf 89' lang='lat' dir='ltr'><strong>Ut</strong></span> <span class='ocrx_word' id='word_1_652' title='bbox 1808 4519 1920 4593; x_wconf 87' lang='lat' dir='ltr'><strong>nequo</strong></span> <span class='ocrx_word' id='word_1_653' title='bbox 1960 4496 2015 4569; x_wconf 89' lang='lat' dir='ltr'><strong><em>vir</em></strong></span> <span class='ocrx_word' id='word_1_654' title='bbox 2046 4497 2181 4571; x_wconf 82' lang='lat' dir='ltr'><strong>lucrtnn</strong></span> <span class='ocrx_word' id='word_1_655' title='bbox 2216 4523 2265 4573; x_wconf 87' lang='lat' dir='ltr'><strong><em>ex</em></strong></span> 
     </span>
     <span class='ocr_line' id='line_1_47' title="bbox 395 4589 2268 4698; baseline 0.001 -26"><span class='ocrx_word' id='word_1_656' title='bbox 395 4595 558 4698; x_wconf 89' lang='grc' dir='ltr'><strong><em>προικός,</em></strong></span> <span class='ocrx_word' id='word_1_657' title='bbox 589 4595 682 4696; x_wconf 81' lang='grc' dir='ltr'><strong><em>μήτε</em></strong></span> <span class='ocrx_word' id='word_1_658' title='bbox 707 4591 776 4696; x_wconf 79' lang='grc' dir='ltr'><strong><em>τὴν</em></strong></span> <span class='ocrx_word' id='word_1_659' title='bbox 799 4609 955 4688; x_wconf 86' lang='grc' dir='ltr'><strong><em>γυναῖκα</em></strong></span> <span class='ocrx_word' id='word_1_660' title='bbox 987 4592 1029 4669; x_wconf 88' lang='grc' dir='ltr'><strong><em>τὸ</em></strong></span> <span class='ocrx_word' id='word_1_661' title='bbox 1064 4600 1102 4667; x_wconf 78' lang='grc' dir='ltr'><strong><em>ἐκ</em></strong></span> <span class='ocrx_word' id='word_1_662' title='bbox 1133 4597 1201 4692; x_wconf 83' lang='grc' dir='ltr'><strong><em>της</em></strong></span> <span class='ocrx_word' id='word_1_663' title='bbox 1233 4589 1304 4694; x_wconf 86' lang='grc' dir='ltr'><strong><em>πρὸ</em></strong></span> <span class='ocrx_word' id='word_1_664' title='bbox 1347 4591 1446 4684; x_wconf 88' lang='lat' dir='ltr'><strong>dote,</strong></span> <span class='ocrx_word' id='word_1_665' title='bbox 1473 4619 1540 4669; x_wconf 89' lang='lat' dir='ltr'><strong><em>neo</em></strong></span> <span class='ocrx_word' id='word_1_666' title='bbox 1566 4595 1688 4668; x_wconf 88' lang='lat' dir='ltr'><strong>mulier</strong></span> <span class='ocrx_word' id='word_1_667' title='bbox 1714 4620 1761 4669; x_wconf 83' lang='lat' dir='ltr'><strong><em>ex</em></strong></span> <span class='ocrx_word' id='word_1_668' title='bbox 1788 4603 1869 4671; x_wconf 74' lang='lat' dir='ltr'><strong>ttrite</strong></span> <span class='ocrx_word' id='word_1_669' title='bbox 1895 4599 2033 4698; x_wconf 86' lang='lat' dir='ltr'><strong>nuptias</strong></span> <span class='ocrx_word' id='word_1_670' title='bbox 2066 4597 2268 4674; x_wconf 85' lang='lat' dir='ltr'><strong>donatione</strong></span> 
     </span>
    </p>
   </div>
   <div class='ocr_carea' id='block_1_5' title="bbox 434 4698 442 4722">
    <p class='ocr_par' dir='ltr' id='par_1_5' title="bbox 434 4698 442 4722">
     <span class='ocr_line' id='line_1_48' title="bbox 434 4698 442 4722; baseline 0 0"><span class='ocrx_word' id='word_1_671' title='bbox 434 4698 442 4722; x_wconf 83' lang='grc' dir='ltr'><strong><em>ί</em></strong></span> 
     </span>
    </p>
   </div>
   <div class='ocr_carea' id='block_1_6' title="bbox 394 4689 2115 4800">
    <p class='ocr_par' dir='ltr' id='par_1_6' title="bbox 394 4689 2115 4800">
     <span class='ocr_line' id='line_1_49' title="bbox 394 4689 2115 4800; baseline 0.001 -28"><span class='ocrx_word' id='word_1_672' title='bbox 394 4701 568 4794; x_wconf 53' lang='grc' dir='ltr'><strong><em>γαμουω)</em></strong></span> <span class='ocrx_word' id='word_1_673' title='bbox 603 4701 739 4800; x_wconf 84' lang='grc' dir='ltr'><strong><em>δωρεάς</em></strong></span> <span class='ocrx_word' id='word_1_674' title='bbox 763 4701 886 4800; x_wconf 73' lang='grc' dir='ltr'><strong><em>κέρδος</em></strong></span> <span class='ocrx_word' id='word_1_675' title='bbox 910 4701 1140 4772; x_wconf 75' lang='grc' dir='ltr'><strong><em>οἰκειοῦσθαι</em></strong></span> <span class='ocrx_word' id='word_1_676' title='bbox 1163 4691 1227 4767; x_wconf 84' lang='grc' dir='ltr'><strong><em>καὶ</em></strong></span> <span class='ocrx_word' id='word_1_677' title='bbox 1256 4689 1304 4768; x_wconf 86' lang='grc' dir='ltr'><strong><em>τά</em></strong></span> <span class='ocrx_word' id='word_1_678' title='bbox 1346 4695 1382 4768; x_wconf 89' lang='lat' dir='ltr'><strong><em>iu</em></strong></span> <span class='ocrx_word' id='word_1_679' title='bbox 1408 4693 1593 4770; x_wconf 87' lang='lat' dir='ltr'><strong>dominium</strong></span> <span class='ocrx_word' id='word_1_680' title='bbox 1620 4721 1718 4769; x_wconf 79' lang='lat' dir='ltr'><strong>strum</strong></span> <span class='ocrx_word' id='word_1_681' title='bbox 1745 4697 1887 4797; x_wconf 82' lang='lat' dir='ltr'><strong>redigat</strong></span> <span class='ocrx_word' id='word_1_682' title='bbox 1911 4710 1948 4774; x_wconf 88' lang='lat' dir='ltr'><strong><em>et</em></strong></span> <span class='ocrx_word' id='word_1_683' title='bbox 1972 4699 2115 4796; x_wconf 87' lang='lat' dir='ltr'><strong>reliqua.</strong></span> 
     </span>
    </p>
   </div>
   <div class='ocr_carea' id='block_1_7' title="bbox 403 4805 453 4842">
    <p class='ocr_par' dir='ltr' id='par_1_7' title="bbox 403 4805 453 4842">
     <span class='ocr_line' id='line_1_50' title="bbox 403 4805 453 4842; baseline 0 -18"><span class='ocrx_word' id='word_1_684' title='bbox 403 4805 411 4842; x_wconf 83' lang='grc' dir='ltr'><strong><em>Ι1</em></strong></span> <span class='ocrx_word' id='word_1_685' title='bbox 437 4808 453 4824; x_wconf 63' lang='lat' dir='ltr'><em>n</em></span> 
     </span>
    </p>
   </div>
   <div class='ocr_carea' id='block_1_8' title="bbox 394 4803 482 4901">
    <p class='ocr_par' dir='ltr' id='par_1_8' title="bbox 394 4803 482 4901">
     <span class='ocr_line' id='line_1_51' title="bbox 394 4803 482 4901; baseline 0.011 -29"><span class='ocrx_word' id='word_1_686' title='bbox 394 4803 482 4901; x_wconf 61' lang='grc' dir='ltr'><strong><em>ομ</em></strong></span> 
     </span>
    </p>
   </div>
   <div class='ocr_carea' id='block_1_9' title="bbox 268 4980 2273 5227">
    <p class='ocr_par' dir='ltr' id='par_1_9' title="bbox 268 4980 2273 5227">
     <span class='ocr_line' id='line_1_52' title="bbox 268 4980 2273 5066; baseline 0.001 -18"><span class='ocrx_word' id='word_1_687' title='bbox 268 5001 328 5042; x_wconf 71' lang='lat' dir='ltr'><strong>nov.</strong></span> <span class='ocrx_word' id='word_1_688' title='bbox 352 4995 392 5042; x_wconf 81' lang='grc'><strong><em>98.</em></strong></span> <span class='ocrx_word' id='word_1_689' title='bbox 480 4982 617 5058; x_wconf 84' lang='grc' dir='ltr'><strong><em>Όαύτός</em></strong></span> <span class='ocrx_word' id='word_1_690' title='bbox 637 4983 770 5066; x_wconf 76' lang='grc' dir='ltr'><strong><em>βασιλεὺς</em></strong></span> <span class='ocrx_word' id='word_1_691' title='bbox 792 4993 832 5065; x_wconf 77' lang='grc' dir='ltr'><strong><em>τῷ</em></strong></span> <span class='ocrx_word' id='word_1_692' title='bbox 854 4985 940 5060; x_wconf 75' lang='grc' dir='ltr'><strong><em>αύτῷ.</em></strong></span> <span class='ocrx_word' id='word_1_693' title='bbox 989 4980 1048 5046; x_wconf 76' lang='grc' dir='ltr'><strong><em>Τά·</em></strong></span> <span class='ocrx_word' id='word_1_694' title='bbox 1068 4984 1130 5064; x_wconf 69' lang='grc' dir='ltr'><strong><em>μὲν</em></strong></span> <span class='ocrx_word' id='word_1_695' title='bbox 1158 4982 1217 5044; x_wconf 74' lang='grc' dir='ltr'><strong><em>ἀεὶ</em></strong></span> <span class='ocrx_word' id='word_1_696' title='bbox 1243 4985 1303 5044; x_wconf 82' lang='grc' dir='ltr'><strong><em>καλ</em></strong></span> <span class='ocrx_word' id='word_1_697' title='bbox 1429 4985 1508 5041; x_wconf 87' lang='lat' dir='ltr'><strong>ldem</strong></span> <span class='ocrx_word' id='word_1_698' title='bbox 1530 4985 1687 5058; x_wconf 86' lang='lat' dir='ltr'><strong>imperator</strong></span> <span class='ocrx_word' id='word_1_699' title='bbox 1708 4987 1812 5044; x_wconf 87' lang='lat' dir='ltr'><strong>eidem.</strong></span> <span class='ocrx_word' id='word_1_700' title='bbox 1856 4990 1903 5046; x_wconf 72' lang='lat' dir='ltr'><strong>Ea</strong></span> <span class='ocrx_word' id='word_1_701' title='bbox 1923 4991 2053 5064; x_wconf 76' lang='lat' dir='ltr'><strong>quidam,</strong></span> <span class='ocrx_word' id='word_1_702' title='bbox 2075 5006 2156 5063; x_wconf 80' lang='lat' dir='ltr'><strong>poue</strong></span> <span class='ocrx_word' id='word_1_703' title='bbox 2179 5007 2273 5050; x_wconf 72' lang='lat' dir='ltr'><strong>sem-</strong></span> 
     </span>
     <span class='ocr_line' id='line_1_53' title="bbox 394 5066 2270 5227; baseline 0.002 -95"><span class='ocrx_word' id='word_1_704' title='bbox 394 5066 633 5216; x_wconf 52' lang='grc' dir='ltr'><strong><em>ρόῡρφιύτως44)</em></strong></span> <span class='ocrx_word' id='word_1_705' title='bbox 662 5069 790 5152; x_wconf 78' lang='grc' dir='ltr'><strong><em>ἔχοντα</em></strong></span> <span class='ocrx_word' id='word_1_706' title='bbox 817 5067 942 5151; x_wconf 85' lang='grc' dir='ltr'><strong><em>νόμων</em></strong></span> <span class='ocrx_word' id='word_1_707' title='bbox 972 5067 1012 5129; x_wconf 89' lang='grc' dir='ltr'><strong><em>σύ</em></strong></span> <span class='ocrx_word' id='word_1_708' title='bbox 1039 5071 1160 5130; x_wconf 85' lang='grc' dir='ltr'><strong><em>δεῖται</em></strong></span> <span class='ocrx_word' id='word_1_709' title='bbox 1190 5070 1301 5128; x_wconf 87' lang='grc' dir='ltr'><strong><em>ποικί-</em></strong></span> <span class='ocrx_word' id='word_1_710' title='bbox 1340 5071 1588 5227; x_wconf 37' lang='lat' dir='ltr'><strong>§gemmeas</strong></span> <span class='ocrx_word' id='word_1_711' title='bbox 1614 5071 1702 5128; x_wconf 83' lang='lat' dir='ltr'><strong>modo</strong></span> <span class='ocrx_word' id='word_1_712' title='bbox 1726 5089 1791 5130; x_wconf 83' lang='lat' dir='ltr'><strong>seso</strong></span> <span class='ocrx_word' id='word_1_713' title='bbox 1811 5073 1932 5150; x_wconf 77' lang='lat' dir='ltr'><strong>hadent,</strong></span> <span class='ocrx_word' id='word_1_714' title='bbox 1961 5078 2052 5131; x_wconf 76' lang='lat' dir='ltr'><strong>cortis</strong></span> <span class='ocrx_word' id='word_1_715' title='bbox 2079 5091 2143 5134; x_wconf 80' lang='lat' dir='ltr'><strong>raon</strong></span> <span class='ocrx_word' id='word_1_716' title='bbox 2173 5079 2270 5134; x_wconf 74' lang='lat' dir='ltr'><strong>indi-</strong></span> 
     </span>
    </p>
   </div>
   <div class='ocr_carea' id='block_1_10' title="bbox 394 5397 2282 5938">
    <p class='ocr_par' dir='ltr' id='par_1_10' title="bbox 394 5397 2282 5938">
     <span class='ocr_line' id='line_1_54' title="bbox 462 5397 2277 5473; baseline 0.001 -15"><span class='ocrx_word' id='word_1_717' title='bbox 462 5405 507 5471; x_wconf 69' lang='grc' dir='ltr'><strong><em>θί)</em></strong></span> <span class='ocrx_word' id='word_1_718' title='bbox 525 5408 678 5473; x_wconf 70' lang='lat' dir='ltr'><strong>degendum</strong></span> <span class='ocrx_word' id='word_1_719' title='bbox 696 5405 740 5455; x_wconf 79' lang='grc' dir='ltr'><strong><em>καὶ</em></strong></span> <span class='ocrx_word' id='word_1_720' title='bbox 756 5408 792 5470; x_wconf 66' lang='grc' dir='ltr'><strong><em>δι’.</em></strong></span> <span class='ocrx_word' id='word_1_721' title='bbox 810 5402 848 5470; x_wconf 86' lang='grc' dir='ltr'><strong><em>η’.</em></strong></span> <span class='ocrx_word' id='word_1_722' title='bbox 866 5405 918 5454; x_wconf 78' lang='grc' dir='ltr'><strong><em>τοῖν</em></strong></span> <span class='ocrx_word' id='word_1_723' title='bbox 935 5403 962 5453; x_wconf 74' lang='grc' dir='ltr'><strong><em>δὲ</em></strong></span> <span class='ocrx_word' id='word_1_724' title='bbox 980 5403 1069 5473; x_wconf 64' lang='lat' dir='ltr'><strong>pleone</strong></span> <span class='ocrx_word' id='word_1_725' title='bbox 1085 5401 1153 5450; x_wconf 84' lang='grc' dir='ltr'><strong><em>τιτλ.</em></strong></span> <span class='ocrx_word' id='word_1_726' title='bbox 1172 5397 1207 5448; x_wconf 86' lang='grc' dir='ltr'><strong><em>α’.</em></strong></span> <span class='ocrx_word' id='word_1_727' title='bbox 1227 5399 1278 5461; x_wconf 83' lang='grc' dir='ltr'><strong><em>διγ.</em></strong></span> <span class='ocrx_word' id='word_1_728' title='bbox 1297 5397 1348 5462; x_wconf 77' lang='grc' dir='ltr'><strong><em>νβ’.</em></strong></span> <span class='ocrx_word' id='word_1_729' title='bbox 1384 5403 1554 5466; x_wconf 79' lang='lat' dir='ltr'><strong>significatur</strong></span> <span class='ocrx_word' id='word_1_730' title='bbox 1571 5409 1659 5455; x_wconf 81' lang='lat' dir='ltr'><strong>nutem</strong></span> <span class='ocrx_word' id='word_1_731' title='bbox 1677 5406 1736 5470; x_wconf 84' lang='lat' dir='ltr'><strong>llig.</strong></span> <span class='ocrx_word' id='word_1_732' title='bbox 1753 5407 1827 5458; x_wconf 84' lang='lat' dir='ltr'><strong>xlx.</strong></span> <span class='ocrx_word' id='word_1_733' title='bbox 1847 5407 1871 5457; x_wconf 88' lang='lat'><strong><em>1.</em></strong></span> <span class='ocrx_word' id='word_1_734' title='bbox 1889 5405 1923 5457; x_wconf 89' lang='lat' dir='ltr'><strong><em>fr.</em></strong></span> <span class='ocrx_word' id='word_1_735' title='bbox 1941 5408 1987 5458; x_wconf 72' lang='lat'><strong><em>58.</em></strong></span> <span class='ocrx_word' id='word_1_736' title='bbox 2005 5406 2033 5466; x_wconf 73' lang='lat' dir='ltr'><strong><em>S.</em></strong></span> <span class='ocrx_word' id='word_1_737' title='bbox 2050 5407 2077 5456; x_wconf 73' lang='grc'><strong><em>2.</em></strong></span> <span class='ocrx_word' id='word_1_738' title='bbox 2132 5407 2192 5472; x_wconf 72' lang='grc'><strong><em>23)</em></strong></span> <span class='ocrx_word' id='word_1_739' title='bbox 2214 5409 2277 5460; x_wconf 82' lang='lat' dir='ltr'><strong>Co-</strong></span> 
     </span>
     <span class='ocr_line' id='line_1_55' title="bbox 395 5466 2275 5559; baseline -0.001 -33"><span class='ocrx_word' id='word_1_740' title='bbox 395 5477 446 5526; x_wconf 84' lang='lat' dir='ltr'><strong><em>dex</em></strong></span> <span class='ocrx_word' id='word_1_741' title='bbox 465 5474 525 5544; x_wconf 81' lang='grc' dir='ltr'><strong><em>περὶ</em></strong></span> <span class='ocrx_word' id='word_1_742' title='bbox 540 5475 648 5559; x_wconf 75' lang='grc' dir='ltr'><strong><em>βληθέν.</em></strong></span> <span class='ocrx_word' id='word_1_743' title='bbox 723 5475 774 5533; x_wconf 75' lang='grc'><strong><em>26)</em></strong></span> <span class='ocrx_word' id='word_1_744' title='bbox 790 5474 881 5524; x_wconf 80' lang='lat' dir='ltr'><strong>Codex</strong></span> <span class='ocrx_word' id='word_1_745' title='bbox 898 5471 983 5542; x_wconf 71' lang='grc' dir='ltr'><strong><em>προίξ.</em></strong></span> <span class='ocrx_word' id='word_1_746' title='bbox 1069 5467 1116 5530; x_wconf 74' lang='lat'><strong><em>27)</em></strong></span> <span class='ocrx_word' id='word_1_747' title='bbox 1134 5466 1224 5518; x_wconf 81' lang='lat' dir='ltr'><strong>Codex</strong></span> <span class='ocrx_word' id='word_1_748' title='bbox 1242 5466 1345 5546; x_wconf 64' lang='lat' dir='ltr'><strong>confice.</strong></span> <span class='ocrx_word' id='word_1_749' title='bbox 1433 5471 1482 5535; x_wconf 78' lang='lat'><strong><em>28)</em></strong></span> <span class='ocrx_word' id='word_1_750' title='bbox 1500 5472 1557 5522; x_wconf 85' lang='lat' dir='ltr'><strong><em>floo</em></strong></span> <span class='ocrx_word' id='word_1_751' title='bbox 1574 5472 1635 5522; x_wconf 90' lang='lat' dir='ltr'><strong>looo</strong></span> <span class='ocrx_word' id='word_1_752' title='bbox 1652 5470 1687 5540; x_wconf 75' lang='grc' dir='ltr'><strong><em>μὴ</em></strong></span> <span class='ocrx_word' id='word_1_753' title='bbox 1704 5469 1804 5555; x_wconf 79' lang='grc' dir='ltr'><strong><em>ἄπυρος</em></strong></span> <span class='ocrx_word' id='word_1_754' title='bbox 1821 5475 1872 5538; x_wconf 78' lang='lat' dir='ltr'><strong>legl</strong></span> <span class='ocrx_word' id='word_1_755' title='bbox 1889 5475 1984 5524; x_wconf 79' lang='lat' dir='ltr'><strong>suadet</strong></span> <span class='ocrx_word' id='word_1_756' title='bbox 2000 5476 2070 5527; x_wconf 70' lang='lat' dir='ltr'><strong>Not·</strong></span> <span class='ocrx_word' id='word_1_757' title='bbox 2088 5475 2133 5526; x_wconf 74' lang='grc'><strong><em>97.</em></strong></span> <span class='ocrx_word' id='word_1_758' title='bbox 2151 5489 2223 5540; x_wconf 69' lang='grc' dir='ltr'><strong><em>αρτ.</em></strong></span> <span class='ocrx_word' id='word_1_759' title='bbox 2246 5481 2275 5528; x_wconf 78' lang='grc'><strong><em>5.</em></strong></span> 
     </span>
     <span class='ocr_line' id='line_1_56' title="bbox 394 5531 2281 5610; baseline -0.001 -17"><span class='ocrx_word' id='word_1_760' title='bbox 394 5545 538 5606; x_wconf 85' lang='grc' dir='ltr'><strong><em>τηνικαῦτα</em></strong></span> <span class='ocrx_word' id='word_1_761' title='bbox 555 5561 591 5610; x_wconf 80' lang='grc' dir='ltr'><strong><em>μη</em></strong></span> <span class='ocrx_word' id='word_1_762' title='bbox 609 5543 698 5594; x_wconf 80' lang='grc' dir='ltr'><strong><em>πλεῖον</em></strong></span> <span class='ocrx_word' id='word_1_763' title='bbox 715 5537 908 5604; x_wconf 68' lang='grc' dir='ltr'><strong><em>ἀναγκάζεσθαι</em></strong></span> <span class='ocrx_word' id='word_1_764' title='bbox 927 5537 1036 5599; x_wconf 83' lang='grc' dir='ltr'><strong><em>διδόναι,</em></strong></span> <span class='ocrx_word' id='word_1_765' title='bbox 1054 5559 1088 5570; x_wconf 89' lang='grc'><strong><em>·-·</em></strong></span> <span class='ocrx_word' id='word_1_766' title='bbox 1106 5531 1130 5583; x_wconf 79' lang='grc' dir='ltr'><strong><em>εἰ</em></strong></span> <span class='ocrx_word' id='word_1_767' title='bbox 1145 5532 1181 5600; x_wconf 76' lang='grc' dir='ltr'><strong><em>μὴ</em></strong></span> <span class='ocrx_word' id='word_1_768' title='bbox 1201 5532 1263 5583; x_wconf 81' lang='grc' dir='ltr'><strong><em>καθ’</em></strong></span> <span class='ocrx_word' id='word_1_769' title='bbox 1284 5531 1346 5585; x_wconf 84' lang='grc' dir='ltr'><strong><em>όσσκ</em></strong></span> <span class='ocrx_word' id='word_1_770' title='bbox 1363 5531 1378 5601; x_wconf 79' lang='grc' dir='ltr'><strong><em>ἡ</em></strong></span> <span class='ocrx_word' id='word_1_771' title='bbox 1395 5539 1443 5604; x_wconf 81' lang='grc' dir='ltr'><strong><em>τῆς</em></strong></span> <span class='ocrx_word' id='word_1_772' title='bbox 1459 5539 1611 5609; x_wconf 80' lang='grc' dir='ltr'><strong><em>περιουσίας</em></strong></span> <span class='ocrx_word' id='word_1_773' title='bbox 1629 5538 1714 5591; x_wconf 77' lang='grc' dir='ltr'><strong><em>αὐτοῦ</em></strong></span> <span class='ocrx_word' id='word_1_774' title='bbox 1740 5540 1852 5598; x_wconf 77' lang='grc' dir='ltr'><strong><em>δυναται</em></strong></span> <span class='ocrx_word' id='word_1_775' title='bbox 1873 5541 1989 5602; x_wconf 67' lang='grc' dir='ltr'><strong><em>δύναμιν.</em></strong></span> <span class='ocrx_word' id='word_1_776' title='bbox 2091 5541 2141 5599; x_wconf 71' lang='grc'><strong><em>33)</em></strong></span> <span class='ocrx_word' id='word_1_777' title='bbox 2168 5543 2281 5596; x_wconf 81' lang='lat' dir='ltr'><strong>Codex</strong></span> 
     </span>
     <span class='ocr_line' id='line_1_57' title="bbox 395 5600 2279 5680; baseline 0.001 -20"><span class='ocrx_word' id='word_1_778' title='bbox 395 5611 439 5661; x_wconf 76' lang='grc' dir='ltr'><strong><em>καὶ</em></strong></span> <span class='ocrx_word' id='word_1_779' title='bbox 464 5609 603 5680; x_wconf 76' lang='grc' dir='ltr'><strong><em>ἐξαίρετον.</em></strong></span> <span class='ocrx_word' id='word_1_780' title='bbox 706 5607 752 5675; x_wconf 81' lang='grc'><strong><em>30)</em></strong></span> <span class='ocrx_word' id='word_1_781' title='bbox 773 5607 863 5662; x_wconf 82' lang='lat' dir='ltr'><strong>Codex</strong></span> <span class='ocrx_word' id='word_1_782' title='bbox 886 5608 1027 5677; x_wconf 81' lang='grc' dir='ltr'><strong><em>περιίστιν.</em></strong></span> <span class='ocrx_word' id='word_1_783' title='bbox 1130 5600 1175 5665; x_wconf 83' lang='grc'><strong><em>31)</em></strong></span> <span class='ocrx_word' id='word_1_784' title='bbox 1200 5601 1292 5652; x_wconf 78' lang='lat' dir='ltr'><strong>Codex</strong></span> <span class='ocrx_word' id='word_1_785' title='bbox 1315 5605 1407 5655; x_wconf 80' lang='grc' dir='ltr'><strong><em>τελεῖα.</em></strong></span> <span class='ocrx_word' id='word_1_786' title='bbox 1500 5605 1547 5669; x_wconf 78' lang='grc'><strong><em>32)</em></strong></span> <span class='ocrx_word' id='word_1_787' title='bbox 1573 5606 1669 5670; x_wconf 78' lang='lat' dir='ltr'><strong>laotprt</strong></span> <span class='ocrx_word' id='word_1_788' title='bbox 1690 5609 1737 5658; x_wconf 89' lang='lat' dir='ltr'><strong>tol.</strong></span> <span class='ocrx_word' id='word_1_789' title='bbox 1764 5608 1824 5660; x_wconf 84' lang='grc'><strong><em>138.</em></strong></span> <span class='ocrx_word' id='word_1_790' title='bbox 1846 5611 1874 5660; x_wconf 86' lang='lat' dir='ltr'><strong><em>B.</em></strong></span> <span class='ocrx_word' id='word_1_791' title='bbox 1977 5609 2023 5675; x_wconf 89' lang='grc'><strong><em>33)</em></strong></span> <span class='ocrx_word' id='word_1_792' title='bbox 2040 5609 2094 5660; x_wconf 83' lang='lat' dir='ltr'><strong>Pro</strong></span> <span class='ocrx_word' id='word_1_793' title='bbox 2118 5608 2145 5660; x_wconf 76' lang='lat' dir='ltr'><strong><em>dd</em></strong></span> <span class='ocrx_word' id='word_1_794' title='bbox 2167 5613 2279 5664; x_wconf 81' lang='lat' dir='ltr'><strong>Codex</strong></span> 
     </span>
     <span class='ocr_line' id='line_1_58' title="bbox 396 5665 2277 5746; baseline 0.001 -18"><span class='ocrx_word' id='word_1_795' title='bbox 396 5679 474 5729; x_wconf 83' lang='lat' dir='ltr'><strong>habet</strong></span> <span class='ocrx_word' id='word_1_796' title='bbox 495 5677 530 5727; x_wconf 82' lang='lat' dir='ltr'><strong><em>de.</em></strong></span> <span class='ocrx_word' id='word_1_797' title='bbox 633 5675 682 5739; x_wconf 76' lang='lat'><strong><em>84)</em></strong></span> <span class='ocrx_word' id='word_1_798' title='bbox 706 5677 796 5728; x_wconf 79' lang='lat' dir='ltr'><strong>Codex</strong></span> <span class='ocrx_word' id='word_1_799' title='bbox 813 5673 888 5727; x_wconf 84' lang='grc' dir='ltr'><strong><em>σύσα.</em></strong></span> <span class='ocrx_word' id='word_1_800' title='bbox 991 5671 1037 5742; x_wconf 71' lang='lat' dir='ltr'><strong>dd)</strong></span> <span class='ocrx_word' id='word_1_801' title='bbox 1059 5668 1149 5720; x_wconf 76' lang='lat' dir='ltr'><strong>Codex</strong></span> <span class='ocrx_word' id='word_1_802' title='bbox 1171 5665 1270 5720; x_wconf 83' lang='grc' dir='ltr'><strong><em>ἀδιίαν.</em></strong></span> <span class='ocrx_word' id='word_1_803' title='bbox 1375 5673 1421 5732; x_wconf 82' lang='grc'><strong><em>36)</em></strong></span> <span class='ocrx_word' id='word_1_804' title='bbox 1446 5674 1500 5724; x_wconf 86' lang='lat' dir='ltr'><strong>Pro</strong></span> <span class='ocrx_word' id='word_1_805' title='bbox 1525 5671 1628 5738; x_wconf 78' lang='grc' dir='ltr'><strong><em>ἀγωγὴν</em></strong></span> <span class='ocrx_word' id='word_1_806' title='bbox 1650 5674 1741 5726; x_wconf 81' lang='lat' dir='ltr'><strong>Codex</strong></span> <span class='ocrx_word' id='word_1_807' title='bbox 1764 5678 1842 5728; x_wconf 79' lang='lat' dir='ltr'><strong>sanet</strong></span> <span class='ocrx_word' id='word_1_808' title='bbox 1863 5674 1934 5746; x_wconf 82' lang='grc' dir='ltr'><strong><em>ἀγρ”.</em></strong></span> <span class='ocrx_word' id='word_1_809' title='bbox 2038 5677 2087 5739; x_wconf 85' lang='grc'><strong><em>37)</em></strong></span> <span class='ocrx_word' id='word_1_810' title='bbox 2111 5677 2170 5729; x_wconf 84' lang='lat' dir='ltr'><strong>Pro</strong></span> <span class='ocrx_word' id='word_1_811' title='bbox 2196 5677 2277 5742; x_wconf 74' lang='grc' dir='ltr'><strong><em>ἀγει-</em></strong></span> 
     </span>
     <span class='ocr_line' id='line_1_59' title="bbox 396 5731 2282 5812; baseline 0.001 -17"><span class='ocrx_word' id='word_1_812' title='bbox 396 5749 443 5812; x_wconf 80' lang='grc' dir='ltr'><strong><em>γῆς</em></strong></span> <span class='ocrx_word' id='word_1_813' title='bbox 460 5746 549 5796; x_wconf 82' lang='lat' dir='ltr'><strong>codex</strong></span> <span class='ocrx_word' id='word_1_814' title='bbox 565 5746 644 5795; x_wconf 87' lang='lat' dir='ltr'><strong>hahet</strong></span> <span class='ocrx_word' id='word_1_815' title='bbox 668 5731 738 5807; x_wconf 62' lang='lat' dir='ltr'><strong>dyd&#39;.</strong></span> <span class='ocrx_word' id='word_1_816' title='bbox 824 5746 870 5808; x_wconf 78' lang='lat' dir='ltr'><strong><em>ee)</em></strong></span> <span class='ocrx_word' id='word_1_817' title='bbox 888 5745 939 5795; x_wconf 86' lang='lat' dir='ltr'><strong>Pro</strong></span> <span class='ocrx_word' id='word_1_818' title='bbox 959 5739 974 5808; x_wconf 80' lang='grc' dir='ltr'><strong><em>ι)</em></strong></span> <span class='ocrx_word' id='word_1_819' title='bbox 991 5739 1082 5792; x_wconf 81' lang='lat' dir='ltr'><strong>Codex</strong></span> <span class='ocrx_word' id='word_1_820' title='bbox 1100 5737 1178 5786; x_wconf 83' lang='lat' dir='ltr'><strong>habet</strong></span> <span class='ocrx_word' id='word_1_821' title='bbox 1194 5733 1225 5786; x_wconf 82' lang='grc' dir='ltr'><strong><em>εί.</em></strong></span> <span class='ocrx_word' id='word_1_822' title='bbox 1310 5738 1357 5804; x_wconf 78' lang='lat' dir='ltr'><strong>oo)</strong></span> <span class='ocrx_word' id='word_1_823' title='bbox 1374 5739 1465 5792; x_wconf 82' lang='lat' dir='ltr'><strong>codex</strong></span> <span class='ocrx_word' id='word_1_824' title='bbox 1484 5743 1561 5792; x_wconf 82' lang='lat' dir='ltr'><strong>habet</strong></span> <span class='ocrx_word' id='word_1_825' title='bbox 1575 5741 1630 5799; x_wconf 59' lang='lat'><strong><em>5375.</em></strong></span> <span class='ocrx_word' id='word_1_826' title='bbox 1711 5743 1762 5806; x_wconf 75' lang='lat' dir='ltr'><strong><em>to)</em></strong></span> <span class='ocrx_word' id='word_1_827' title='bbox 1780 5745 1872 5810; x_wconf 84' lang='lat' dir='ltr'><strong>Incipit</strong></span> <span class='ocrx_word' id='word_1_828' title='bbox 1888 5745 1935 5794; x_wconf 86' lang='lat' dir='ltr'><strong>fol.</strong></span> <span class='ocrx_word' id='word_1_829' title='bbox 1955 5743 2016 5796; x_wconf 81' lang='lat' dir='ltr'><strong>loe.</strong></span> <span class='ocrx_word' id='word_1_830' title='bbox 2034 5745 2065 5794; x_wconf 82' lang='grc' dir='ltr'><strong><em>Δ.</em></strong></span> <span class='ocrx_word' id='word_1_831' title='bbox 2131 5745 2196 5810; x_wconf 78' lang='lat'><strong><em>41)</em></strong></span> <span class='ocrx_word' id='word_1_832' title='bbox 2218 5749 2282 5798; x_wconf 83' lang='lat' dir='ltr'><strong><em>Pru</em></strong></span> 
     </span>
     <span class='ocr_line' id='line_1_60' title="bbox 396 5787 2282 5932; baseline 0.001 -69"><span class='ocrx_word' id='word_1_833' title='bbox 396 5812 523 5932; x_wconf 57' lang='grc' dir='ltr'><strong><em>ἒηάἀιυτάἔ</em></strong></span> <span class='ocrx_word' id='word_1_834' title='bbox 537 5811 632 5932; x_wconf 37' lang='lat' dir='ltr'><strong>gelid?</strong></span> <span class='ocrx_word' id='word_1_835' title='bbox 649 5808 881 5932; x_wconf 57' lang='grc' dir='ltr'><strong><em>Ιηαλιεδύίύτίθευτῶν.</em></strong></span> <span class='ocrx_word' id='word_1_836' title='bbox 950 5807 997 5874; x_wconf 72' lang='grc'><strong><em>42)</em></strong></span> <span class='ocrx_word' id='word_1_837' title='bbox 1015 5807 1055 5859; x_wconf 81' lang='lat' dir='ltr'><strong><em>sd</em></strong></span> <span class='ocrx_word' id='word_1_838' title='bbox 1072 5807 1219 5871; x_wconf 67' lang='lat' dir='ltr'><strong>marginem</strong></span> <span class='ocrx_word' id='word_1_839' title='bbox 1236 5803 1342 5858; x_wconf 81' lang='lat' dir='ltr'><strong>codicis</strong></span> <span class='ocrx_word' id='word_1_840' title='bbox 1359 5802 1412 5884; x_wconf 71' lang='grc' dir='ltr'><strong><em>1γηῖ</em></strong></span> <span class='ocrx_word' id='word_1_841' title='bbox 1481 5809 1530 5875; x_wconf 78' lang='lat' dir='ltr'><strong>lo)</strong></span> <span class='ocrx_word' id='word_1_842' title='bbox 1547 5787 1638 5864; x_wconf 70' lang='lat' dir='ltr'><strong>Codex</strong></span> <span class='ocrx_word' id='word_1_843' title='bbox 1654 5809 1800 5880; x_wconf 82' lang='grc' dir='ltr'><strong><em>πρσγάμου.</em></strong></span> <span class='ocrx_word' id='word_1_844' title='bbox 1876 5812 1925 5875; x_wconf 76' lang='lat'><strong><em>44)</em></strong></span> <span class='ocrx_word' id='word_1_845' title='bbox 1942 5813 1996 5864; x_wconf 80' lang='lat' dir='ltr'><strong>Pro</strong></span> <span class='ocrx_word' id='word_1_846' title='bbox 2012 5809 2054 5862; x_wconf 77' lang='grc' dir='ltr'><strong><em>ἀεὶ</em></strong></span> <span class='ocrx_word' id='word_1_847' title='bbox 2072 5813 2116 5862; x_wconf 78' lang='grc' dir='ltr'><strong><em>καὶ</em></strong></span> <span class='ocrx_word' id='word_1_848' title='bbox 2132 5810 2282 5872; x_wconf 51' lang='lat' dir='ltr'><strong>&amp;nabun</strong></span> 
     </span>
     <span class='ocr_line' id='line_1_61' title="bbox 419 5893 807 5938; baseline -0.003 -6"><span class='ocrx_word' id='word_1_849' title='bbox 419 5895 486 5932; x_wconf 79' lang='lat' dir='ltr'><strong><em>oex</em></strong></span> <span class='ocrx_word' id='word_1_850' title='bbox 519 5893 535 5932; x_wconf 82' lang='lat' dir='ltr'><strong><em>a</em></strong></span> <span class='ocrx_word' id='word_1_851' title='bbox 612 5896 699 5938; x_wconf 85' lang='grc' dir='ltr'><strong><em>ικαιιις</em></strong></span> <span class='ocrx_word' id='word_1_852' title='bbox 714 5897 732 5929; x_wconf 90' lang='grc' dir='ltr'><strong><em>α</em></strong></span> <span class='ocrx_word' id='word_1_853' title='bbox 766 5898 807 5937; x_wconf 83' lang='grc' dir='ltr'><strong><em>υς.</em></strong></span> 
     </span>
    </p>
   </div>
   <div class='ocr_carea' id='block_1_11' title="bbox 0 0 2396 7063">
    <p class='ocr_par' dir='ltr' id='par_1_11' title="bbox 0 0 2396 7063">
     <span class='ocr_line' id='line_1_62' title="bbox 0 0 2396 7063; baseline 0 0"><span class='ocrx_word' id='word_1_854' title='bbox 0 0 2396 7063; x_wconf 95' lang='lat' dir='ltr'><strong><em> </em></strong></span> 
     </span>
    </p>
   </div>
  </div>
 </body>
</html>
