4864 7070
961 587 1300 661 cannula
2024 607 2058 654 u

199 772 415 861 significatur,
436 791 519 861 quae
540 779 576 840 et
596 773 682 840 inter
702 773 787 840 tituli
808 771 845 840 3.
867 777 1023 862 paratitlo
1044 777 1077 863 fi.
1099 774 1136 842 8.
1160 777 1306 843 habetur.
1348 772 1468 840 Verum
1489 790 1530 838 ea
1551 773 1726 862 sententia,
1747 793 1830 861 qnae
1851 774 1912 840 boc
1927 775 1997 842 loco
2011 795 2055 842 ea

197 895 238 942 ea
259 875 488 942 constitutione
517 876 624 941 relata
643 881 713 959 est,
733 874 755 940 I.
778 875 799 939 l.
824 877 1043 960 paratitlorum
1065 897 1128 944 non
1150 879 1303 958 habetor,
1325 875 1461 941 habetur
1488 880 1594 940 autem
1622 876 1672 939 tit.
1695 873 1732 939 8.
1754 883 1858 941 const.
1882 874 1918 940 a.
1960 879 2056 944 Unde
2085 940 2090 949 .

197 977 296 1060 igitur
323 977 552 1042 nomocanonis
573 976 723 1062 scriptori
744 976 786 1041 de
808 997 849 1043 ca
870 997 906 1043 re
927 985 1079 1044 constare
1100 980 1213 1065 potuit,
1234 978 1298 1042 nisi
1319 977 1392 1062 ipse
1413 975 1587 1040 Athanasii
1607 975 1690 1041 liber
1710 977 1742 1040 ei
1763 977 1804 1042 ad
1825 997 1952 1042 manum
1973 979 2058 1044 iuis-

199 1067 278 1142 seri
301 1077 394 1144 Ilaec
407 1077 522 1142 cadem
535 1098 590 1143 res
603 1095 647 1144 ex
661 1076 746 1140 tituli
764 1075 824 1142 13.
839 1097 909 1164 cop.
925 1076 960 1144 a.
975 1101 1006 1166 p.
1025 1077 1141 1146 1⁰64.
1149 1079 1363 1146 demonstrari
1375 1093 1475 1162 posse
1496 1074 1632 1142 ridetur.
1655 1076 1702 1140 Ibi
1716 1077 1798 1144 haec
1809 1077 1980 1144 habentur:
2002 1083 2059 1144 acl
2135 1126 2141 1141 .

198 1173 248 1242 ὅτι
271 1179 454 1258 ίαίρετικιὶ)
483 1184 517 1242 ἐν
545 1180 738 1262 δικαστηρίῳ
767 1175 806 1242 οὑ
831 1184 1133 1266 καταμαρτυροῦσιν
1155 1175 1357 1260 ὀρθοὸόξοα,
1384 1183 1411 1241 εἰ
1432 1176 1475 1258 μὴ
1496 1182 1541 1250 είς
1560 1175 1785 1260 βουλευτήριον
1807 1177 1988 1262 ὀρίιόὸοξος
2004 1175 2057 1244 ἕλ-

197 1299 301 1363 κοιτο,
321 1275 363 1352 ὡς
384 1278 465 1341 duur.
487 1273 529 1361 β.
552 1280 611 1342 τοῦ
631 1274 670 1355 η’.
693 1281 804 1344 sirloc
824 1282 888 1343 τῶν
908 1284 1037 1367 νεαρῶν.
1081 1282 1153 1348 IIoc
1174 1281 1245 1346 Ioco
1262 1281 1346 1346 satis
1366 1285 1479 1364 aperte
1500 1278 1698 1362 significatur
1714 1279 1878 1344 sententia
1894 1281 2058 1346 exAtba-

198 1395 268 1442 uas.
293 1378 344 1442 tit.
366 1375 403 1442 8.
427 1385 530 1443 const.
554 1376 738 1472 ibvbausta,
759 1369 924 1466 sed'quae
943 1382 977 1447 in
999 1381 1353 1448 Pseudo-Balsamonis
1375 1380 1480 1462 legum
1501 1397 1636 1464 corpore
1657 1379 1833 1446 relatanon
1855 1385 1919 1446 cst.
1963 1380 2058 1460 Quae

197 1497 270 1542 cum
291 1479 339 1544 ita
360 1497 438 1544 sese
459 1479 618 1567 babeant,
644 1479 743 1546 facile
764 1487 817 1546 est
837 1481 881 1546 ad
902 1483 1149 1560 coniicIeudum,
1178 1484 1281 1568 ipsum
1309 1479 1482 1546 Athanasii
1509 1477 1622 1542 librum
1650 1481 1878 1546 nomocanonis
1906 1483 2057 1566 scriptori

196 1598 294 1664 quam
321 1582 460 1646 maximo
488 1580 561 1646 usui
581 1581 691 1646 luisse.
736 1579 828 1660 Quae
849 1584 1033 1649 coniectura
1054 1585 1084 1650 si
1103 1603 1167 1650 nou
1189 1582 1373 1667 displiceat,
1394 1599 1445 1666 ea,
1466 1595 1548 1664 quae
1569 1577 1673 1644 adhuc
1695 1581 1850 1667 diximus,
1873 1583 1978 1648 omnia
1998 1583 2056 1646 mi-

198 1699 274 1746 rum
297 1681 329 1745 in
350 1679 476 1746 modum
497 1687 531 1747 et
553 1681 794 1746 illustrabuntur
815 1688 850 1748 et
871 1685 963 1769 quasi
976 1685 1113 1769 quodam
1129 1681 1520 1750 lumineilluminabuntur.
1563 1681 1614 1744 Ac
1629 1681 1761 1766 primum
1773 1683 1898 1768 quidem
1910 1703 1960 1771 ca,
1976 1702 2059 1769 quae

198 1779 241 1846 de
271 1782 426 1867 peculiari
453 1779 673 1846 ivorenrmrm
697 1783 794 1870 libro,
826 1803 888 1870 quo
914 1785 944 1849 is
972 1787 1113 1870 scriptor
1138 1805 1217 1851 usus
1245 1790 1315 1868 est,
1348 1779 1503 1866 diximus,
1541 1799 1611 1844 cum
1639 1781 1810 1848 Athanasii
1840 1803 1938 1870 opere
1973 1789 2057 1854 omui

198 1901 242 1947 ex
264 1888 360 1967 parte
382 1882 585 1948 conveniunt.
627 1882 772 1970 Deinde,
794 1901 865 1950 cum
885 1885 1013 1952 aliunde
1041 1887 1134 1952 nobis
1155 1889 1284 1950 constet
1304 1885 1407 1967 ipsum
1429 1882 1655 1946 nomocanonis
1673 1887 1863 1968 scriptorem
1883 1887 2060 1952 Iustiniana

201 1978 324 2048 Codice
353 1981 567 2068 Digestisque
589 1982 726 2068 integris
747 2005 839 2050 usum
861 2005 959 2074 esse,
985 2007 1050 2052 nou
1079 1988 1129 2052 his
1157 1985 1237 2050 solis
1260 2003 1367 2050 eorum
1388 1982 1536 2047 librorum
1558 1984 1722 2070 partibus,
1750 2005 1832 2071 qaae
1854 1988 1887 2052 in
1907 1987 2059 2054 Pseudo·

196 2082 410 2148 BalsamonIs
430 2102 565 2170 corpore
585 2090 739 2168 receptae
760 2092 890 2152 suntet
919 2088 1098 2154 collocatae
1115 2081 1161 2176 ¹),
1190 2105 1246 2150 cur
1266 2105 1330 2150 non
1352 2083 1488 2148 eundem
1514 2083 1643 2166 integro
1671 2086 1845 2152 Athanasii
1865 2088 1945 2153 libro
1966 2109 2058 2154 osum

199 2203 280 2252 esse
302 2191 502 2269 statuamnS,
529 2202 598 2248 cum
619 2189 812 2269 praesertim
835 2187 963 2274 laudet,
984 2207 1067 2274 quae
1088 2187 1120 2252 in
1142 2183 1495 2250 Pseudo-Balsamonis
1517 2203 1652 2268 corpore
1674 2186 1769 2270 plane
1791 2206 1854 2252 non
1876 2182 2058 2255 habentur?

199 2282 260 2350 Sic
279 2283 419 2371 denique
440 2303 557 2350 caussa
578 2284 722 2352 redditur
743 2288 826 2353 satis
847 2288 976 2376 idonea,
997 2307 1097 2374 quare
1120 2287 1328 2352 Novellarum
1358 2285 1442 2350 tituli
1463 2291 1497 2350 et
1519 2287 1768 2353 constitutiones
1789 2308 1808 2352 a
1830 2293 2058 2356 nomocanonis

199 2385 360 2472 scriptore
381 2386 533 2452 laudatae
554 2404 624 2450 cum
646 2387 872 2455 Athanasiano
895 2409 993 2474 opere
1015 2407 1143 2473 semper
1164 2389 1278 2473 ubique
1300 2389 1507 2473 conspirent,
1529 2390 1714 2453 sententiae
1736 2389 1777 2453 ab
1799 2389 1912 2456 eodem
1934 2393 2058 2458 relatae

200 2505 264 2551 nou
292 2487 382 2551 item.
430 2487 546 2573 Neque
573 2487 656 2552 enim
685 2495 738 2554 est
764 2491 836 2556 veri
863 2489 1031 2576 dissimile,
1057 2490 1148 2574 ipsas
1174 2490 1342 2554 IustinIaoi
1370 2488 1529 2558 Novellae
1558 2489 1598 2552 ab
1628 2487 1718 2552 initio
1739 2509 1809 2555 cum
1832 2492 2057 2558 Athanasiano

199 2587 281 2654 libro
302 2588 364 2652 hoc
386 2586 480 2652 modo
501 2588 603 2653 tuisse
624 2590 822 2678 coniunctas,
842 2595 878 2654 ut
899 2591 1038 2674 epitome
1063 2591 1235 2656 Athanasii
1257 2592 1337 2675 ipsis
1361 2588 1521 2654 Novellae
1541 2588 1653 2653 verbis
1675 2591 1767 2673 quasi
1790 2591 1952 2658 cuiusdam
1969 2613 2058 2658 suru-

198 2687 292 2753 marii
313 2687 384 2752 Ioco
406 2695 664 2772 praetexeretur.
707 2691 792 2756 Nam
814 2698 848 2756 et
871 2686 984 2756 Codex
1007 2691 1220 2778 Bodleiauus,
1248 2691 1301 2776 qui
1322 2689 1417 2756 hodie
1446 2707 1576 2754 numero
1593 2685 1710 2754 339⁰.
1734 2692 1881 2774 signatus
1898 2699 1966 2780 est,
1988 2696 2060 2760 cius

200 2789 249 2852 rei
278 2788 450 2854 manifesta
476 2788 576 2854 babet
605 2791 765 2880 vestigia,
786 2798 840 2878 et,
870 2809 951 2878 quae
973 2791 1081 2858 iactae
1110 2799 1184 2857 sunt
1206 2793 1238 2856 in
1261 2791 1392 2856 Fabroti
1413 2789 1575 2856 codicibus
1596 2795 1824 2876 manuscriptis
1846 2812 1889 2858 ex
1910 2795 2059 2878 genuinis

199 2889 414 2954 Novellarum
435 2889 547 2955 verbis
567 2892 844 2981 interpolationes,
858 2911 930 2958 eam
947 2911 1016 2957 rem
1038 2894 1121 2958 satis
1142 2893 1340 2980 confirmant,
1361 2897 1397 2956 et
1417 2891 1553 2976 deniqne
1576 2892 1794 2976 paratitlorum
1805 2895 1846 2959 ab
1859 2895 1940 2979 ipsis
1951 2895 2060 2961 Atha-

199 2990 287 3054 nasii
308 2989 420 3056 verbis
441 2990 678 3081 discrepantia,
697 3012 780 3078 quae
802 3012 845 3059 ex
867 3012 907 3059 eo
929 2999 1000 3060 orta
1022 3003 1093 3082 est,
1114 2993 1197 3080 quod
1220 2995 1292 3079 ipsa
1313 3011 1356 3057 cx
1377 2993 1514 3075 genuino
1536 2992 1745 3060 Novellarum
1767 3003 1920 3084 contextu
1942 2997 2059 3062 hausta
2085 3041 2088 3048 -

199 3091 271 3155 sint
293 3095 327 3156 et
349 3090 532 3181 elaborata,
553 3113 624 3160 cum
646 3101 755 3160 tamen
777 3095 994 3161 AthanasIani
1015 3098 1123 3182 operis
1146 3095 1267 3160 titulum
1290 3101 1325 3160 et
1339 3092 1599 3160 constitutionem
1618 3094 1650 3158 iu
1670 3115 1857 3180 unoquoque
1872 3097 1941 3162 luco
1962 3117 2060 3182 prae-

199 3191 322 3278 ferant,
342 3193 424 3256 satis
445 3194 587 3260 ostendit
607 3197 776 3280 genuinum
798 3197 1044 3282 uniuscuiusque
1065 3196 1225 3262 Novellae
1247 3199 1432 3260 contextum
1454 3213 1525 3258 cum
1539 3195 1675 3277 singulis
1689 3197 1884 3279 singulorum
1900 3198 2058 3264 titulorum

200 3293 482 3358 constitutionibus
509 3295 554 3359 ita
581 3295 684 3361 fuisse
711 3297 909 3364 coniunctum
937 3305 972 3364 et
999 3295 1228 3384 quodammodo
1256 3295 1523 3381 conglutinatum,
1556 3301 1590 3360 ut
1618 3315 1867 3382 unamquamque
1895 3299 2059 3382 epitomen
2142 3294 2168 3321 '¹

200 3393 343 3476 genuina
370 3394 578 3462 Novellarum
605 3397 707 3480 verba
736 3406 959 3484 sequerentur.
1003 3399 1040 3463 In
1071 3397 1301 3484 posterioribus
1330 3395 1431 3462 nostri
1460 3396 1531 3460 libri
1561 3395 1725 3461 codicibus
1746 3399 1974 3483 manuscriptis
1996 3401 2059 3466 hae

200 3494 468 3578 ipsaeNovellae
484 3496 653 3564 brevitatis
668 3517 786 3564 caussa
801 3501 941 3566 omissae
953 3499 1113 3575 videntur,
1136 3517 1206 3564 cum
1228 3503 1263 3564 et
1283 3496 1320 3562 τὸ
1334 3493 1453 3572 πλάτος
1474 3497 1538 3560 τῶν
1551 3499 1671 3582 νεαρῶν
1692 3503 1726 3561 et
1747 3515 1863 3583 corpus
1886 3497 2060 3566 ccxviii

200 3595 235 3658 Ν
238 3594 412 3660 ovellanum
440 3597 587 3682 integras
616 3599 817 3665 exhiberent.
863 3601 945 3666 Tale
980 3600 1195 3666 Albanasiani
1222 3599 1330 3685 operis
1360 3597 1539 3682 exemplar,
1572 3598 1601 3662 si
1632 3598 1799 3664 credamus
1831 3605 2059 3666 nomocanonis
2174 3624 2177 3634 ⁴

201 3697 355 3781 scriptori
383 3713 462 3781 prae
488 3699 632 3764 manibus
661 3699 778 3788 luisse,
807 3721 925 3766 caussa
953 3702 1034 3768 satIs
1062 3701 1179 3766 idonea
1206 3699 1371 3782 reddetur,
1400 3717 1498 3784 quare
1526 3697 1661 3782 singulis
1683 3701 1877 3784 siugrdorum
1899 3703 2060 3768 titulorum

202 3797 528 3882 constitutionumque
552 3801 692 3866 numeris
715 3801 754 3866 ab
777 3819 816 3866 eo
838 3801 976 3868 laudatis
998 3803 1088 3874 satis¹
1103 3802 1275 3868 conveniat
1296 3819 1367 3866 cum
1387 3801 1524 3885 genuino
1546 3799 1717 3865 Athanasii
1738 3802 1837 3889 libro,
1858 3803 1938 3887 ipsis
1952 3811 2060 3869 autcm

203 3897 378 3964 sententiis
403 3896 521 3964 exinde
543 3899 690 3966 deductis
712 3921 776 3966 non
797 3903 884 3968 item.
928 3903 1013 3970 Nam
1034 3904 1097 3969 bae
1125 3902 1251 3989 quidem
1277 3920 1321 3967 ex
1347 3901 1430 3986 ipsis
1458 3899 1668 3968 Novellarum
1689 3903 1819 3991 verbis,
1846 3923 1929 3988 quae
1950 3893 2061 3970 Atha-

202 4000 350 4065 uasiauis
378 4000 526 4084 epitomis
547 4001 693 4067 subiecta
715 4004 856 4092 suerunt,
876 4005 1012 4070 banstae
1033 4011 1109 4070 sunt
1129 4011 1226 4089 atque
1247 4002 1446 4088 compilatae.

292 4103 296 4112 '
332 4099 468 4166 Praeter
490 4101 663 4167 Athanasii
683 4103 794 4170 librum
809 4123 995 4191 ¹corpusque
1017 4102 1188 4170 CLXVIII
1210 4104 1418 4170 Novellarum
1446 4103 1530 4168 idem
1557 4105 1785 4170 nomocanonis
1813 4106 2001 4192 compilator
2028 4114 2064 4173 et

202 4200 561 4268 Pseudo-Balsamonis
590 4206 783 4270 auctoritate
804 4225 882 4270 usus
904 4212 957 4272 est
978 4207 1010 4271 in
1032 4206 1183 4272 Novellis
1204 4205 1372 4271 Iustiniani
1394 4203 1613 4289 designandis.
1656 4203 1714 4270 Sic
1742 4207 1825 4272 enim
1854 4207 1904 4271 tit.
1926 4206 1964 4272 4.
1988 4227 2060 4296 cap.

201 4299 241 4365 4.
266 4321 296 4386 p.
320 4296 410 4365 907.
431 4299 450 4378 ὴ
471 4303 504 4366 δὲ
524 4300 565 4385 ν’.
587 4301 730 4382 διάταξις
756 4307 814 4369 τοῦ
841 4303 879 4386 γ’.
902 4309 1010 4371 τίτλον
1031 4308 1095 4370 τῶν
1122 4307 1261 4392 νεαρῶν,
1285 4303 1328 4388 β.
1352 4294 1435 4370 οὖσα
1455 4307 1524 4390 περὶ
1546 4305 1781 4392 Σαμαρειτῶν,
1809 4317 1936 4388 κειμένη
1966 4311 1999 4374 dd
2026 4315 2061 4374 ἐν

202 4404 251 4486 τῷ
273 4403 357 4484 phprqi
379 4404 442 4466 τών
463 4409 495 4468 ἐν
516 4406 562 4486 rqi
582 4411 797 4491 πατριαρχιίῳ
818 4407 951 4490 βιβλίων
971 4407 1097 4491 βιβλίον
1117 4405 1208 4494 ply',
1228 4407 1373 4484 θεσπίζει
1395 4412 1428 4472 et
1449 4406 1582 4490 relliqua.
1596 4403 1633 4496 ²)
1692 4405 1762 4487 Quo
1790 4407 1860 4472 loco
1883 4408 1965 4475 duae
1986 4411 2020 4473 N
2022 4431 2061 4476 ο-

202 4501 363 4590 cellarum
375 4503 581 4572 collectiones
596 4511 788 4591 separantur
798 4503 846 4596 ³),
866 4509 979 4596 altera,
991 4525 1074 4594 quae
1086 4508 1118 4572 in
1133 4525 1349 4574 nomocanone
1365 4509 1476 4590 νιαριιὶ
1492 4505 1591 4592 audit,
1612 4507 1664 4572 ubi
1683 4505 1765 4574 hacc
1778 4509 1919 4576 Novella
1933 4512 1974 4575 de
1988 4508 2062 4574 Su-

202 4605 336 4670 mrm'tia
349 4606 498 4670 sectanda
519 4625 596 4673 esse
618 4607 752 4693 dIcatur,
773 4607 885 4696 altera,
906 4629 988 4695 quae
1010 4610 1043 4674 iu
1064 4609 1143 4674 libro
1169 4606 1256 4674 133.
1279 4608 1489 4676 bibliothecae
1511 4608 1761 4692 patriarcharum
1783 4607 1955 4700 cistert),
1976 4609 2062 4676 unde

203 4724 246 4770 ea
254 4753 265 4792 ,
286 4723 368 4790 quae
391 4704 545 4792 deinceps
567 4713 757 4795 sequuntur,
778 4708 894 4774 hausta
916 4712 994 4775 sint.
1040 4709 1124 4778 Sunt
1145 4717 1253 4776 autem
1274 4708 1406 4790 eadem,
1427 4727 1510 4794 quae
1532 4707 1690 4774 habentor
1711 4718 1744 4775 et
1766 4712 1798 4776 in
1820 4710 2062 4776 Psecade-Bul-

202 4809 352 4878 snruora'e
372 4807 425 4872 lib.
439 4804 473 4870 3.
500 4809 552 4872 tit.
568 4805 603 4873 3.
627 4816 731 4874 const.
748 4808 782 4873 3.
806 4831 837 4895 p.
864 4808 978 4876 1358.
1022 4811 1067 4876 Ut
1088 4809 1224 4898 proinde
1245 4809 1383 4879 initanto
1396 4812 1565 4876 verborum
1578 4829 1739 4876 consensu
1752 4811 1888 4876 dubitari
1912 4817 2063 4896 nequeat,
2104 4826 2110 4842 ‘

202 4909 280 4994 quin
303 4907 355 4992 qui
376 4907 483 4972 ultimo
504 4908 575 4974 loco
597 4909 796 4994 significatur
817 4911 1028 4978 Novellarum
1049 4911 1130 4978 liber
1150 4909 1234 4977 idem
1256 4911 1311 5000 sit,
1332 4911 1384 4998 qui
1405 4909 1490 4998 apud
1511 4917 1678 4978 nostrates
1692 4911 2062 4978 Pseudo-Bulsrrnrom'a

205 5009 331 5074 nomiae
361 5009 461 5074 venit.

331 5109 463 5196 Restat,
483 5115 519 5174 ut
540 5129 583 5175 cx
604 5111 655 5177 his
677 5113 778 5178 tribus
796 5113 874 5178 iuris
889 5110 995 5178 civilis
1011 5111 1161 5200 fontibus,
1182 5113 1267 5179 unde
1288 5131 1484 5180 uomocauau
1505 5114 1701 5182 Iustinianas
1722 5115 1756 5178 N
1757 5111 1882 5178 avellas
1907 5111 2063 5190 laudavit,

202 5229 290 5296 quos
319 5211 438 5295 primus
460 5214 688 5276 nomocanonis
710 5213 897 5298 compilator
923 5212 1122 5298 adhibuerit,
1143 5233 1224 5300 qnos
1246 5215 1397 5302 PhotiuS,
1424 5217 1536 5302 paucis
1557 5217 1736 5284 vIdeamus.
1780 5211 1873 5292 Quod
1901 5215 1966 5280 etsi
1992 5235 2064 5280 ma-

201 5313 323 5378 ximam
343 5311 461 5376 babeat
482 5311 668 5396 disputandi
690 5312 919 5402 difficultatem,
940 5319 1049 5379 tamen
1071 5321 1105 5380 ct
1127 5313 1168 5380 de
1189 5316 1250 5382 hac
1271 5335 1308 5381 re
1336 5321 1458 5382 certum
1479 5317 1598 5404 aliquid
1619 5316 1725 5381 afferri
1747 5317 1845 5398 posse
1867 5321 1954 5401 puto.
1998 5315 2064 5380 At·

198 5433 267 5502 que
288 5413 313 5477 ii
334 5411 460 5498 quidem
480 5413 552 5496 Ioci,
576 5413 629 5498 qui
650 5433 694 5480 ex
715 5414 890 5480 Athanasii
911 5415 990 5482 libro
1014 5415 1143 5482 deducti
1163 5423 1257 5505 suut,
1278 5419 1319 5484 ab
1341 5418 1473 5506 antiquo
1494 5414 1724 5485 nomocanonis
1746 5413 1904 5500 scriptore
1925 5417 2064 5502 siugulis

308 5634 338 5692 1)
365 5635 553 5686 videlileneri
571 5636 746 5687 libramme
765 5635 990 5688 serentesque
1007 5637 1140 5689 Nouellen
1158 5652 1183 5701 p.
1200 5639 1264 5690 207.
1332 5639 1363 5704 2)
1389 5639 1428 5690 Ile
1445 5641 1496 5688 hoc
1513 5640 1573 5688 Ioco
1590 5633 1791 5698 lagenarium,
1808 5649 1875 5698 quae
1892 5639 2018 5685 Bteuerus
2036 5639 2064 5688 lu

193 5723 284 5772 libro:
305 5719 356 5769 Illo
374 5717 530 5768 Geschlclrte
546 5719 597 5768 der
615 5718 744 5770 Novellae
762 5735 786 5782 p.
805 5722 866 5771 lec.
884 5725 1030 5783 proposuit.
1067 5719 1105 5771 Τὸ
1123 5718 1202 5790 ῥητὸν
1219 5729 1261 5772 est
1278 5718 1486 5790 „conreuaofl
1513 5721 1579 5769 Vide
1596 5718 1726 5770 helinium
1742 5722 1769 5768 In
1786 5721 1915 5783 glossario
1932 5721 2063 5782 Theophi-

193 5809 254 5856 liuo
273 5819 302 5866 p.
323 5801 402 5852 tasi.
419 5804 451 5850 A.
519 5805 549 5862 ³)
566 5803 692 5852 Mhuuas.
710 5806 749 5854 ιιι.
767 5807 793 5853 3.
810 5811 897 5854 coust.
916 5807 942 5853 ³.
1010 5803 1039 5867 1)
1061 5807 1105 5856 stc
1128 5809 1201 5856 euim
1223 5809 1351 5870 loquitur:
1376 5805 1476 5866 ιιιμίιη
1499 5801 1534 5850 dt.
1569 5801 1712 5852 Praeterea
1728 5807 1772 5866 qut
1789 5805 1846 5853 lieri
1865 5808 1967 5870 potutt,
1991 5811 2019 5853 ut
2036 5807 2064 5856 iu

192 5889 291 5941 medio
311 5898 396 5948 opere
413 5887 512 5937 codicis
529 5899 653 5937 numerus
670 5893 828 5953 poneretur,
850 5890 927 5939 ιιιιιο
945 5901 998 5940 ιιι
1015 5891 1096 5955 item,
1112 5893 1164 5942 ιιιι
1181 5891 1306 5941 diversos
1322 5889 1406 5938 Itbros
1422 5887 1473 5934 boc
1488 5885 1550 5936 loco
1566 5886 1720 5948 designatos
1735 5881 1916 5939 arbitremur?

1493 5948 1663 6025 ‚Ga
