4790 7064
370 481 527 604 „xxxva
1112 516 1566 600 raousconnnn

224 661 227 677 Ι
262 773 265 781 ,
297 755 304 774 ·
373 662 502 807 siquid
522 713 678 802 plilitatis
699 711 840 782 indeed
862 710 1120 780 Athanasianmn
1145 707 1259 774 librum
1287 704 1510 791 castigandum
1536 691 1833 790 emendandumque
1854 700 2037 771 redundare
2057 699 2234 792 videretur,

259 839 270 859 ·
373 824 488 908 paucis
516 817 706 904 significavi
751 815 871 882 Verum
897 813 1011 882 modus
1038 809 1111 876 eius
1137 808 1186 876 rei
1214 827 1292 876 esse
1313 805 1435 876 debuit.
1477 806 1596 892 Neque
1616 804 1701 872 euim
1721 804 1839 870 iustum
1861 803 2123 872 commentarium
2149 806 2234 872 scri-

372 923 453 993 bew
473 921 748 1106 viiiiiiltlorum,
781 1033 864 1104 quac
885 988 1021 1097 singulis
1043 1007 1216 1079 Athanasii
1239 1006 1341 1074 titulis
1369 1005 1499 1074 adiecto
1520 1010 1616 1087 sunt,
1649 1004 1781 1072 multum
1802 1021 1881 1072 esse
1902 1003 1935 1068 in
1956 1004 2039 1090 ipsis
2060 1003 2234 1074 Athanasii

371 1123 483 1194 verbis
504 1121 705 1207 castigandis
726 1138 834 1196 usum,
868 1130 1017 1198 magnam
1044 1111 1271 1180 auctoritatem
1291 1107 1440 1194 numquis
1461 1127 1525 1176 non
1552 1098 1689 1174 videat'l
1732 1103 1848 1190 ltaque
1879 1102 1941 1170 hoc
1970 1103 2109 1194 auxilio,
2150 1107 2235 1194 quod

371 1228 443 1296 eius
471 1224 541 1292 lieri
569 1226 702 1310 posset,
733 1218 776 1288 ad
802 1216 874 1282 libri
906 1215 1081 1280 orationem
1112 1219 1147 1280 et
1168 1209 1380 1298 supplendam
1402 1217 1436 1276 et
1464 1206 1687 1294 castigandam
1707 1223 1772 1273 non
1792 1205 1839 1270 ita
1867 1224 1941 1272 raro
1971 1225 2051 1272 usus
2080 1223 2168 1289 sum,
2201 1210 2234 1278 in

269 1342 274 1365 ··
371 1347 435 1415 quo
457 1333 564 1392 tamen
586 1341 646 1410 ea,
666 1338 750 1408 quae
771 1337 842 1402 cap.
863 1315 908 1380 Η.
930 1314 972 1380 de
994 1320 1063 1380 tota
1084 1314 1147 1380 hac
1168 1333 1288 1380 caussa
1309 1312 1474 1400 admonui,
1496 1313 1668 1392 diligenter
1689 1307 1876 1376 observavi.

257 1436 263 1445 ’
308 1470 312 1479 -
364 1465 369 1470 -
497 1424 537 1490 lu
558 1419 759 1490 emendanda
787 1417 892 1484 nostri
912 1415 985 1482 hhri
1005 1415 1151 1480 oratione
1171 1434 1320 1500 magnam
1340 1414 1407 1482 vim
1435 1419 1470 1480 et
1490 1419 1689 1500 potestatem
1710 1409 1823 1476 habuit
1842 1408 2002 1496 genuinus
2023 1409 2234 1478 Novellarum

371 1526 637 1595 constitutionum
658 1526 842 1588 contextus.
886 1515 972 1583 Eum
993 1535 1054 1602 ego
1077 1535 1207 1602 semper
1229 1517 1345 1602 ubique
1367 1513 1515 1602 adhibui,
1552 1519 1635 1600 tum,
1656 1517 1693 1578 ut
1713 1529 1906 1598 perversam
1926 1509 2072 1576 codicum
2092 1512 2234 1598 scriptu-

371 1648 440 1696 ram
467 1627 680 1714 corrigerem,
715 1628 797 1710 tum,
824 1625 877 1710 ut,
911 1637 994 1706 quae
1022 1624 1099 1683 sunt
1126 1617 1324 1704 quonmdam
1351 1617 1496 1684 codicum
1516 1635 1560 1682 ex
1586 1612 1823 1682 recentioribus
1851 1612 1929 1676 iuris
1958 1612 2066 1678 civilis
2094 1611 2235 1680 sontibus

230 1690 242 1750 '‚
370 1729 659 1814 interpolationes,
694 1723 757 1790 hac
790 1721 867 1788 data
888 1718 1016 1788 dicendi
1037 1719 1277 1806 opportunitate
1298 1722 1467 1805 aperirem.
1511 1715 1662 1804 Denique
1684 1713 1798 1782 eodem
1819 1713 1939 1780 auxilio
1961 1720 2014 1780 est
2034 1713 2088 1780 uhi
2109 1713 2152 1780 ad
2174 1732 2236 1782 ex·

299 1853 311 1869 ·
374 1829 513 1917 plaudas
535 1826 656 1894 codicis
678 1822 878 1889 Parisiensis
899 1821 1033 1888 lacunas
1054 1824 1187 1888 nonita
1208 1839 1308 1906 aegre
1330 1840 1409 1884 usus
1431 1821 1503 1886 sim.

498 1926 642 2014 Siquid
670 1944 713 1992 ex
739 1923 870 2008 ingenio
899 1915 1122 2008 corrigendum
1149 1923 1255 1988 visum
1282 1927 1352 2002 est,
1386 1920 1451 1986 leci
1479 1918 1512 1984 id
1540 1917 1668 2006 quidem
1688 1934 1753 1982 non
1775 1913 1913 2002 invitus,
1952 1934 2088 2002 eamque
2114 1935 2182 1984 rem
2203 1919 2236 1984 in

374 2031 461 2098 notis
489 2029 661 2113 diligenter
687 2024 840 2091 indicavi.
883 2023 987 2090 Simul
1015 2030 1123 2091 autem
1150 2025 1249 2090 etiam
1276 2022 1317 2090 de
1348 2023 1477 2089 caussis
1511 2018 1664 2107 exposui,
1697 2034 1779 2104 quae
1806 2033 1858 2081 me
1885 2014 1928 2081 ad
1961 2017 2047 2084 illam
2082 2022 2117 2084 et
2149 2017 2237 2086 illam

375 2132 557 2218 opinionem
571 2126 795 2194 adduxissent.
838 2124 956 2210 Neque
979 2125 1063 2190 enim
1084 2123 1231 2189 volebam
1253 2124 1399 2210 cuiquam
1414 2123 1518 2188 videri
1531 2121 1700 2208 quidquam
1714 2119 1787 2184 sine
1804 2135 1924 2182 caussa
1936 2116 2054 2186 idonea
2064 2120 2237 2206 auspicari.

374 2232 496 2298 Verum
517 2231 569 2296 hio
591 2221 718 2315 quoque
739 2226 852 2293 modus
873 2225 1074 2292 adhibendus
1095 2223 1163 2290 luit.
1206 2221 1281 2288 Erit
1302 2223 1463 2308 fortasse,
1492 2223 1562 2309 qui,
1592 2220 1666 2286 dum
1688 2219 1798 2286 brevis
1819 2236 1897 2284 esse
1917 2217 2043 2306 laboro,
2067 2219 2238 2288 obscurum

374 2351 426 2400 me
454 2350 532 2398 esse
559 2335 686 2414 arguat.
728 2327 764 2392 Is
792 2326 869 2413 quid
898 2326 960 2392 sibi
989 2326 1088 2414 velit,
1123 2325 1195 2410 ipse
1225 2323 1357 2390 viderit.
1401 2323 1519 2409 Neque
1547 2324 1634 2389 enirn
1662 2321 1741 2386 iuris
1768 2338 1880 2405 parum
1906 2321 2060 2386 consultis
2090 2321 2237 2388 scribere

376 2433 463 2520 apud
495 2432 635 2498 animum
666 2429 819 2495 constitui
846 2445 960 2494 meum.
1003 2427 1120 2513 Neque
1148 2425 1230 2492 ullas
1258 2423 1378 2511 protuh
1404 2424 1660 2511 emendationes,
1683 2421 1759 2508 quin
1780 2421 1940 2487 certiores
1963 2421 2069 2488 videri
2093 2425 2235 2509 possint.

375 2533 507 2601 Etenim
535 2551 598 2598 non
626 2536 679 2598 est
706 2531 892 2614 cuiusquam
921 2528 1058 2594 hominis
1084 2527 1255 2613 prudentis
1285 2531 1320 2591 et
1347 2525 1558 2613 considerati,
1592 2525 1698 2590 levem
1727 2523 1934 2588 coniecturae
1961 2541 2071 2592 auram
2092 2531 2240 2612 captare,

376 2654 498 2721 easque
521 2631 778 2717 emendationes,
802 2647 884 2714 quae
906 2629 940 2694 iu
961 2627 1054 2724 aleae
1076 2629 1217 2713 speeiem
1239 2625 1376 2714 cadant,
1409 2627 1444 2692 in
1464 2626 1602 2692 medium
1622 2625 1777 2712 prolerre.
1820 2622 2018 2710 Quamquam
2039 2631 2146 2692 autem
2168 2625 2239 2690 lra-

376 2745 427 2804 ter
447 2735 523 2802 mihi
544 2754 614 2800 oum
637 2732 746 2819 primis
767 2729 906 2795 dilectus
934 2728 995 2794 hoc
1023 2729 1099 2794 mihi
1129 2727 1236 2816 dedit,
1272 2735 1308 2793 ut
1335 2746 1425 2794 meas
1453 2726 1495 2793 de
1523 2725 1677 2792 Basilicis
1698 2725 1907 2792 emendandis
1935 2727 2138 2792 coniecturas
2168 2726 2240 2792 lere

375 2856 487 2906 omnes
518 2833 639 2902 calculo
667 2831 927 2916 comprobaverit
954 2849 1033 2918 suo,
1048 2835 1172 2921 ,nmen
1193 2850 1257 2896 non
1276 2829 1340 2894 hoc
1360 2829 1437 2894 mihi
1459 2847 1549 2893 sumo
1570 2845 1770 2914 arrogoque,
1795 2831 1830 2891 ut
1851 2826 1943 2911 quasi
1967 2825 2126 2913 quandam
2147 2826 2239 2894 divi-

367 2941 541 3007 nationem
562 2935 683 3000 hahere
704 2931 830 2998 videar.
874 2926 966 3010 Quae
989 2930 1018 2994 si
1039 2931 1073 2996 in
1094 2949 1151 3019 eo,
1182 2932 1235 3017 qui
1257 2931 1324 2998 arti
1345 2931 1478 2994 criticae
1499 2934 1533 2994 et
1555 2927 1745 3016 disciplinae
1767 2945 1898 3012 operam
1919 2927 1996 3016 dot,
2025 2933 2135 3014 potest
2157 2946 2241 2996 esse

376 3041 462 3129 ulla,
482 3043 619 3105 naturae
640 3039 694 3100 est
714 3031 791 3097 illud
813 3030 940 3116 quidem
961 3029 1149 3098 beneficium
1170 3036 1204 3098 et
1225 3032 1318 3117 quasi
1339 3029 1495 3116 quaedam
1516 3031 1660 3114 ingenita
1681 3028 1799 3094 homini
1821 3028 1891 3115 vis,
1917 3047 2001 3114 quae
2021 3035 2112 3118 arte,
2132 3027 2241 3094 disci-

376 3142 479 3230 plina,
502 3137 609 3205 studio
632 3134 743 3221 quaeri
763 3133 937 3222 pararique
959 3152 1025 3198 uon
1046 3137 1164 3217 potest.
1208 3131 1324 3217 ltaque
1346 3130 1535 3216 desperatis
1556 3129 1660 3197 nostri
1681 3129 1753 3194 libri
1773 3127 1855 3194 loeis
1875 3130 1971 3197 malui
1999 3129 2098 3217 plane
2118 3130 2241 3196 nullam

375 3243 566 3330 medicinam
594 3236 749 3306 adhibere
779 3252 946 3322 meamque
976 3234 1179 3314 inscientiam
1207 3234 1348 3318 ingenue
1370 3231 1536 3320 confiteri,
1576 3250 1670 3317 quam
1691 3233 1765 3318 ipse
1787 3249 1959 3317 perperam
1979 3231 2142 3318 iudicare,
2177 3250 2241 3316 pro

375 3346 530 3429 verisque
557 3346 614 3407 aut
642 3343 733 3406 certe
762 3333 891 3421 quidem
922 3353 979 3420 pro
1001 3335 1073 3400 veri
1094 3333 1249 3400 similibus
1271 3331 1462 3420 venditare,
1495 3351 1578 3420 quae
1599 3333 1693 3398 iustis
1714 3332 1825 3398 harum
1847 3351 1953 3398 rerum
1973 3331 2243 3400 aestimatoribus

349 3447 480 3514 minus
501 3442 688 3530 probentur.
730 3435 763 3501 N
765 3455 806 3502 on
827 3434 953 3524 dubito,
988 3435 1063 3520 quin
1085 3436 1149 3501 viri
1176 3435 1283 3516 docti,
1320 3434 1375 3520 qui
1401 3433 1485 3498 hanc
1515 3432 1683 3500 Romanae
1714 3431 1987 3519 iurisprudeutiae
2018 3438 2144 3518 partem
2174 3452 2242 3500 ex-

377 3543 544 3614 colentiam
566 3543 765 3626 sumserunt,
793 3537 823 3602 si
844 3555 883 3603 se
903 3535 946 3602 ad
966 3535 1180 3602 Athanasium
1200 3541 1236 3602 et
1257 3533 1482 3620 explicandum
1503 3539 1537 3600 et
1558 3540 1630 3600 arte
1652 3535 1764 3600 critica
1784 3532 2010 3620 expoliendum
2032 3533 2243 3623 contulerint,

376 3647 476 3719 multa
497 3651 531 3711 et
553 3640 739 3730 praeclara,
761 3657 843 3724 quae
865 3657 886 3704 a
906 3657 957 3704 me
980 3655 1044 3703 nec
1065 3635 1294 3704 animadverso
1315 3655 1377 3702 uec
1399 3636 1541 3720 cogitata
1563 3633 1689 3720 quidem
1711 3641 1802 3721 sunt,
1825 3636 1858 3700 in
1880 3633 2017 3700 medium
2037 3634 2104 3700 sint
2125 3635 2244 3720 prola-

376 3748 451 3814 turi.
501 3744 595 3812 Satis
627 3743 691 3808 erit
723 3740 785 3806 hoc
816 3739 887 3805 loeo
923 3739 966 3804 V.
999 3738 1048 3803 Ill.
1087 3737 1226 3804 Bona-t
1262 3739 1475 3822 sagacitatem
1509 3733 1716 3821 praedicare,
1754 3734 1796 3801 ad
1833 3753 1928 3822 quem
1955 3754 2025 3802 cum
2053 3733 2096 3801 de
2126 3737 2245 3804 multis
2376 3759 2377 3834 ᾗ

374 3848 473 3922 rebus
503 3844 706 3930 retulissem,
745 3839 808 3906 hoc
835 3858 965 3926 semper
994 3838 1035 3905 ab
1058 3857 1096 3904 eo
1118 3856 1310 3924 responsum
1330 3838 1406 3916 tuli,
1442 3835 1527 3922 quod
1555 3855 1667 3902 omnes
1697 3837 1833 3904 omnium
1860 3836 2001 3902 locorum
2029 3835 2243 3904 difficultates

376 3948 469 4036 quasi
489 3943 645 4012 divinitus
666 3941 821 4008 solveret.
865 3941 980 4027 Neque
1001 3937 1079 4006 mihi
1100 3938 1220 4006 deesse
1240 3938 1343 4005 voluit
1364 3937 1405 4003 V.
1429 3937 1514 4004 Clar.
1534 3935 1762 4024 Pomnilziua,
1783 3937 1904 4004 amicus
1924 3939 2245 4027 praestantissimus,
2376 3943 2377 4028 ζ

377 4049 486 4114 cuius.
499 4042 744 4112 emendationes
770 4043 804 4108 in
825 4043 911 4107 notis
932 4041 1026 4128 posui
1046 4059 1227 4126 perpaucas
1249 4039 1322 4106 illas
1343 4039 1491 4128 quidem,
1531 4037 1592 4104 sed
1614 4039 1763 4124 optimas.
1806 4035 1956 4123 Denique
1987 4037 2029 4103 V.
2050 4037 2100 4106 Ill.
2123 4035 2244 4104 Stall-

376 4147 548 4253 bacmicf,
585 4163 681 4232 quem
702 4143 743 4210 de
764 4142 953 4230 quibusdam
974 4142 1078 4208 nostri
1105 4141 1178 4206 libri
1209 4141 1288 4206 locis
1310 4139 1537 4207 consulendum
1569 4156 1646 4206 esse
1667 4145 1832 4228 putaram,
1872 4138 2049 4224 desperata
2077 4140 2244 4228 quaedam

377 4247 594 4316 Athanasiani
615 4247 760 4331 corporis
781 4245 918 4311 vulnera
938 4244 1020 4310 mira
1041 4241 1178 4330 quadam
1199 4240 1356 4306 felicitate
1378 4241 1519 4308 sanavit.

422 4427 428 4443 1
502 4347 608 4414 Venio
636 4337 679 4414 ad
706 4347 857 4415 Latinam
878 4345 984 4412 nostri
1014 4343 1087 4410 libri
1107 4340 1302 4408 versionem.
1346 4340 1424 4406 eum
1446 4341 1530 4413 enim
1550 4339 1611 4406 hoc
1632 4339 1709 4408 mihi
1729 4341 1770 4406 ah
1790 4337 1957 4406 Haenelio
1978 4359 2050 4408 meo
2072 4343 2246 4426 negotium

376 4449 492 4525 datm
505 4446 681 4536 vidissem,
717 4453 753 4512 nt
774 4465 899 4534 eorum,
928 4445 984 4530 qui
1003 4443 1131 4528 linguae
1153 4439 1302 4508 Graecae
1324 4460 1389 4506 non
1411 4441 1455 4505 ita
1475 4442 1572 4526 gnari·
1590 4442 1750 4528 peritique
1771 4446 1867 4530 sunt,
1898 4459 2017 4508 caussa
2037 4441 2142 4508 nostri
2163 4443 2249 4510 libri

375 4553 410 4618 in
429 4548 581 4616 Latinum
601 4565 781 4635 sermonem
802 4545 1045 4612 translationem
1066 4541 1274 4630 conticerem,
1300 4542 1358 4606 tali
1379 4547 1533 4627 tantoque
1554 4542 1624 4608 viro
1647 4541 1731 4608 dicto
1753 4541 1887 4608 audiens
1910 4560 1987 4608 esse
2010 4541 2120 4630 malui,
2141 4563 2250 4628 quam

375 4651 438 4717 hoc
458 4647 638 4714 taediosum
658 4667 739 4716 sane
759 4649 880 4714 laboris
901 4665 1005 4730 genus
1027 4643 1222 4709 detrectare.
1265 4641 1395 4729 ltaque,
1417 4643 1549 4708 remotis
1570 4644 1649 4710 iuris
1669 4643 1843 4710 Iustiniani
1864 4643 1971 4730 libris,
1992 4642 2053 4708 hoc
2073 4641 2250 4724 agendum

377 4751 507 4838 putavi,
529 4757 564 4814 ut
582 4724 638 4838 id,
658 4749 744 4834 quod
766 4746 886 4814 Graeci
904 4743 994 4812 κατὰ
1014 4739 1115 4820 πόδας
1136 4748 1311 4830 vocarunt,
1333 4743 1417 4830 quod
1439 4746 1508 4810 eius
1529 4743 1600 4809 fieri
1620 4750 1752 4832 posset,
1774 4744 1908 4810 verbum
1929 4743 2028 4808 verbo
2050 4740 2247 4812 redderem.

375 4850 505 4918 Deinde
540 4849 622 4916 iuris
651 4849 823 4916 Iustiniani
852 4847 952 4916 libros
973 4843 1119 4932 adhibui,
1156 4864 1220 4910 non
1242 4863 1303 4930 quo
1326 4843 1515 4929 opuseulum
1545 4863 1648 4910 meum
1670 4844 1711 4910 ad
1733 4863 1842 4910 eorum
1863 4849 2008 4909 tenorem
2029 4843 2250 4936 corrigerem,

376 4955 561 5038 verum,·nt
581 4949 711 5016 dicendi
732 4951 850 5016 formas
870 4947 945 5013 istis
967 4946 1162 5032 temporibus
1183 4945 1287 5010 minus
1309 4945 1447 5012 usitatas
1468 4944 1525 5025 iis,
1548 4964 1630 5032 quae
1651 4944 1754 5028 magis
1776 4946 1808 5010 in
1830 4963 1889 5010 usu
1910 4943 2132 5030 habebantur,
2154 4965 2248 5030 per-

376 5057 551 5145 mutarem,
588 5057 622 5118 et
652 5051 748 5137 quasi
774 5047 934 5136 quandam
954 5049 1055 5114 totius
1087 5045 1311 5112 translationis
1333 5043 1592 5131 aequabilitatem
1613 5045 1765 5112 facerem.
1810 5041 1890 5110 Cum
1911 5053 2018 5111 autem
2038 5045 2073 5110 in
2095 5043 2248 5114 Graecis

342 5214 355 5241 ,
375 5149 576 5235 castigandis
598 5149 631 5217 id
653 5170 673 5218 a
693 5171 745 5218 me
766 5156 873 5216 actum
892 5153 1005 5236 esset,
1043 5154 1080 5215 ut
1100 5145 1277 5213 Athanasii
1297 5144 1474 5211 orationem
1494 5144 1537 5211 ad
1567 5144 1662 5212 fidem
1683 5144 1898 5212 vetustissimi
1919 5146 2116 5232 exemplaris
2137 5145 2249 5214 Pari-

375 5251 497 5320 siensis
518 5249 666 5332 ederem,
703 5259 759 5318 aut
780 5258 870 5318 certe
892 5268 932 5316 eo
953 5248 1068 5338 modo,
1097 5268 1160 5336 quo
1181 5245 1359 5316 verisimile
1381 5253 1474 5312 esset
1493 5245 1534 5312 ab
1557 5248 1628 5314 eius
1649 5246 1771 5314 codicis
1791 5254 1925 5314 auctore
1946 5247 2101 5335 seriptum
2121 5245 2249 5338 iniisse,

372 5354 409 5420 iu
430 5352 548 5418 Latina
569 5353 722 5420 versione
744 5349 931 5418 adornanda
950 5350 990 5417 ab
1013 5370 1053 5418 eo
1073 5349 1206 5417 consilio
1228 5343 1445 5416 recedendum
1466 5365 1544 5414 csse
1567 5349 1674 5416 visum
1694 5352 1758 5414 cst.
1801 5348 1916 5435 ltaque
1929 5347 2060 5416 Graeca
2081 5367 2118 5415 eo
2140 5351 2248 5417 modo

375 5440 546 5541 trausioli,
583 5473 645 5540 quo
667 5452 843 5518 verisimile
865 5457 978 5540 esset,
1008 5451 1142 5537 abipso
1163 5439 1346 5516 Athanasio
1368 5447 1514 5532 profecta
1534 5468 1624 5516 esse.
1667 5449 1719 5516 lta
1741 5467 1785 5514 ex
1806 5455 1898 5514 tanta
1919 5451 2101 5536 scripturae
2122 5451 2249 5518 varie-

339 5571 353 5600 ·
375 5561 462 5645 tate,
483 5555 621 5642 quaein
642 5555 730 5619 notis
751 5543 925 5641 indicatur,
945 5551 1151 5620 inversione
1173 5547 1373 5618 conficienda
1394 5565 1525 5635 semper
1547 5550 1662 5634 ubique
1684 5547 1717 5612 id
1740 5547 1869 5618 dicendi
1889 5567 1996 5634 genus
2017 5549 2121 5638 elegi,
2150 5552 2249 5638 quod
2328 5569 2331 5576 ’

260 5733 264 5737 ,
376 5657 515 5724 intuenti
551 5655 627 5720 mihi
641 5635 690 5718 'iu
721 5673 831 5722 omnes
862 5651 1079 5720 Athanasiani
1108 5651 1180 5716 libri
1208 5649 1346 5734 angulos
1377 5647 1419 5716 ad
1440 5651 1512 5717 eius
1533 5649 1703 5735 scriptoris
1725 5670 1816 5718 usum
1837 5656 1872 5717 et
1895 5648 2158 5717 consuetudinem
2183 5653 2248 5721 vel
2361 5709 2367 5723 .

377 5757 516 5826 maxime
548 5753 713 5822 videretur
741 5764 848 5842 aptum
870 5774 948 5824 esse
970 5757 1004 5821 et
1024 5744 1304 5820 accommodatum.
1348 5748 1441 5832 Quod
1463 5758 1498 5819 et
1518 5751 1567 5818 sic
1589 5749 1667 5840 leci,
1696 5749 1751 5818 ubi
1772 5751 1940 5838 probantis
1960 5751 2249 5840 improhantisque
