4802 7060
895 557 1131 631 CAPUT
1193 560 1268 634 111.
1928 581 2024 632 nunu

150 753 204 823 Sic
226 749 390 838 tripartita
412 747 706 816 ecclesiasticarum
729 749 992 818 constitutionum
1013 749 1163 816 collectio
1191 749 1225 816 io
1252 747 1376 816 Codice
1397 745 1628 834 Peirescinno‚
1657 763 1720 834 quo
1741 745 1917 816 edrone
1938 769 2019 820 usus

150 859 214 937 est,
236 850 353 920 iisdem
375 851 446 918 iere
467 849 595 934 verbis,
618 849 732 935 quibus
753 851 787 917 in
810 851 1005 917 Taurincusi
1024 851 1123 932 libro,
1146 851 1318 918 'theodoro
1340 849 1528 918 Balsamooi
1548 847 1803 928 vindicatorw).

296 953 406 1034 llaec,
428 969 511 1039 quse
531 949 575 1016 de
595 950 668 1016 litui
690 953 794 1034 titulo,
816 953 988 1041 scriptore,
1010 951 1115 1039 patria
1137 951 1242 1020 adhuc
1264 951 1519 1038 disputavimus,
1563 951 1657 1018 uobis
1685 949 1866 1036 proderunt
1887 950 1929 1018 ad
1951 951 2018 1018 ial-

150 1077 220 1138 sos,
252 1056 306 1143 qui
327 1055 362 1120 iu
383 1052 549 1119 codicibus
569 1053 802 1140 manuscriptis
821 1054 1049 1142 inveniuntur,
1071 1052 1182 1120 titulos
1203 1051 1404 1120 refutandos
1431 1051 1577 1120 Prodest
1597 1059 1705 1120 antem
1727 1051 1829 1138 primo
1852 1053 1922 1120 loco
1945 1050 2015 1120 Co·

150 1159 209 1228 dex
233 1156 382 1224 Graecos
404 1153 607 1221 Perisiensis
632 1153 760 1242 13⁵5,
793 1155 846 1242 qui
877 1155 1042 1222 titulorum
1062 1153 1172 1220 iudice
1191 1155 1425 1240 praetermisso
1447 1155 1531 1222 hunc
1552 1155 1656 1222 nostri
1678 1155 1788 1241 operis
1810 1154 1935 1220 titulum
1956 1172 2021 1220 ex-

149 1261 250 1326 linet:
271 1263 308 1323 αἱ
328 1253 488 1335 διατάξεις
509 1258 569 1322 τοῦ
590 1253 823 1342 εὐσεβεστάτου
842 1253 1084 1344 αὐτοκράτορος
1102 1253 1341 1321 Ι1ουστιυιανοῑι.
1387 1254 1450 1337 Qui
1478 1274 1549 1322 cunt
1576 1256 1610 1322 in
1637 1257 1833 1323 recentioris
1859 1255 1936 1322 nevi
1958 1275 2019 1321 co·

149 1361 218 1427 dice
239 1359 413 1445 habeatur,
434 1377 541 1444 neque
563 1357 697 1426 aliorum
717 1357 869 1424 librorum
890 1359 1084 1424 auctoritate
1106 1356 1330 1444 confirmetur,
1357 1375 1400 1423 ex
1421 1356 1474 1422 luis
1496 1356 1706 1444 praelationis
1727 1357 1841 1424 verbis
1862 1356 2021 1423 contictus

148 1461 275 1528 videtur
296 1477 390 1524 csse:
432 1455 619 1546 μετεγράφη
646 1464 683 1524 ἐν
710 1460 775 1524 τῶν
802 1457 967 1544 σποράδην
994 1465 1145 1540 κειμένων
1172 1461 1229 1524 eol
1250 1457 1504 1544 incompensate
1528 1453 1591 1522 ὑπὸ
1612 1457 1678 1544 [cor]
1706 1461 1882 1536 scientiolae
1903 1455 2020 1537 λήξεως

146 1561 373 1627 'lemovicensi
393 1557 476 1642 perci
496 1557 554 1624 τὸν
573 1557 697 1626 ιιωδοαι
719 1560 822 1626 cena
851 1564 975 1644 νεαρῶν
996 1556 1190 1645 διατάξειν,
1224 1578 1286 1646 quo
1317 1557 1388 1624 loco
1418 1558 1622 1644 imperatoris
1655 1559 1827 1626 lustiuiani
1853 1557 2020 1625 Novellae

146 1660 395 1729 constitutiones
415 1660 649 1747 significantur.
675 1697 709 1712 -
755 1659 883 1727 Euhie
905 1661 1117 1748 praelationis
1140 1659 1253 1726 verbis
1282 1665 1373 1725 ortus
1395 1663 1448 1724 est
1477 1659 1574 1724 etiam
1597 1655 1728 1728 Codicis
1751 1659 1871 1726 Graeci
1893 1658 2019 1726 Barbe-

145 1759 380 1830 reminiculum
422 1759 568 1848 νεφοέλεα
597 1769 634 1827 ἐν
654 1763 714 1828 τοῦ
740 1759 878 1838 νώδιτος
905 1763 962 1840 τῆς
987 1763 1105 1847 νεαρᾶς
1131 1759 1375 1827 Ἰουστινιανοῡ.
1424 1756 1478 1824 lta
1506 1765 1541 1824 ct
1570 1760 1644 1826 eliis
1673 1761 1754 1828 locis
1776 1780 1819 1826 ex
1840 1759 1953 1838 verbis
1982 1763 2021 1825 αἱ

144 1859 225 1947 μετα
244 1859 302 1928 τὸν
322 1858 447 1926 scidam
467 1866 579 1949 νιαραὶ
602 1861 764 1943 διατάξεις
784 1864 899 1928 similis
921 1865 1106 1951 corruptela
1128 1871 1228 1930 cunta
1249 1867 1312 1942 est,
1335 1860 1440 1927 veluti
1461 1860 1493 1924 in
1515 1860 1608 1947 libro,
1632 1863 1688 1948 qui
1709 1870 1763 1927 est
1778 1860 1926 1928 Sanctae
1939 1859 2016 1925 llo-

144 1967 212 2032 rinc
232 1963 274 2031 nd
292 1963 407 2030 nedem
427 1962 730 2050 S.l‘l1llippillerit
754 1963 998 2032 vallicellensis
1005 2012 1017 2052 ,
1040 1963 1082 2030 E.
1100 1961 1163 2030 55.
1181 1963 1231 2028 tol.
1253 1962 1399 2028 13111.
1416 1968 1452 2028 ἐν
1473 1961 1558 2047 των,
1585 1957 1667 2048 ἅπερ
1683 1959 1847 2040 ἐξελέξατο
1861 1965 1897 2025 t‘x
1914 1961 2021 2026 τετοῦ

143 2063 280 2140 sulcasse
299 2065 357 2128 eut
377 2066 442 2130 τῶν
454 2065 576 2150 νεαρῶν
587 2061 766 2143 διατάξεων
780 2067 841 2132 τοῦ
849 2063 995 2147 μεγάλου
1004 2062 1236 2131 'leomanensi
1250 2071 1313 2154 ¹⁷),
1335 2083 1406 2130 cum
1423 2069 1530 2130 tamen
1548 2064 1583 2128 in
1603 2070 1671 2130 toto
1687 2063 1863 2128 Athanasii
1875 2061 2019 2128 Schola·

144 2167 220 2232 stici
240 2165 326 2232 libro
348 2165 455 2232 omnis
476 2164 519 2231 de
533 2165 685 2231 Novellis
707 2164 857 2232 desumto
872 2185 953 2232 esse
974 2175 1163 2248 censentur,
1186 2165 1229 2232 de
1244 2165 1369 2232 codice
1383 2183 1447 2230 non
1466 2165 1554 2232 ilem.
1600 2163 1691 2230 ldcm
1719 2163 1811 2230 valet
1831 2163 1874 2230 de
1896 2157 2021 2229 Codice

142 2267 273 2335 Graeco
300 2265 487 2332 Parisiensi
516 2263 646 2346 17111,
676 2266 729 2332 ulii
757 2285 800 2333 ex
822 2267 938 2334 eodem
960 2267 1136 2334 Athanasii
1157 2267 1237 2334 libro
1260 2271 1416 2352 excerpta
1438 2264 1683 2332 habentur-lunc
1704 2265 1814 2330 titulo:
1842 2264 1917 2341 τῶν,
1937 2259 2019 2350 ἅπερ

142 2366 307 2448 ἐξελέξατο
328 2373 366 2432 tx
385 2367 445 2431 rori
466 2367 541 2432 ιανδ.
563 2367 707 2432 καὶτῶν
727 2370 850 2454 νεαρῶν
870 2368 956 2434 διατ.
969 2373 1030 2450 ¹⁸).
1073 2371 1184 2457 Atque
1206 2389 1250 2436 ex
1272 2368 1389 2435 iisdem
1411 2367 1539 2448 verbis,
1571 2386 1655 2453 quae
1676 2387 1776 2454 supra
1797 2366 1840 2433 de
1862 2363 2020 2430 iohannis

140 2469 345 2557 praefatione
366 2467 589 2554 recitavimus,
609 2467 666 2533 ille
687 2487 813 2555 quoquc
834 2469 946 2534 titulus
967 2468 1136 2536 derivatus
1158 2477 1229 2558 est,
1257 2489 1352 2558 quem
1381 2468 1497 2536 Codex
1521 2468 1741 2535 coislinianus
1764 2465 1827 2532 34.
1854 2466 1888 2532 1ο
1917 2466 2019 2532 totins

138 2571 212 2636 litori
235 2567 344 2639 indice
365 2567 420 2634 iol.
450 2568 484 2634 1.
498 2571 535 2632 11.
558 2569 680 2654 posuit.
711 2568 777 2635 Est
797 2576 904 2636 autem
928 2569 998 2636 liic:
1021 2575 1057 2636 tx
1084 2573 1149 2635 τῶν
1168 2573 1251 2652 μετα
1271 2570 1329 2636 τὸν
1349 2567 1474 2636 auidam
1495 2570 1598 2634 θείων
1618 2569 1740 2654 νεαρῶν
1761 2565 1938 2647 διατάξεων
1958 2567 2020 2632 τοῦ

137 2674 192 2750 τῆς
218 2671 318 2746 θείας
338 2666 454 2748 ligem
472 2665 704 2736 ’1ουστευιανοῑι
725 2667 927 2752 mirionum
946 2668 1114 2757 ἐξαιρέτως
1134 2681 1204 2747 τοῖς
1225 2673 1412 2749 cistercienci
1434 2675 1532 2754 ἱεροῖς
1548 2668 1674 2736 κανόσι.
1700 2707 1740 2720 -·
1774 2669 1933 2736 Maiorem
1954 2686 2020 2734 cu-

136 2780 201 2838 tem
230 2770 462 2836 dubitationem
482 2769 560 2836 illud
581 2770 693 2858 hebet,
715 2769 792 2858 qnid
815 2772 872 2857 sit,
893 2770 977 2856 quod
999 2771 1033 2836 in
1056 2772 1182 2840 Codice
1202 2771 1436 2858 manuscripto,
1459 2772 1567 2858 quiin
1587 2774 1671 2856 μονῇ
1692 2773 1751 2837 τοῦ
1774 2770 1944 2836 crinitos
1965 2767 2019 2834 hic

135 2873 254 2940 titinius
275 2871 432 2938 hebetur:
451 2869 626 2955 συναγωγὴ
646 2873 768 2958 νεαρῶν
789 2869 966 2951 διατάξεων
987 2869 1030 2948 ὡς
1050 2878 1086 2938 ἐν
1105 2874 1220 2957 Ινδαιῂ.
1266 2873 1357 2956 Quae
1372 2872 1501 2960 quidem
1513 2870 1556 2938 ad
1569 2874 1702 2940 verbum
1718 2872 1925 2939 consentiunt
1945 2887 2019 2935 cum

140 2974 217 3064 luis,
240 2992 325 3060 quae
344 2973 379 3040 in
402 2973 527 3040 Codice
548 2973 709 3040 Vaticano
730 2971 822 3042 843.
845 2972 1180 3040 1εε1οΑεεεοιοτιιιὶο
1201 2975 1235 3042 1ο
1257 2976 1450 3042 bibliothece
1470 2973 1549 3040 iuris
1572 2969 1751 3039 Orientalis
1778 2972 1832 3040 lib.
1864 2975 1922 3036 lll.
1945 2988 2019 3056 cap.

136 3075 198 3142 ta.
229 3081 306 3140 tom.
327 3079 386 3139 lll.
408 3095 442 3162 p.
464 3072 556 3140 450.
580 3080 657 3160 post
678 3073 840 3142 titulorum
860 3074 1019 3160 iudicem,
1048 3075 1108 3144 sed
1134 3083 1214 3144 ante
1236 3075 1471 3164 praelationem
1498 3080 1544 3152 ele
1564 3071 1666 3153 δόξαν
1684 3073 1851 3142 1ιοΙιεο1οι.
1894 3071 1935 3137 1ο
1955 3088 2019 3158 quo

129 3177 212 3244 illod
241 3174 370 3264 quidem
389 3176 474 3242 sctis
494 3175 660 3262 antiquum
679 3175 811 3242 videtm
837 3195 933 3258 csse,
978 3176 1064 3264 quod
1092 3173 1134 3252 ὡς
1161 3183 1196 3244 ἐν
1230 3178 1335 3262 ludaei
1368 3176 1496 3243 dicitur.
1536 3173 1604 3244 Est
1629 3181 1738 3242 antem
1766 3173 1866 3240 index
1894 3192 1938 3240 ex
1965 3170 2020 3238 di-

129 3277 236 3348 cendi
257 3295 397 3362 geneum
439 3296 503 3364 quo
531 3275 653 3344 Graeci
679 3276 891 3345 iureconsulti
921 3282 1071 3367 utuntur,
1112 3285 1281 3346 contracta
1308 3278 1518 3366 Digestorum
1546 3277 1659 3346 versio
1687 3276 1864 3343 secuudum
1898 3274 2017 3358 singu-

126 3382 241 3448 lorum
263 3378 413 3445 librorum
436 3378 663 3466 titulorumque
684 3381 1013 3466 consequentinmw).
1056 3383 1167 3466 Atque
1188 3379 1314 3448 indices
1336 3379 1464 3468 quidem
1492 3379 1535 3446 ad
1558 3378 1699 3465 Digesta
1728 3375 1943 3465 pertimuisse,
1974 3371 2021 3440 ad

127 3481 286 3550 Basilica
302 3497 371 3548 nou
392 3481 481 3567 item,
502 3477 564 3545 hoc
586 3480 641 3546 vel
663 3481 802 3546 maxims
823 3479 919 3546 modo
942 3479 1192 3549 demonstratur.
1236 3481 1276 3547 lu
1298 3481 1368 3568 his,
1389 3499 1473 3568 quse
1495 3484 1528 3547 in
1551 3479 1706 3548 Basilicis
1727 3479 1834 3545 relata
1854 3479 1941 3556 suut,
1963 3474 2020 3541 in·

129 3583 223 3650 dicis
244 3582 440 3667 fragmentis
460 3579 673 3666 Bigestesum
694 3582 815 3670 mela,
845 3599 929 3668 quse
949 3581 983 3648 iu
1004 3582 1158 3648 llnsilicis
1184 3582 1261 3649 ullis
1282 3591 1467 3668 permutata
1489 3588 1582 3671 snut,
1612 3585 1648 3648 et
1675 3582 1963 3652 commemorantur
1983 3579 2020 3642 et

126 3685 352 3771 explicantur.
396 3682 454 3748 ste
475 3683 515 3748 ir.
539 3678 605 3748 18.
627 3679 663 3770 3.
686 3680 723 3748 1.
746 3681 793 3746 11.
812 3678 879 3748 48.
904 3677 965 3747 11.
987 3679 1053 3774 (de
1074 3679 1213 3776 pocus)
1234 3701 1477 3770 ιιοιοευιιηυοοι
1498 3685 1607 3768 capite
1622 3680 1803 3768 plectendi,
1825 3679 1941 3766 quibus
1962 3675 2019 3743 iu-

124 3785 224 3854 dicis
245 3784 350 3850 verba
368 3782 576 3870 respondens
621 3783 681 3852 Sic
702 3785 788 3850 euim
810 3781 911 3850 llaeil
934 3782 1006 3851 LX.
1031 3782 1094 3850 st.
1119 3781 1183 3850 18.
1204 3783 1255 3850 εδ.
1279 3785 1376 3852 Febr.
1399 3791 1472 3852 tom
1495 3787 1571 3851 Vll.
1594 3804 1627 3870 p.
1648 3779 1759 3849 eos:
1802 3775 1940 3858 ὁῖνδιξ·
1971 3782 2017 3855 εἰς

121 3882 285 3971 κεφαλὴν
296 3887 519 3972 τιμωροῦνται.
543 3885 644 3972 Atqui
658 3884 873 3952 Basilicarum
886 3890 1063 3951 contextus
1074 3885 1098 3950 1.
1117 3885 1185 3972 l.p.
1200 3882 1513 3970 834.1ξορ1ζονται.
1536 3885 1648 3971 Atque
1660 3883 1700 3950 fr.
1717 3882 1736 3946 1
1752 3881 1796 3948 Ι).
1812 3879 1878 3946 48.
1893 3877 1930 3945 9.
1950 3873 2018 3970 [dc

116 3989 213 4072 lege
239 3981 415 4075 Pompeia]
436 3987 476 4052 ut
492 4003 606 4072 poena
625 4005 669 4052 ec
688 3987 863 4073 Ιεοειιὶιιτ,
884 4004 972 4066 mooe
991 3989 1046 4054 cet
1065 3986 1149 4072 lepis
1172 3985 1353 4054 Corneliae
1374 3988 1417 4054 de
1437 3988 1592 4072 timetis,
1610 3984 1797 4072 quibuscum
1815 3982 1909 4063 haec,
1932 3996 2017 4068 quse

117 4083 354 4154 Basilicomm
375 4085 449 4152 LX.
476 4086 542 4152 46.
573 4084 605 4152 1.
628 4091 705 4154 lum
728 4087 804 4154 vll.
827 4108 860 4175 p.
883 4083 973 4152 7114.
996 4106 1040 4155 ex
1057 4087 1166 4154 indice
1186 4090 1387 4170 referuntur,
1416 4105 1498 4154 sane
1520 4083 1738 4153 conveoiunt=
1773 4079 1792 4148 ὁ
1814 4077 1897 4161 ἵνδιξ
1917 4076 2015 4148 auid

114 4182 321 4270 Κύριλλος,
344 4184 459 4273 iuquit,
477 4187 524 4270 τῷ
540 4191 609 4274 περὶ
621 4183 833 4274 ἀνδροφόνων
847 4184 938 4271 νόμῳ
953 4194 1159 4267 κατέχονται.
1187 4189 1289 4276 Atqui
1300 4189 1514 4256 Basilicorum
1524 4191 1698 4254 contextus
1711 4184 1733 4250 l.
1747 4183 1769 4249 l.
1784 4204 1815 4271 p.
1834 4181 1925 4249 761.
1940 4183 2018 4270 περὶ

113 4285 368 4372 capaicores.
390 4283 496 4352 Porro
508 4287 548 4353 ir.
564 4286 601 4354 1.
617 4286 650 4375 s
665 4287 703 4354 1.
716 4286 835 4358 1148.
848 4286 911 4356 11.
925 4289 991 4382 (de
1005 4289 1081 4384 lege
1096 4290 1179 4358 lulio
1191 4290 1234 4357 de
1250 4283 1404 4380 annona]
1414 4291 1450 4355 et
1465 4305 1579 4374 poeno
1598 4289 1716 4373 oipinli
1736 4301 1920 4352 οιαεοιτινιε
1940 4285 2017 4349 εἰν·

111 4389 257 4457 ιαίαω.
286 4383 390 4467 Qunam
404 4404 474 4452 rem
489 4387 590 4456 index
606 4389 691 4456 salis
702 4389 854 4477 exprimit
868 4388 1002 4458 Basilio.
1018 4388 1089 4455 nic
1104 4386 1222 4457 441.
1244 4396 1323 4458 tom.
1340 4393 1414 4458 Vll.
1436 4411 1468 4478 p.
1482 4384 1593 4454 tce:
1613 4385 1783 4474 Kaineiton
1803 4389 1861 4453 eui
1876 4383 1961 4464 ἵνδιξ
1973 4381 2014 4449 ν’.

113 4492 337 4573 νομίσματα.
365 4485 469 4574 Atqui
482 4488 691 4557 llnsilicoram
705 4489 810 4558 oratio
821 4490 845 4558 l.
856 4491 878 4556 1.
893 4512 924 4578 p.
939 4489 1031 4557 767.
1046 4489 1088 4558 de
1102 4492 1219 4578 viginti
1232 4493 1303 4559 auri
1316 4490 1407 4558 libris
1421 4490 1604 4578 loquuntur.
1646 4487 1707 4556 Sic
1721 4489 1807 4556 enim
1822 4487 1944 4554 habent
1956 4485 2016 4550 καὶ

110 4587 252 4669 ποινὴν
272 4584 348 4654 κατ’
373 4588 481 4654 αὐτῶν
500 4595 604 4657 oecon
621 4594 761 4679 χρυσίου
781 4593 896 4680 λιτρῶν
916 4587 1061 4682 ὥρισται.
1092 4591 1192 4660 Aliud
1213 4592 1308 4660 lunius
1319 4593 1369 4660 rei
1380 4588 1562 4677 exemplum
1583 4590 1807 4680 uppeditabit
1817 4586 1920 4653 Basll.
1935 4584 2011 4652 LX.

113 4693 191 4760 61.
222 4686 264 4756 6.
286 4697 364 4756 tom.
385 4687 459 4756 vll.
482 4711 513 4778 p.
536 4689 629 4760 816.
650 4711 721 4760 eum
741 4691 872 4782 iudice,
904 4698 959 4780 qul
987 4713 1018 4780 p.
1042 4689 1134 4759 860.
1157 4693 1309 4776 labetur,
1341 4693 1464 4760 sicum
1486 4691 1553 4774 his,
1590 4711 1674 4779 quoe
1704 4691 1741 4758 ir.
1771 4686 1808 4754 6.
1828 4706 1877 4773 pr.
1899 4683 1943 4750 D.
1969 4685 2012 4752 dc

110 4793 254 4881 poenis
276 4791 447 4870 inbutum
465 4793 617 4860 conterre
638 4793 734 4862 velis
778 4793 855 4860 llnc
873 4793 1018 4874 secedit,
1047 4793 1132 4880 quod
1160 4793 1195 4862 in
1225 4795 1334 4862 indice
1361 4791 1536 4880 aliquando
1556 4793 1798 4860 Pandectarun
1825 4787 1891 4853 loci
1918 4785 2016 4854 reluti

107 4898 202 4976 sint,
235 4891 296 4978 qui
309 4892 344 4960 in
357 4891 620 4981 llnsilicisplane
642 4915 707 4962 non
726 4894 898 4962 habentur.
928 4896 989 4964 Sic
1010 4895 1043 4962 in
1066 4895 1105 4961 ir.
1128 4893 1165 4962 8.
1189 4891 1280 4984 914.
1294 4894 1338 4961 Ι).
1352 4898 1395 4962 de
1408 4893 1523 4981 ptoenis
1537 4894 1695 4982 quaedam
1710 4891 1907 4976 referuntur,
1929 4906 2014 4974 quae

105 5003 186 5064 tam
215 4995 257 5060 in
279 4995 403 5060 resins
423 4995 575 5060 llnsilicis
597 4995 673 5062 LX.
697 4993 762 5062 nt.
784 4994 836 5084 8.,
857 5015 952 5084 qoam
973 4996 1007 5062 iu
1027 4996 1140 5064 indice
1157 5003 1231 5064 torn
1254 5001 1328 5064 Vll.
1350 5017 1382 5083 p.
1406 4993 1498 5062 eoo.
1521 4995 1689 5062 habentur.
1733 4989 1935 5057 Adnotatum
1956 4997 2012 5057 est

102 5105 241 5164 autem
257 5093 315 5181 ill,
330 5111 382 5180 ea,
400 5092 443 5160 dc
456 5095 571 5181 quibus
584 5095 702 5182 agitur,
717 5096 822 5162 verta
835 5097 868 5164 in
887 5096 1074 5167 melioribus
1085 5097 1297 5166 Basilicarum
1308 5099 1475 5166 codicibus
1495 5095 1625 5162 deesse.
1668 5099 1778 5179 Atque
1799 5092 2011 5160 Basilicorum

102 5197 192 5264 LX.
224 5195 271 5262 3.
302 5193 365 5258 11.
389 5200 463 5260 tom
485 5197 560 5260 vu.
580 5216 612 5282 p.
636 5193 698 5262 14.
720 5195 839 5263 indicis
859 5197 964 5265 verbe
984 5197 1184 5288 reienmtor,
1219 5217 1304 5288 quae
1331 5217 1403 5268 com
1423 5198 1462 5265 ir.
1488 5195 1548 5262 11.
1570 5192 1605 5283 S.
1629 5193 1665 5262 1.
1690 5193 1732 5260 l).
1755 5189 1791 5260 9.
1815 5191 1849 5260 1.
1872 5189 1939 5286 (ad
1959 5191 2014 5259 le·

288 5499 336 5558 ill)
353 5501 384 5551 ln
399 5501 471 5548 notis
480 5498 689 5550 adnalssmonto
701 5502 894 5554 collectionem
904 5503 1124 5557 constitntlonum
1136 5505 1234 5557 eccles
1242 5507 1271 5554 tu
1282 5503 1399 5555 lostelltl
1409 5499 1574 5553 llblloliecc
1584 5503 1654 5553 turis
1667 5513 1727 5552 can.
1738 5506 1800 5553 tom.
1811 5501 1844 5553 ll.
1857 5513 1882 5566 p.
1892 5499 2009 5552 11111.

97 5589 279 5644 Fabricius
295 5584 418 5634 codicem
434 5585 474 5632 lta
490 5583 590 5634 habere
607 5587 721 5636 testatus
738 5591 795 5637 cst:
819 5585 956 5659 Θεοδώρου
973 5585 1096 5642 διατόνου
1112 5591 1160 5656 τῆς
1176 5584 1324 5654 ἁγιωτάτης
1339 5587 1389 5636 τοῦ
1407 5586 1476 5635 θεοῦ
1491 5583 1605 5652 μεγάλης
1621 5584 1754 5654 iniquies
1774 5583 2013 5647 oppositionem

89 5668 331 5746 wanilone
346 5667 390 5718 sci
406 5663 512 5737 apciton
528 5667 581 5717 τῶν
597 5668 749 5742 Βλοχερνυν
764 5669 1006 5737 willericum,
1022 5674 1072 5724 τοῦ
1088 5669 1156 5736 μετὰ
1170 5669 1280 5742 χρόνους
1295 5667 1368 5727 τινὰς
1383 5667 1521 5732 γεγονότος
1537 5667 1702 5742 πατριάρχου
1720 5667 1885 5728 Θεουττόλτυς
1900 5665 2014 5737 μεγάλης

90 5752 303 5820 Ἀντιοχείας.
387 5751 435 5812 lt)
450 5748 588 5803 Ἀνένδοιο
606 5756 669 5806 tona
687 5755 709 5806 l.
727 5771 752 5822 p.
770 5755 879 5809 [exili.
949 5755 995 5818 18)
1012 5757 1031 5810 1.
1049 5757 1068 5810 1.
1086 5771 1113 5823 p.
1130 5755 1228 5812 lixlv.
1312 5753 1359 5815 11)
1376 5753 1454 5808 llnnc
1469 5757 1633 5808 seutentiam
1649 5755 1748 5828 tam-tn
1763 5751 1890 5807 Ἀνέιδνι.
1908 5761 1970 5807 tom.
1990 5753 2012 5806 l.

90 5857 124 5908 p.
144 5837 281 5896 xvm·
298 5839 327 5888 ct
341 5850 367 5901 p.
384 5835 445 5888 eat.
462 5840 601 5902 proposui.
