4802 7060
936 563 1175 641 CAPUT
1239 572 1267 642 L
2004 605 2045 652 m

156 759 285 820 nibrssis
304 759 430 821 tecam
449 754 730 833 praentesuartb).
753 791 797 808 -
838 761 957 822 XLVI.
1000 764 1049 822 Ite
1069 759 1171 835 amaia
1191 767 1379 826 diversorum
1399 766 1544 828 indicum.
1564 797 1609 813 -
1650 767 1787 832 XLVII.
1813 771 1855 832 Ut
1876 773 2039 854 omnum)

155 865 215 918 tam
237 860 350 936 ciues,
371 873 463 933 quasi
482 861 628 917 mititares
649 862 763 918 iudices
780 866 851 934 post
870 864 1164 922 administrationem
1186 868 1353 938 depositam
1372 884 1430 942 per
1450 868 1549 944 L.⁶¹)
1572 871 1636 928 dies
1656 872 1689 928 ia
1710 874 1878 932 civitatibus
1900 878 1947 934 cei
1965 893 2039 936 cer-

155 963 191 1017 tis
210 962 287 1018 tacis
301 958 548 1039 permaneam).
569 993 611 1005 -
643 961 803 1022 XLVIII.
825 965 873 1022 Ite
888 961 1024 1038 officium
1037 968 1115 1041 eius,
1137 965 1190 1039 qssi
1203 967 1295 1024 vicem
1316 969 1445 1028 alicuius
1456 973 1563 1028 iudicis
1575 971 1690 1044 optinet
1699 969 1759 1046 ⁵³).
1782 1003 1821 1016 -
1848 976 1966 1036 XLIX.
1990 979 2040 1036 Ite

154 1042 352 1122 assessoribus
385 1067 414 1120 ei
451 1065 642 1121 canaettoriir
669 1067 812 1124 iudicum.
841 1097 882 1110 -
927 1068 963 1125 L.
1006 1069 1055 1124 Ite
1080 1068 1211 1124 annonis
1241 1072 1271 1124 et
1308 1071 1417 1141 capitis
1445 1073 1740 1130 administrationum
1771 1075 1819 1130 cet
1851 1092 2038 1137 assessorum

153 1165 318 1224 aliorumve
336 1168 472 1240 ponticas
491 1165 707 1222 sollicitudines
723 1167 892 1240 qerentium
913 1170 961 1224 cet
980 1183 1085 1226 eorum
1093 1208 1105 1244 ,
1135 1169 1189 1242 qui
1207 1169 1328 1242 atiquos
1340 1175 1493 1230 cormeauti
1509 1178 1580 1231 sunt
1600 1175 1769 1246 diqnitates.
1788 1169 1794 1256 Ι
1814 1171 1866 1252 ⁵⁴)
1891 1209 1929 1220 -
1961 1179 2038 1236 LII.

154 1265 199 1322 Ite
221 1269 424 1324 contractibus
445 1268 649 1358 iudicum-set
669 1283 796 1346 eorum,
817 1273 870 1343 qui
884 1267 968 1348 3⁵⁵)
991 1276 1099 1328 contra
1120 1285 1172 1328 eos
1191 1274 1221 1326 et
1243 1272 1391 1328 inibendis
1412 1274 1623 1330 donationibus
1643 1279 1672 1332 et
1693 1277 1726 1332 tn
1749 1291 1799 1332 eos
1816 1273 1977 1355 faciendis,
2006 1285 2037 1339 et

153 1381 190 1424 ne
210 1367 483 1426 administrationis
504 1372 628 1440 tempor.
648 1371 777 1442 proprio
798 1373 883 1428 sedes
903 1367 1108 1446 edificentw).
1122 1401 1163 1414 -
1184 1369 1281 1428 LIII.
1310 1372 1358 1428 tte
1379 1377 1467 1430 modo
1485 1375 1662 1452 muitarum,
1684 1375 1827 1454 quaem)
1848 1394 1868 1434 a
1889 1381 2038 1440 iudicibus

152 1465 341 1542 intiiqssntssr.
389 1500 431 1512 -
473 1469 522 1528 LI
527 1469 563 1528 V.
609 1471 656 1526 Ite
686 1468 901 1541 defensoribus
933 1475 1097 1530 civitatum.
1139 1503 1182 1516 -
1234 1473 1302 1532 LV.
1346 1475 1394 1530 Ite
1414 1477 1639 1549 maqistratibus
1660 1483 1690 1535 ct
1709 1481 1951 1550 municipatibus.
2001 1514 2037 1528 -

154 1571 240 1626 LVI.
282 1570 332 1627 Ite
352 1565 513 1643 officio&
536 1569 720 1646 iuridicitb)
743 1571 1023 1650 Alexandriuefl‘li.
1047 1605 1088 1618 -
1131 1572 1239 1632 LVII.
1276 1576 1324 1632 Dc
1344 1575 1672 1652 quaerimenruumsst)
1695 1583 1758 1636 tam
1778 1581 1923 1659 eicitiun,
1944 1597 2037 1658 quasi

152 1671 337 1728 militarium.
363 1703 398 1712 -
443 1669 710 1746 caputium.

301 1872 461 1944 Incipit
487 1851 554 1930 tio?
581 1853 697 1932 s-cd's..
739 1876 767 1934 I.
815 1877 864 1934 De
891 1879 1077 1954 edentobe).
1118 1911 1162 1926 -
1211 1883 1259 1940 II.
1302 1883 1350 1940 Ite
1385 1881 1418 1938 in
1454 1883 1502 1938 ius
1538 1879 1747 1956 vacandc⁰³).
1794 1911 1827 1924 -
1879 1883 1947 1940 III.
1987 1883 2037 1940 Ite

149 1973 256 2046 pactis.
276 2005 319 2018 --
360 1974 422 2034 IV.
465 1975 513 2032 De
533 1977 798 2034 transactionibus.
820 2009 858 2022 ·-
905 1979 942 2038 V.
987 1979 1035 2036 De
1056 1984 1165 2040 antonii
1186 1997 1298 2042 errore.
1321 2011 1362 2028 -
1409 1981 1465 2042 VI.
1507 1981 1555 2038 De
1575 1983 1765 2054 postulando.
1789 2009 1830 2026 -
1878 1981 1951 2039 VII.
1987 1983 2036 2042 Ite

150 2075 303 2134 edocentis
324 2077 511 2134 diuersorum
533 2077 721 2134 indiciorum.
742 2107 785 2120 -
831 2080 924 2138 VIII.
968 2082 1017 2138 Ite
1038 2086 1207 2143 edoccatur
1224 2083 1301 2158 fisci.
1325 2116 1368 2130 -
1409 2084 1466 2144 IX
1507 2084 1555 2140 Ite
1576 2097 1679 2142 errore
1699 2087 1915 2142 aduocatorum
1936 2069 1973 2140 ui
1993 2085 2036 2142 te-

151 2179 257 2236 betium
278 2193 332 2236 seu
353 2177 483 2252 q'raesbi)
505 2182 748 2252 concipientium.
771 2211 815 2224 -
856 2179 896 2236 X.
943 2179 984 2238 Ut
1005 2198 1031 2255 q.
1041 2181 1097 2259 Βὅ)
1119 2187 1228 2246 desunt
1255 2187 1461 2244 adroratiorsis
1470 2181 1522 2264 Ι*11)
1543 2187 1680 2257 partium
1700 2187 1796 2242 iudeo
1816 2187 1968 2258 suppleat.
1993 2219 2035 2232 -

150 2279 206 2336 XI.
250 2279 299 2336 De
321 2277 501 2354 causum),
522 2294 565 2336 en
586 2283 693 2354 quibus
714 2277 844 2350 infamia
872 2280 967 2340 oiiaui
995 2287 1161 2358 inroqotur.
1193 2319 1235 2330 -
1278 2288 1354 2346 XII.
1386 2287 1434 2344 lie
1459 2289 1717 2358 procuratoribus.
1760 2319 1802 2330 --
1845 2285 1944 2344 XIII.
1988 2287 2036 2344 Ns

149 2380 236 2438 iiceat
255 2383 473 2453 potentioribus
493 2383 696 2453 patrocinium
717 2383 902 2454 iitiqantibus
920 2391 1079 2456 praestare
1089 2385 1145 2463 88)
1167 2389 1217 2445 cei
1236 2393 1370 2446 actiones
1390 2391 1423 2444 in
1444 2404 1476 2444 se
1498 2385 1675 2457 transferre.
1697 2417 1737 2430 -
1780 2387 1871 2446 XIV.
1908 2387 1956 2444 De
1976 2387 2036 2464 bis,

148 2483 201 2554 qui
219 2484 426 2554 potentiorum
447 2483 905 2560 nominetitutosproediisssb)
927 2482 1057 2558 asfiqunt
1078 2489 1250 2548 setectum
1267 2487 1325 2556 ἠῖὰ
1348 2491 1380 2546 in
1402 2490 1454 2545 tite
1472 2492 1664 2560 pretendunt.
1684 2517 1728 2534 --
1770 2489 1840 2546 XV.
1887 2489 1927 2546 Ut
1948 2503 2037 2546 nemo

107 2631 111 2642 .
144 2581 346 2658 pacatum)
368 2584 474 2642 titutus
492 2585 608 2656 prediis
628 2587 692 2640 suis
712 2585 763 2640 uei
782 2587 889 2642 atienis
910 2588 1047 2658 imponat
1069 2590 1116 2644 cet
1135 2591 1178 2645 ad
1197 2593 1312 2664 reqatio
1333 2591 1507 2663 suspendat.
1534 2621 1570 2634 -
1613 2591 1703 2650 XVI.
1750 2591 1790 2649 Ut
1812 2593 1926 2648 nemini
1947 2593 2037 2650 ticeni

146 2686 210 2742 sine
233 2685 343 2742 iudicis
363 2687 542 2744 auctoritate
562 2687 648 2758 siqua
669 2687 840 2756 inprimere
861 2689 967 2763 rebus,
989 2703 1067 2762 quas
1087 2689 1166 2746 atius
1187 2695 1275 2748 tenet.
1294 2688 1300 2770 Ι
1321 2691 1373 2768 ⁷¹)
1416 2724 1459 2736 —
1500 2693 1608 2751 XVII.
1653 2690 1764 2766 licit)
1782 2689 1874 2764 fiscus
1894 2695 1942 2750 ret
1962 2708 2033 2751 res·

143 2785 283 2858 publicos
301 2789 547 2857 procurationem
575 2786 669 2842 oticui
687 2789 854 2859 patrocinii
875 2805 969 2846 causo
991 2792 1025 2846 in
1046 2789 1187 2865 titensa)
1208 2799 1341 2866 praestet
1351 2790 1412 2867 ⁷⁴).
1455 2824 1496 2836 —
1546 2793 1675 2852 XVIII.
1718 2796 1766 2850 tte
1793 2797 1918 2867 neqotiis
1936 2795 2034 2867 qestis.

147 2915 188 2930 -
207 2886 301 2944 XIX.
322 2888 371 2944 Ite
391 2887 457 2963 Isis,
480 2903 537 2961 que
558 2885 669 2962 uis⁷⁶J
690 2891 808 2946 metuas
829 2903 924 2946 causa
943 2897 1060 2962 qerunt.
1082 2921 1125 2938 -
1167 2892 1236 2950 XX.
1279 2894 1327 2950 Iie
1348 2895 1416 2950 doio
1436 2895 1524 2952 nsato.
1546 2925 1589 2938 -
1629 2895 1720 2952 XXI.
1762 2897 1810 2952 Dc
1832 2897 1865 2952 in
1885 2897 2035 2970 inteqrum

143 2989 335 3044 restitutione
354 2990 507 3046 minonem
527 2989 628 3046 XXV.
671 2983 745 3046 aruc
766 3018 810 3032 -
858 2989 966 3048 XXIi.
1010 2993 1058 3049 De
1081 2990 1279 3065 filiofamiiias
1306 2997 1432 3054 minore.
1476 3027 1518 3042 -
1560 2995 1686 3053 XXIII.
1729 2996 1777 3052 De
1804 2994 2034 3071 fideimsaaw)

143 3091 265 3146 mnsam.
307 3119 350 3132 -
390 3089 512 3148 XXIV.
555 3091 592 3146 Si
613 3095 696 3148 tutor
716 3090 764 3146 cei
783 3095 910 3148 curator
930 3093 1132 3152 intervenerit.
1174 3125 1216 3138 -
1259 3096 1359 3152 XXV.
1402 3097 1438 3154 Si
1466 3100 1498 3154 in
1526 3099 1677 3154 communi
1704 3100 1867 3172 eadnnque
1887 3113 1982 3156 causa
2002 3099 2037 3156 in
2113 3101 2116 3108 '

140 3188 321 3264 irueprov)
342 3193 491 3248 restitutio
511 3192 690 3262 postuletur.
730 3219 774 3232 -
817 3189 937 3250 XXVI.
981 3196 1017 3252 st
1045 3197 1191 3254 adcerssss
1221 3212 1285 3256 rens
1315 3197 1522 3274 iudicataw).
1566 3227 1608 3244 -
1651 3197 1791 3256 XXVII.
1832 3199 1870 3255 Si
1891 3201 2036 3256 moereas

139 3289 346 3368 ainertiiw).
381 3323 419 3338 -
462 3292 623 3350 XXVIII.
665 3291 702 3348 Si
723 3292 869 3352 adversus
890 3293 1116 3372 donation.⁸⁰).
1140 3331 1182 3343 —
1225 3299 1346 3357 XXIX.
1376 3301 1413 3356 Si
1433 3303 1578 3358 adversus
1600 3300 1776 3360 Iibertatem.
1800 3331 1838 3346 -
1875 3299 1976 3356 XXX.
1999 3299 2037 3356 Si

138 3395 293 3451 aduersus
319 3396 554 3452 transactionem
575 3394 623 3451 cet
643 3395 858 3467 depositionem
879 3397 981 3454 minor
1002 3400 1121 3457 restitui
1143 3401 1220 3459 aetii.
1255 3433 1296 3444 —
1339 3401 1460 3460 XXXI.
1503 3401 1540 3458 Si
1560 3403 1706 3458 adsersus
1726 3402 1906 3458 solutionem
1926 3397 2035 3474 adv)

137 3495 308 3554 debitorem
329 3497 366 3552 ui
387 3512 407 3552 a
428 3509 461 3553 se
480 3493 574 3566 facto.
619 3523 662 3540 -
704 3495 842 3554 XXXII.
885 3499 921 3554 Si
942 3502 1087 3558 aduersus
1109 3503 1216 3558 dotem.
1261 3533 1300 3546 --
1343 3501 1504 3558 XXXIII.
1546 3503 1582 3560 st
1603 3504 1747 3558 adsersus
1769 3503 1910 3559 dilectum
1932 3515 2033 3558 suum.

135 3629 182 3642 -
213 3599 368 3658 XXXIV.
411 3599 448 3655 Si
476 3599 621 3656 adsersus
642 3579 865 3672 usucapionem
909 3629 952 3644 -
994 3599 1126 3658 XXXV.
1168 3603 1206 3660 Si
1226 3604 1372 3658 aduersus
1396 3600 1513 3674 [iseum.
1555 3635 1599 3648 -
1641 3603 1789 3664 XXXVI.
1834 3605 1870 3660 Si
1890 3605 2037 3660 adversus

136 3701 333 3758 creditorem.
354 3731 396 3746 --
424 3699 596 3758 XXXVII.
641 3701 677 3758 Si
698 3707 733 3760 ut
753 3717 786 3758 se
807 3703 1000 3760 nereditatem
1022 3701 1242 3778 abstineam).
1263 3735 1305 3748 -
1333 3703 1526 3765 XXXVIII.
1570 3706 1606 3762 Si
1626 3711 1661 3764 ut
1682 3707 1821 3764 omissam
1842 3705 2037 3762 nereditatem

133 3805 190 3862 uei
213 3805 602 3875 bonorumpossessionem
623 3801 937 3879 veroquisquam)
961 3807 1152 3880 adquiratur.
1194 3836 1235 3848 —
1278 3805 1428 3862 XXXIX.
1473 3807 1513 3864 In
1535 3809 1641 3880 quibus
1663 3809 1764 3863 cousin
1791 3809 1824 3862 in
1845 3807 1961 3878 inteqro
1981 3819 2037 3863 rc-

132 3907 265 3964 siituts'o
286 3907 457 3964 necessario
478 3921 540 3962 non
562 3909 616 3962 est.
631 3909 675 3949 '-
713 3906 781 3964 XL.
814 3907 873 3975 Qui
894 3913 924 3964 et
944 3907 1089 3964 adsersus
1111 3921 1187 3981 quos
1207 3908 1241 3962 in
1262 3907 1411 3978 inteqruns
1433 3910 1552 3964 restitui
1573 3923 1634 3966 non
1654 3913 1789 3980 pornsnt.
1811 3937 1853 3950 --
1881 3907 1970 3965 XLI.
2000 3907 2037 3964 Si

129 4009 249 4066 minor
269 4021 301 4062 se
321 4009 466 4064 maiorem
487 4007 604 4064 diecret
625 4007 673 4062 net
690 4008 837 4078 probatus
855 4005 961 4080 fuerit.
981 4003 987 4086 Ι
1006 4005 1060 4084 ⁸⁴)
1088 4039 1129 4050 -
1171 4006 1281 4064 XLII.
1324 4007 1361 4062 Si
1382 4005 1546 4085 sepius⁸⁵J
1577 4010 1609 4065 in
1632 4010 1779 4082 inteqrum
1801 4008 1952 4065 restitutio
1972 4023 2035 4081 po-

126 4109 287 4166 siutetur.
315 4137 355 4151 -
397 4107 522 4166 XLIII.
564 4109 613 4164 De
633 4109 699 4184 isis,
727 4109 779 4182 qui
800 4111 919 4166 ueniam
946 4107 1094 4184 aratiam)
1117 4111 1314 4182 impetrares·
1323 4105 1386 4185 ⁸⁷).
1419 4139 1463 4150 —
1505 4109 1624 4166 XLIV.
1667 4110 1703 4165 Si
1731 4111 1829 4166 maior
1853 4107 1959 4180 foetus
1979 4125 2037 4168 ra·

124 4217 205 4270 tssm
232 4207 363 4265 abuerit.
384 4239 427 4250 —
467 4208 568 4265 XLV.
616 4207 672 4266 Ubi
693 4213 721 4266 et
743 4215 819 4281 aput
840 4223 929 4284 quem
950 4211 1078 4282 aequitio
1099 4209 1298 4266 restitutionis
1318 4209 1464 4280 aqitanda
1486 4213 1538 4266 est.
1557 4239 1596 4252 -
1640 4209 1756 4266 XLVI.
1794 4209 1843 4266 De
1863 4211 2038 4281 reputatio-

124 4313 247 4385 nibus,
270 4304 481 4381 quatientia
502 4310 612 4366 iudicio
634 4310 666 4366 in
694 4308 876 4385 inteqro⁸⁸)
899 4312 1105 4369 restitutionis.
1144 4341 1186 4355 -
1228 4309 1368 4368 XLVII.
1411 4311 1516 4368 titiam
1536 4315 1565 4366 et
1584 4325 1642 4382 per
1660 4315 1889 4382 procuratorem
1911 4325 2037 4368 oausam

122 4415 161 4468 in
188 4413 352 4480 imteqrum
372 4410 571 4468 restitutionis
592 4411 641 4483 aqi
660 4409 831 4488 potest00).
854 4443 897 4456 —
940 4412 1098 4472 XLVIII.
1135 4414 1176 4471 In
1198 4414 1348 4486 inteqrum
1370 4409 1615 4487 restitutionem)
1636 4412 1791 4484 postutata
1813 4427 1851 4468 ue
1872 4413 1945 4484 quid
1966 4413 2037 4467 nooi

118 4508 195 4583 fiat.
233 4537 276 4552 -
321 4507 439 4566 XLIX.
482 4510 531 4568 Ite
553 4514 740 4570 restitutione
760 4514 890 4571 miiitum
911 4519 940 4571 et
961 4529 1079 4590 eorum,
1107 4517 1161 4590 qui
1180 4517 1344 4590 reipubtiae
1365 4531 1459 4574 causo
1480 4509 1678 4587 adsuer·⁹¹).
1722 4543 1764 4558 -—
1808 4513 1844 4569 L.
1882 4513 1930 4568 De
1951 4525 2036 4568 uco-

124 4614 230 4671 ribsss
254 4609 385 4667 miiitum
407 4611 456 4667 cei
475 4625 598 4688 eorum,
622 4615 677 4688 qui
696 4617 860 4688 reipubtiae
881 4631 975 4674 eausa
996 4618 1116 4676 obsunt.
1150 4645 1193 4658 -
1239 4616 1292 4674 LI.
1335 4617 1384 4674 De
1411 4617 1593 4690 temporibus
1614 4618 1648 4672 in
1669 4617 1818 4689 inteqrum
1839 4613 2037 4670 restitutionis

121 4719 199 4776 tans
234 4714 391 4772 minorum
418 4716 550 4774 otiorum
576 4713 657 4794 11⁰²)
686 4732 911 4794 poenarumque
936 4719 1055 4778 residui
1081 4722 1211 4791 possunt
1238 4715 1302 4791 quii
1328 4717 1472 4778 iteradum
1492 4732 1604 4777 eorum
1638 4749 1680 4762 -
1732 4715 1804 4774 LII.
1849 4715 1965 4783 Quibus
1993 4727 2036 4769 aa·

298 4991 348 5056 46)
363 5000 540 5062 presentetur
556 5001 673 5050 flumme.
764 5000 813 5060 66)
830 5013 935 5052 omnem
959 5002 1076 5051 stimma.
1167 5001 1214 5062 bl)
1232 5003 1433 5069 quinquapmta
1450 5003 1566 5051 Summa.
1657 4998 1704 5056 62)
1719 4999 1904 5062 permaneant
1919 4999 2035 5050 stimma.

120 5083 177 5142 68)
202 5081 343 5148 aptissnst
357 5084 474 5132 Summa.
542 5087 573 5143 6)
591 5085 689 5147 Incipit
706 5083 753 5134 iol.
772 5083 799 5133 1.
816 5086 851 5134 Δ.
920 5087 967 5140 bb)
984 5087 1051 5135 sunt
1066 5087 1182 5138 summu.
1252 5089 1299 5146 66)
1321 5089 1455 5152 proprias
1480 5087 1555 5136 sedes
1572 5079 1716 5146 aedificent
1732 5085 1849 5130 summu.
1919 5083 1965 5140 67)
1984 5095 2036 5148 que

114 5173 262 5216 summu.
350 5165 398 5224 68)
415 5165 510 5230 officia
527 5169 644 5216 Summa.
747 5169 794 5226 bii)
812 5169 895 5218 turici
912 5170 1028 5219 Summa.
1115 5170 1162 5230 60)
1179 5171 1372 5222 Alexandrina
1389 5175 1504 5221 Summa.
1578 5167 1624 5222 61)
1647 5161 1902 5229 quadrimembrem
1918 5169 2035 5216 Summe.

113 5251 171 5310 62)
193 5251 260 5299 IIIa
280 5249 375 5296 titulus
393 5251 420 5296 in
439 5252 548 5299 Summa
566 5253 682 5300 omasus
699 5253 750 5300 cst.
820 5251 867 5308 68)
884 5253 1037 5304 occandum
1054 5256 1170 5305 Summe.
1241 5255 1288 5314 61)
1303 5269 1399 5320 preces
1416 5260 1531 5304 somma.
1601 5251 1649 5308 bb)
1666 5251 1847 5313 quesumus.
1915 5250 1963 5308 66)
1980 5249 2035 5301 ed·

108 5335 441 5385 encaemorum.
483 5333 532 5391 67)
549 5337 656 5384 caussis
672 5337 788 5386 Summa.
837 5334 884 5392 88)
899 5338 1028 5399 prestare
1044 5339 1161 5389 Summe.
1207 5339 1255 5398 66)
1272 5341 1376 5404 prediis
1393 5341 1511 5388 summa.
1552 5331 1600 5391 76)
1623 5331 1751 5396 pribains
1768 5334 1885 5381 stimme.
1924 5333 1972 5392 71)
1989 5335 2034 5383 In-

110 5420 191 5480 cipit
214 5414 275 5466 sot
296 5413 321 5464 ⁴·
340 5415 370 5462 Β·
439 5413 487 5472 ⁷2)
504 5415 547 5467 Nc
563 5421 681 5469 Summis·
749 5419 798 5475 73)
815 5417 862 5467 We
879 5421 995 5470 Summa·
1064 5421 1366 5488 detenuissemus
1435 5421 1482 5478 76)
1504 5419 1559 5468 uim
1577 5422 1693 5468 summu.
1761 5413 1809 5469 76)
1830 5415 2036 5480 fideiussoribus

107 5506 258 5554 summa.
349 5495 398 5556 77)
415 5499 554 5563 issteqrum
570 5503 686 5554 summa.
771 5501 819 5560 78)
836 5501 987 5554 iudicatam
1012 5507 1129 5556 sumnus.
1213 5507 1262 5564 79)
1279 5505 1454 5556 vinditionem
1470 5505 1587 5552 Summa.
1662 5499 1711 5560 86)
1728 5501 1902 5552 donationem
1918 5505 2035 5552 Summe.

111 5585 270 5636 omissus
290 5586 333 5630 est
351 5583 463 5631 tinctus:
482 5582 516 5632 Si
533 5583 668 5638 adoerius
683 5587 860 5639 otssdiiionem
876 5588 1013 5653 piqnoris.
1115 5590 1164 5650 81)
1186 5591 1241 5640 Pro
1263 5589 1302 5639 od
1323 5590 1431 5638 Summa
1454 5603 1472 5636 a
1491 5587 1578 5636 habet.
1681 5585 1731 5644 88)
1748 5585 1905 5636 curucam
1919 5589 2036 5648 Summa,

107 5671 166 5730 86)
188 5667 278 5735 quid
296 5665 378 5716 atusd
394 5669 510 5716 stenima.
578 5668 625 5729 Ob)
642 5671 740 5733 Incipit
757 5671 806 5722 Iol.
823 5673 850 5720 b.
868 5671 902 5721 A.
987 5675 1034 5733 86)
1051 5675 1161 5738 suspiras
1177 5677 1292 5724 Summa·
1377 5672 1425 5730 86)
1448 5671 1550 5723 aetatis
1566 5671 1681 5720 Summa.
1751 5669 1799 5726 87)
1816 5669 2036 5734 impetrares-uni

105 5760 257 5806 summa.
367 5751 415 5809 88)
432 5753 573 5816 inicorum
590 5756 705 5805 summa.
807 5756 856 5816 86)
878 5757 966 5822 possit
982 5759 1098 5808 sumus.
1201 5757 1249 5816 96)
1265 5755 1448 5807 restitutionis
1466 5758 1583 5808 sumus.
1684 5753 1732 5814 61)
1749 5751 1904 5819 adfecerunt
1918 5756 2034 5806 summ·

105 5839 164 5898 se)
185 5838 259 5888 ero
283 5834 408 5887 amram
425 5845 445 5904 q
461 5839 572 5889 snmus
588 5840 765 5905 mamque.
1559 5921 1627 5987 Α*
