4760 7042
733 537 872 608 XXV
915 531 1467 646 cautrituouult.
1958 539 2039 614 tea

177 739 352 818 περιουσίας,
385 728 523 814 καθάπερ
550 725 679 802 εἰπόντες
706 725 855 809 ίφθημεε,
891 728 1083 807 παριχομίνιμ
1133 743 1207 785 snae
1232 729 1434 804 substantiae,
1469 733 1502 788 ut
1528 734 1560 788 ei
1585 735 1674 788 antea
1700 730 1845 810 diximus,
1877 738 1909 794 ei
1928 731 1959 794 in
1980 735 2039 796 bes

175 819 313 895 ιὶλλαςδλ
345 811 412 884 ούτε
432 821 525 896 ἰκτίνῳ
546 813 850 897 χειροτονεῖσθαιῖὸ),
880 805 946 874 ούτε
966 817 1008 889 τῷ
1029 833 1082 893 χει·
1134 827 1207 872 nasu
1227 815 1376 887 praebeat.
1404 813 1503 872 Aliter
1517 818 1615 873 autem
1634 831 1730 888 neque
1749 819 1794 877 llli
1813 819 1943 878 ordinari
1962 831 2040 880 con·

173 910 327 988 ροιονοῦντι
354 898 468 968 τοιοῦτό
495 903 578 980 afli)
610 894 747 980 πράττων
772 897 957 978 ἐφίεμενλῖ),
1005 917 1083 975 γινω·
1133 897 1282 972 cedlmus,
1309 913 1406 972 neque
1426 899 1573 957 ordinanti
1601 899 1661 956 tale
1686 902 1757 972 quld
1777 919 1869 978 agere
1887 904 2040 978 permiiti-

173 987 291 1071 ωιούοης
320 995 372 1071 τῆς
398 993 452 1067 σῆς
472 983 628 1068 ὑπεροχῆς,
660 981 700 1056 ύς
723 989 817 1046 ταῦτα
843 981 1084 1060 παραφυλακτίον
1132 995 1218 1056 mus,
1238 983 1417 1040 excellentia
1437 988 1488 1043 tua
1509 983 1638 1056 sciente,
1665 983 1741 1042 baec
1769 988 1807 1044 ab
1827 990 1962 1047 omuibus
1982 989 2039 1048 liei

171 1071 262 1138 ἅπασι
279 1086 340 1148 τοῖς
360 1067 598 1153 θεοφιλεπότοις
624 1061 798 1140 ἐπισκόποις,
819 1063 917 1144 ποινὴν
938 1061 1084 1144 ύφορωμιί-
1133 1065 1344 1124 amantissimis
1365 1068 1550 1126 observanda
1567 1083 1635 1126 esse
1650 1069 1809 1142 episeopis,
1829 1087 1952 1144 poenam
1974 1073 2040 1136 clr-

169 1181 226 1232 νοις
244 1160 308 1240 aspi
328 1152 419 1238 αύτῆν
439 1152 491 1235 τὴν
520 1149 689 1235 ίεροσύνην,
715 1149 748 1214 εἴ
760 1173 789 1214 τι
810 1155 923 1214 τοιοῦτο
932 1147 978 1228 ²⁸)
1006 1139 1080 1230 πρό·
1130 1164 1168 1206 ea
1189 1150 1285 1222 ipsum
1312 1153 1510 1210 sacerdotium
1532 1154 1747 1228 expectaturis,
1780 1153 1878 1228 siquid
1906 1159 1967 1216 tale
1987 1161 2041 1216 t'e-

170 1239 252 1317 ξαεεν,
277 1237 353 1322 πρός
378 1237 413 1304 τό
434 1239 560 1320 μηδδῖθ)
581 1235 632 1302 τόν
658 1230 903 1320 χειροτονούμενος
928 1237 980 1312 τῆς
1001 1238 1080 1312 ἰερω-
1130 1233 1241 1310 cerini,
1270 1241 1473 1308 praeterquam
1503 1238 1581 1310 quod
1601 1252 1658 1294 neo
1677 1237 1705 1295 is
1726 1237 1809 1314 ipsc,
1844 1241 1894 1312 qul
1915 1243 2039 1302 ordina-

169 1323 252 1406 πύνης
278 1322 447 1399 ἀπολαύειν,
476 1319 587 1405 κύνθθ)
616 1326 645 1385 εἰ
669 1315 812 1404 πρότερον
838 1311 1002 1398 οίονδὴπυτε
1028 1319 1080 1397 βα·
1128 1321 1193 1392 tur,
1222 1321 1388 1378 sacerdotio
1419 1325 1553 1394 fruetur,
1585 1321 1658 1378 licat
1690 1325 1778 1380 antea
1805 1323 2039 1400 qualemcunque

168 1407 248 1512 θμόν
266 1414 407 1490 ίιρατιίας
424 1413 550 1490 ἐπεῖχεν,
584 1403 654 1472 ἀλλ’
677 1411 706 1468 ἰν
726 1399 850 1478 ἰδιώταις
869 1395 1011 1482 τετύχθαι
1031 1398 1078 1461 καί
1128 1403 1290 1461 sacerdotii
1315 1406 1441 1480 gradum
1475 1405 1654 1479 obtinuerit,
1679 1421 1782 1464 serum
1808 1407 1887 1466 inter
1906 1412 2040 1483 privatos

166 1517 218 1568 τας
236 1496 411 1576 λειτουργίας
431 1495 564 1571 ὀιτελεῖν,
594 1487 640 1564 αίς
667 1487 795 1554 ύπίιιειτο
820 1480 968 1590 πρότερον.
1002 1479 1078 1566 ύπερ
1127 1487 1282 1562 redigetur
1302 1495 1333 1547 et
1353 1489 1529 1564 ministeria,
1550 1490 1657 1562 quibus
1675 1491 1757 1563 prins
1776 1493 1960 1568 sublaoebat,
1979 1511 2039 1555 ex·

166 1573 280 1642 ύπσντα
298 1591 414 1661 κρατεῖν
434 1581 473 1650 εἰς
493 1573 545 1639 τόν
565 1577 666 1658 ἐφεξῆς
686 1570 855 1656 βουλόμεθα
874 1591 985 1673 χρονον,
1006 1573 1078 1631 duas·
1128 1575 1278 1643 sequetur.
1319 1575 1403 1644 Quae
1430 1575 1529 1632 omnia
1555 1575 1587 1632 iu
1608 1575 1741 1632 futurum
1768 1579 1883 1650 tempus
1903 1578 2038 1639 obtinere

164 1657 199 1742 δὴ
226 1665 319 1726 τοίνυν
345 1666 462 1743 πρᾶτον
492 1658 546 1740 ὑφ’
569 1660 649 1742 ἡμῶν
669 1654 824 1740 ἰξεύρηται,
852 1680 887 1720 ου
907 1674 1076 1732 προσαπτο·
1127 1657 1280 1730 volumus,
1301 1657 1530 1730 quoniamnunc
1547 1658 1673 1732 primum
1691 1661 1806 1718 anobis
1821 1661 1943 1720 iuventa
1958 1668 2040 1740 suut,

163 1749 248 1827 pison
266 1749 415 1822 παντελεῖς
435 1748 520 1808 τοῦδε
539 1743 646 1823 sosii)
668 1740 768 1826 νόμον,
794 1737 931 1822 καθάπερ
952 1732 1079 1811 εἰπόντες
1129 1757 1188 1798 non
1215 1741 1383 1814 pertinente
1409 1742 1582 1801 ullomodo
1610 1744 1668 1800 bac
1695 1743 1782 1822 lege,
1817 1749 1851 1802 ui
1876 1747 1935 1806 lam
1957 1747 2040 1808 dixi-

162 1827 312 1910 ύφθημεν,
343 1836 403 1894 τῶν
433 1825 515 1903 ἅπαξ
541 1825 673 1907 τοιαύτης
700 1821 852 1907 ἱερωσύνης
887 1821 1079 1898 ἀξιωθέντων,
1128 1839 1212 1899 mus,
1246 1825 1285 1884 ad
1315 1842 1386 1902 eos,
1414 1827 1465 1900 qui
1491 1827 1585 1885 semel
1611 1827 1664 1884 tali
1692 1829 1837 1903 dignitate
1862 1831 2041 1892 sacerdotali

160 1913 232 1977 ἀλλ’
254 1914 387 1989 ἰξουσίαν
412 1909 533 1998 ἐχόντων
559 1912 656 1976 αύτθν
683 1909 724 1973 δι’
746 1904 994 1972 ύποκαταοτότων
1025 1908 1078 1970 λιι-
1128 1909 1264 1968 honorati
1284 1915 1363 1986 νοοῖ,
1384 1912 1438 1969 sed
1452 1911 1602 1969 licentiam
1615 1912 1792 1970 habentibus
1804 1914 1879 1986 ipsis
1891 1931 1944 1988 per
1964 1917 2041 1975 sub-

160 2011 291 2081 τονργεῖν
316 1994 393 2064 κοιτό
421 1995 474 2080 τύγν
507 1998 665 2062 Θεοδοσίου
689 1997 737 2058 καλ
760 1992 993 2058 Ούολεντινιανοθ
1021 1996 1080 2054 των
1128 1994 1250 2052 stitutus
1272 2011 1415 2070 personas
1440 1996 1629 2054 ministrandi
1650 1998 1814 2055 secundum
1835 1999 1995 2060 'rbeodosli
2011 2007 2042 2060 et

160 2088 212 2163 τῆς
226 2081 364 2165 εοόεβοῡς
383 2077 489 2164 λη’ξοος
509 2079 637 2156 διάταξιν
647 2081 695 2160 ³²)
722 2074 775 2160 τὴν
794 2073 871 2160 πρός
895 2077 1004 2152 Θωμᾶν
1029 2073 1078 2136 όν·
1128 2079 1333 2136 Valentiniani
1354 2081 1422 2154 piae
1450 2081 1611 2139 memoriae
1632 2082 1880 2158 constitutionem,
1902 2099 1978 2156 quae
2002 2086 2043 2144 ad

158 2171 388 2272 τιχεγραμμίεην.
450 2171 474 2245 5.
504 2170 531 2230 1.
562 2162 648 2248 Πρός
673 2158 785 2238 τούτοις
813 2165 921 2225 δίκαιον
930 2159 977 2239 ³⁸)
1009 2157 1080 2221 εἰναι
1129 2163 1273 2222 Ιδίιιιεεεαεει
1294 2167 1439 2238 rescripta
1459 2169 1515 2222 est.
1567 2164 1600 2240 3.
1621 2163 1651 2222 1.
1677 2165 1727 2225 Ad
1748 2167 1825 2224 baec
1846 2173 1876 2225 et
1896 2168 1970 2226 illud
1990 2171 2042 2229 lu-

158 2263 271 2315 κακεῖνο
280 2251 330 2328 ³⁴)
350 2265 465 2333 κρατεῖν
491 2254 539 2314 κοιλ
559 2245 765 2314 πολιτεύεσθαι
784 2245 979 2327 δεσπόζομεν,
1005 2237 1079 2324 όπερ
1129 2251 1208 2306 stum
1236 2264 1306 2306 esse
1333 2254 1364 2306 et
1398 2249 1531 2308 obtinere
1563 2255 1595 2307 ei
1628 2249 1661 2308 iu
1688 2267 1748 2308 usu
1779 2267 1848 2310 esse
1878 2253 2043 2331 sancimus,

160 2337 248 2399 τεθλν
274 2335 398 2420 δξαρχῆς
439 2338 487 2399 καί
520 2331 761 2415 πολιτευσόμενυν
793 2329 846 2394 oda
886 2331 968 2408 ι’σμεν
1000 2322 1081 2400 ὅπως
1129 2330 1207 2404 quod
1228 2333 1266 2390 ab
1286 2333 1373 2392 lnltlo
1394 2336 1522 2406 positum
1544 2338 1575 2391 et
1595 2349 1654 2393 usu
1675 2337 1863 2394 observatum
1890 2339 2042 2398 nescimus

156 2424 326 2502 πορσύνεται
366 2416 538 2502 μεμνήμεθα
558 2415 614 2501 γόιρ
636 2417 790 2500 Ἀρκαδίαν
815 2417 863 2478 καλ
889 2411 1079 2494 Ὀνυρίονθό)
1129 2431 1256 2490 quonam
1275 2417 1362 2476 modo
1389 2418 1421 2476 ln
1447 2419 1672 2477 desuetudinem
1693 2421 1808 2478 abierit.
1850 2421 2041 2482 Meminimus

160 2511 220 2568 anis
239 2511 295 2584 τῆς
314 2502 449 2606 εύσεβοῠς
470 2501 576 2583 λήξεως
595 2497 757 2584 ἰντυχόντες
777 2495 903 2572 διατύξει
922 2499 1079 2580 βουλομένη
1129 2499 1208 2558 enlm
1228 2501 1260 2560 in
1280 2501 1406 2560 Arcadii
1427 2507 1458 2559 et
1478 2503 1602 2562 Honnrli
1623 2504 1691 2576 piae
1711 2503 1870 2563 memoriae
1892 2507 2043 2566 constitu-

157 2585 418 2748 “ifflim’
450 2584 762 2746 ..λ’ρεάμόὴόύέἔξ
786 2580 905 2733 iiii
925 2587 986 2730 :i‘
1002 2585 1079 2728 iii
1128 2586 1328 2728 iiiii:
1351 2585 1865 2733 illiti’ili¹¹‘ilelii⁰i
1899 2591 2043 2734 liii

156 2674 428 2842 megalium
441 2760 490 2822 καλ
508 2694 757 2838 κότθηόημύνόόλλ)
779 2750 861 2838 παρὰ
872 2751 919 2833 ³⁸)
938 2689 1001 2813 τύνα
1010 2757 1078 2813 θεο-
1127 2753 1263 2812 militiam
1284 2686 1465 2829 traiciendi,
1485 2760 1537 2813 aut
1557 2688 1649 2814 etiarnl
1667 2757 1796 2832 depositi
1806 2690 1835 2816 qa
1856 2760 1912 2818 Del
1932 2777 2043 2818 aman-

158 2837 345 2923 φιλεστύτων
361 2837 525 2906 ἐπισκόπων
545 2836 761 2922 στρατεύεοθαι
780 2834 960 2920 τολμήσαιεν,
981 2831 1079 2916 διβόλ-
1127 2837 1254 2896 tissimls
1275 2840 1423 2914 episcopis
1444 2841 1572 2900 milliare
1591 2842 1658 2899 ausi
1678 2843 1805 2918 fuerint,
1832 2844 1903 2902 elici
1923 2845 2043 2918 quidem

155 2930 271 2990 λτοοου
291 2925 341 3006 pir
361 2921 412 2990 οὖν
432 2922 540 3000 αύτούς
559 2931 610 3008 τῆς
631 2927 784 3006 στρατείας
803 2914 838 3004 ἧς
858 2921 964 3003 ἔτυχον,
985 2942 1078 3002 παρπ-
1128 2921 1212 2996 ipsos
1232 2923 1354 2997 militia,
1375 2939 1462 2998 quam
1484 2926 1637 2984 commenti
1658 2932 1744 3003 sunt,
1771 2927 1849 2986 tradi
1870 2935 1968 2990 autem
1990 2930 2041 2991 ci·

156 3014 303 3076 δίδοσθαι
330 3011 362 3076 δί
388 3023 452 3084 ταῖς
481 3015 539 3074 τῶν
564 3005 676 3074 πόλεων
700 3010 817 3090 βουλαῖς
844 2999 1079 3089 ύπουργὴσοντας
1128 3009 1254 3066 vitatum
1283 3009 1393 3085 curiis,
1426 3010 1546 3083 publico
1573 3010 1605 3068 iu
1636 3015 1787 3083 posterum
1813 3013 2043 3090 ministraturos,

156 3091 195 3160 τό
222 3089 327 3159 λοιπόν
351 3101 393 3174 τῷ
421 3097 564 3175 δημοσίῳ,
598 3091 692 3174 ἐπειδὴ
720 3095 768 3154 καὶ
795 3096 831 3172 τῇ
854 3097 906 3154 τοῦ
935 3083 1081 3152 δεσπότου
1129 3107 1219 3165 quum
1245 3096 1277 3150 ei
1304 3109 1324 3151 a
1353 3093 1464 3153 domini
1489 3093 1545 3155 nel
1574 3094 1699 3154 servitio
1728 3098 1890 3158 secundum
1917 3099 2044 3160 militiae

155 3185 236 3244 θεοῦ
257 3182 376 3260 λατρεία
401 3176 478 3244 κατόι
504 3174 556 3240 τόν
582 3183 635 3258 τῆς
666 3179 819 3260 στρατείας
846 3170 956 3259 τρόπον
982 3171 1080 3255 ἔτυχον
1129 3178 1274 3236 rationem
1295 3193 1364 3236 sese
1383 3179 1596 3237 abdicaverint
1629 3179 1712 3248 Quae
1733 3183 1830 3239 omnia
1851 3199 1890 3241 ex
1910 3183 1968 3242 bac
1983 3199 2043 3242 nn-

153 3260 340 3336 ιίπειιεόντες.
381 3257 457 3348 όπερ
484 3274 598 3344 κρατεῖν
617 3267 649 3325 δι
675 3261 811 3340 cedde-ii)
839 3259 920 3342 η’μῶν
945 3261 1080 3332 θεσπίζο-
1130 3266 1193 3318 sira
1219 3262 1289 3336 lege
1318 3262 1452 3321 obtinere
1487 3264 1655 3338 sancimus,
1691 3265 1827 3326 lubentes
1855 3283 1908 3326 eos
1941 3270 2044 3328 statim

153 3373 210 3430 μεν
232 3353 287 3412 τοῦ
302 3343 409 3424 νόμου,
438 3345 597 3420 κελεύοντες
622 3343 728 3419 αύτούς
754 3341 843 3418 εύθύς
863 3347 912 3408 καλ
932 3347 1081 3424 ποραχρῆ-
1130 3351 1161 3403 et
1183 3346 1463 3422 mercennurius,
1491 3365 1531 3406 ex
1551 3364 1610 3422 qua
1630 3353 1718 3424 sunt,
1743 3351 1877 3408 civitatis
1896 3353 1962 3412 tleri
1983 3368 2042 3412 cu·-

154 3458 200 3514 μα
222 3437 277 3514 τῆς
297 3429 409 3506 πόλεως
429 3435 548 3511 ἐκείνης,
576 3421 655 3510 ἐξῆς
676 3433 739 3506 εἰσί,
760 3435 896 3512 χένεσθαι
915 3425 1079 3510 βουλευτάς,
1128 3431 1238 3502 κλινίδος
1272 3432 1331 3488 nisi
1359 3433 1522 3490 curialibus
1549 3434 1656 3492 divitas
1684 3435 1876 3494 vehementer
1902 3437 2044 3512 abundet,

155 3509 186 3580 εἰ
203 3513 248 3598 μὴ
271 3513 389 3597 σφόδρα
409 3513 600 3597 aaronem)
623 3513 734 3598 ἔχοιΗ)
756 3517 915 3596 βουλευτῶν
936 3510 955 3592 ἡ
976 3509 1079 3583 πόλις·
1128 3515 1261 3587 alioquin
1282 3516 1402 3574 vicinae
1421 3522 1474 3575 aui
1493 3518 1582 3576 etiam
1602 3517 1754 3578 ulterioris
1774 3535 1869 3593 usque
1895 3521 1934 3578 ad
1954 3537 2046 3580 uuam

152 3605 299 3682 ἰπείτοιγε
332 3608 384 3680 τῆς
418 3603 541 3682 γείτονος
568 3596 586 3680 ἢ
617 3603 665 3662 καί
697 3603 871 3682 πορρωτέρω
901 3602 982 3678 μέχρι
1011 3601 1080 3677 μιᾶς
1128 3595 1311 3672 provinciam
1331 3601 1470 3676 alteram,
1489 3603 1541 3661 ubi
1561 3603 1689 3660 maxime
1710 3607 1757 3660 esi
1768 3606 1923 3663 curialium
1943 3621 2044 3679 penn-

155 3689 304 3767 ἐπαρχίας
329 3689 444 3765 islone,
475 3683 550 3746 ἔνθα
569 3679 696 3764 μάλιστα
723 3687 884 3765 βουλευτῶν
903 3685 1081 3760 καθέστηκεν
1129 3685 1184 3741 ria.
1226 3684 1260 3742 Si
1281 3699 1370 3758 vcro,
1392 3691 1426 3744 ut
1446 3687 1511 3744 lieri
1531 3687 1617 3760 solet,
1638 3689 1765 3763 latitent,
1786 3691 1949 3748 curialibus
1969 3703 2042 3763 per·

153 3768 282 3849 ούπορία.
323 3773 351 3834 εἰ
369 3769 398 3832 ei
419 3767 555 3850 ἀφανεῖς,
583 3766 624 3842 eie
643 3763 733 3843 εἰκός,
760 3771 898 3848 γίνοιντο,
922 3759 1021 3830 ύδειαν
1041 3767 1080 3828 δί-
1129 3766 1272 3827 mittimus
1294 3771 1394 3828 statlm
1414 3770 1533 3846 ingredi
1553 3787 1615 3846 res,
1639 3787 1716 3844 quae
1735 3773 1839 3831 borum
1861 3779 1940 3849 sunt,
1967 3776 2044 3832 λινε-

154 3858 249 3934 δομεν
280 3865 344 3928 τοῖς.
366 3856 532 3935 βουλευταῖς
558 3850 648 3927 εύθύς
674 3855 824 3936 ἐπιβαίνειν
844 3857 903 3915 τῶν
922 3843 1080 3932 προσηκόν-
1130 3853 1244 3925 basque
1264 3854 1398 3912 detinere
1418 3857 1534 3930 sibique
1555 3857 1717 3915 secundum
1738 3857 1837 3932 legem
1857 3859 1926 3917 inde
1947 3859 2043 3918 salle-

153 3961 219 4000 των
242 3936 342 4011 αὐτοῖς
362 3935 548 4038 πραγμάτων,
570 3939 617 4000 καὶ
638 3943 731 4002 ταῦτα
752 3939 876 4020 κατέχειν
896 3938 945 3997 καλ
964 3931 999 3997 τό
1021 3937 1079 3997 ίκα·
1128 3939 1238 3999 meere.
1280 3941 1365 3998 llaec
1384 3939 1478 4014 igitur
1497 3941 1530 3999 ln
1550 3941 1808 4000 reverendissimis
1837 3943 2042 4018 culuscunque

154 4017 212 4086 νόν
240 4024 353 4094 ἑαυτοῖς
380 4045 456 4086 κατα
483 4017 535 4086 τόν
567 4017 655 4101 νόμον
689 4027 822 4084 ἐντεῦθεν
848 4034 944 4083 ποιεῖν.
986 4023 1081 4082 ταῦτα
1129 4022 1244 4097 gradus
1267 4022 1386 4082 clericis
1414 4025 1446 4082 in
1472 4030 1647 4100 perpetuum
1674 4027 1776 4084 valere
1807 4027 1974 4103 sancimus,
2009 4028 2043 4087 ln

154 4104 213 4184 μὲν
235 4097 289 4168 ούν
309 4108 355 4168 esi
376 4105 491 4186 τοῖςίλ)
513 4099 735 4186 εύλαβεστόετοις
753 4108 893 4186 κληραιοῖς
913 4101 1081 4186 οίουδὴποτε
1129 4106 1179 4164 bls
1213 4122 1343 4184 quoque,
1377 4108 1429 4180 qul
1463 4111 1523 4167 lam
1549 4110 1751 4186 deliquerunt,
1780 4111 1880 4187 legem
1907 4113 2043 4172 obtinere

154 4191 286 4269 βαθμοῦ
319 4201 433 4269 κρατεῖν
461 4195 501 4265 εἰς
528 4185 562 4252 τό
593 4190 712 4270 διηνεκὲς
739 4189 931 4290 θεσπίζομεν,
961 4191 1009 4251 καλ
1035 4190 1082 4250 dri
1130 4192 1318 4265 sancientes,
1346 4191 1483 4265 quonlam
1504 4201 1536 4252 et
1556 4200 1645 4252 antea
1663 4195 1707 4252 ita
1734 4199 1807 4253 erat.
1848 4197 1922 4255 cum
1942 4201 2042 4256 autem

154 4284 226 4344 τοῖς
254 4265 309 4354 ἤδη
336 4269 605 4375 πλημμεληνόσιίῧ)
626 4285 740 4356 κρατεῖν
767 4268 818 4336 τόν
837 4295 925 4354 νομον
945 4267 1082 4356 βουλόμε-
1131 4276 1221 4334 είλετο
1250 4277 1488 4336 constitutionem
1517 4279 1663 4351 quandam
1695 4279 1733 4336 de
1760 4281 1913 4340 monacbis
1939 4282 2043 4340 disse-

151 4379 212 4431 νοι,
249 4353 321 4422 διότι
348 4359 396 4420 καλ
422 4379 563 4438 προτερον
595 4351 638 4438 ἦν.
679 4352 773 4438 ἐπειδὴ
801 4355 831 4418 oi
858 4358 911 4418 καί
931 4379 995 4419 ταα
1021 4352 1079 4420 dui·
1128 4367 1243 4420 rentem
1263 4361 1465 4420 invenerimus
1485 4363 1691 4435 volentemque
1719 4364 1774 4421 bos
1801 4381 1860 4423 non
1887 4365 2042 4438 relinque·

150 4441 245 4516 ταξιν
264 4435 395 4544 ηύρομεν.
408 4445 472 4524 περλ
493 4447 625 4546 μοναχυόν
653 4445 848 4542 διαλεγομένην
872 4441 920 4503 καλ
947 4443 1079 4546 βονλομί·
1129 4459 1163 4502 re
1190 4446 1311 4518 propria
1328 4446 1509 4504 monasteria
1528 4463 1624 4519 neque
1644 4449 1764 4506 turbare
1784 4450 1933 4524 civitates,
1953 4464 2042 4522 quam

149 4547 407 4692 Ziaffi'iiii
422 4529 1079 4692 iiiiii‘ilit'ii,‘iiiiii
1129 4530 1863 4690 i.:iiiiii„33¹⁰iitbiliiiiitl,
1879 4531 2040 4676 ‘iiii

149 4700 275 4798 νεῖσθαι
294 4690 394 4778 καιρόν
406 4717 478 4768 τινες
485 4695 533 4774 ⁴⁵)
549 4691 750 4769 ύποπτεύουσι,
772 4698 829 4757 δεῖν
841 4691 977 4776 ᾠήθημεν
988 4694 1079 4776 τῖφος.
1127 4713 1195 4756 nem
1216 4697 1287 4755 lude
1306 4699 1499 4775 accipientes,
1519 4702 1685 4774 perfectius
1703 4707 1790 4774 atque
1804 4702 1836 4756 ln
1854 4716 1941 4759 omne
1958 4705 2039 4759 iem-

147 4804 215 4862 μην
238 4783 371 4842 ἐντεῦθεν
390 4777 529 4862 λαβόντες
547 4777 720 4862 τελειότερον
728 4779 775 4858 ⁴⁶)
796 4781 843 4841 καλ
864 4785 904 4852 εἰς
918 4777 970 4842 τόν
986 4775 1078 4842 ύπαν-
1128 4799 1185 4856 pus
1206 4783 1294 4840 etiam
1322 4783 1379 4841 boc
1406 4787 1576 4844 reformare.
1617 4786 1738 4844 Nemini
1764 4784 1857 4859 igliur
1884 4801 1922 4844 ex
1947 4801 2039 4844 reve-

148 4888 198 4928 τα
217 4860 321 4945 χρόνον
355 4867 403 4926 καὶ
431 4871 516 4928 τοῦτο
550 4871 767 4945 ἐπανορθῶσαι.
808 4858 885 4926 ὥστε
911 4867 1007 4946 μηδενὶ
1027 4869 1080 4928 τοῦ
1129 4866 1315 4925 rendisslmls
1329 4870 1481 4927 monacbis
1497 4871 1528 4928 in
1546 4874 1696 4942 posterum
1715 4869 1864 4926 licentiam
1879 4885 1948 4928 esse
1962 4885 2038 4928 sau-

149 4952 264 5012 λοιποῦ
292 4951 350 5010 τῶν
375 4944 593 5030 εύλαβεστύτων
619 4957 752 5033 μοναχῶν
772 4941 871 5012 ύδειαν
892 4947 962 5012 εἰναι
988 4955 1079 5012 τοιού·
1129 4951 1241 5026 cimus,
1263 4951 1323 5010 tale
1348 4954 1419 5026 quid
1444 4955 1592 5026 radendi,
1619 4951 1882 5025 monachicumque
1907 4955 2040 5013 babitans

150 5027 193 5096 τό
220 5031 305 5110 τιΗ)
326 5025 471 5112 πράττειν,
492 5037 541 5096 κοιλ
561 5031 782 5114 καταλιμπάνειν
802 5033 852 5112 pls
872 5029 906 5095 τὸ
928 5032 1080 5116 peragrabo
1128 5036 1323 5112 relinquendi,
1345 5036 1596 5113 circumcingeudl
1615 5041 1713 5094 antem
1729 5037 1789 5096 sibl
1809 5040 2041 5112 qualemcunque

150 5119 271 5220 σχῆμα,
300 5111 529 5196 περιβάλλεσθαι
557 5119 587 5179 ei
615 5115 666 5199 τὴν
693 5115 860 5196 οίαυοῦνω)
881 5122 1035 5199 στρατείαν
1061 5113 1079 5199 ἢ
1128 5121 1281 5198 militiam,
1312 5123 1362 5181 vei
1391 5121 1541 5199 cingulum
1573 5121 1623 5180 vel
1649 5122 1825 5200 dignitatem
1852 5125 1902 5183 vel
1928 5139 2039 5199 eorum,

148 5203 253 5280 ζεννην
278 5193 295 5279 ἢ
325 5197 423 5275 όξίαν,
454 5195 601 5281 ἢτόν49)
631 5207 660 5265 ἐν
684 5203 875 5282 δικαστηρίοις
900 5198 1080 5282 μεταδιώκειν

318 5433 367 5494 88)
383 5433 450 5485 Post
465 5437 679 5506 χειροτονεῖσθαι
696 5437 765 5503 Aug.
783 5437 858 5490 addit
874 5439 1064 5510 συγχωροῦμεν.
1120 5440 1168 5504 88)
1185 5437 1310 5492 τοιοῦτόν
1325 5454 1353 5489 τι
1369 5439 1442 5504 Aug.
1492 5441 1540 5502 87)
1557 5441 1659 5506 ἐφίεμεν
1675 5446 1745 5511 Aug.
1795 5444 1842 5504 88)
1859 5445 1907 5493 Sic
1921 5443 1989 5508 Aug.
2006 5467 2040 5480 -
2145 5475 2152 5488 .

151 5498 291 5556 remita
307 5502 380 5552 bion.
447 5504 496 5562 88)
511 5500 548 5568 με)
566 5503 594 5554 δί
609 5505 683 5554 Mon.
748 5506 797 5567 80)
814 5504 862 5558 κτλν
877 5507 950 5558 bion.
1017 5507 1065 5568 81)
1079 5509 1129 5560 τοῦ
1146 5509 1175 5560 il
1188 5511 1238 5561 τοῦ
1254 5512 1324 5572 Aug·
1398 5509 1445 5568 82)
1463 5507 1604 5569 διατάξειεν
1619 5513 1692 5562 bion.
1763 5511 1811 5571 88)
1826 5507 1926 5562 adecho
1942 5509 2042 5561 δίκαιον

147 5576 240 5626 Mon·
309 5569 359 5630 84]
376 5570 438 5621 Vox
455 5567 556 5622 ωδιεῖνο
573 5571 649 5622 deest
665 5574 734 5636 apud
750 5577 824 5640 Δυς.
899 5573 945 5641 tib)
959 5572 1082 5641 Ὀνυρίου
1097 5579 1169 5628 Mon.
1241 5577 1288 5634 δθ)
1304 5573 1404 5626 ἑαυτῶν
1419 5579 1487 5642 aug.
1571 5579 1618 5638 aa)
1635 5582 1705 5645 Aug.
1722 5582 1751 5630 in
1767 5579 1886 5630 Aduena.
1903 5583 1978 5628 οπεος
1993 5595 2042 5626 se-

145 5638 338 5710 θαιρημδνυι.
396 5639 445 5698 88)
461 5639 516 5689 Pro
532 5637 606 5710 παρὰ
621 5642 695 5691 Mon.
711 5643 792 5694 babet
808 5641 877 5716 περὶ.
945 5646 994 5704 89)
1010 5646 1060 5696 τοῦ
1076 5643 1105 5695 δὲ
1121 5647 1191 5707 ang.
1259 5641 1306 5701 40)
1323 5637 1449 5710 εὐπορίαν
1466 5647 1535 5707 aug.
1602 5647 1651 5706 41)
1667 5649 1720 5712 ἰχει
1736 5650 1806 5712 Aug.
1877 5645 1925 5705 48)
1940 5643 2042 5702 δπιτοῖς

145 5713 235 5766 Aug.
254 5769 260 5788 η
326 5705 375 5766 48)
384 5706 626 5790 1τεεπλνγμμεληυοίοι
643 5711 713 5774 Aug.
790 5709 839 5770 44)
855 5707 892 5778 με)
910 5711 938 5762 δε
955 5717 1035 5778 Aug„
1052 5709 1088 5778 με)
1106 5711 1133 5761 di
1150 5713 1223 5760 Mon.
1292 5709 1339 5770 48)
1355 5707 1445 5784 καιρὸν
1461 5713 1530 5771 τινες
1545 5715 1617 5798 *¹¹3-
1684 5715 1731 5776 48)
1747 5711 1905 5783 τελειότνρόν
1925 5730 1955 5764 τε
1971 5715 2041 5772 Aug.

142 5777 209 5834 47)
229 5789 263 5823 το
282 5777 391 5824 τοιοῦτο
408 5789 437 5826 τι
454 5777 523 5838 Aug.
590 5776 638 5834 48)
655 5775 747 5831 einais
762 5778 843 5846 Aug,
858 5791 953 5833 verum
970 5783 998 5832 in
1016 5778 1094 5834 Corr·
1112 5780 1227 5844 corrigit
1244 5774 1358 5832 οῖαννθν.
1440 5779 1489 5842 49)
1505 5782 1560 5836 i'ro
1576 5799 1623 5836 τον
1638 5783 1711 5836 δίου.
1729 5783 1808 5836 babet
1822 5779 1879 5850 τήν,
1896 5783 1965 5847 Aug.
1981 5779 2041 5844 τῶν,

142 5853 259 5896 mum
276 5844 305 5894 iu
323 5839 431 5909 corrig.
450 5841 636 5910 corrigiatis.
1647 5909 1674 5982 2
