4824 7048
357 463 438 534 318
849 457 1221 530 IOHANNIS
1280 455 1758 530 SHOLASTICI

356 651 498 752 μάλιστα
515 648 598 736 παρά
630 656 687 716 τῶν
721 649 947 731 διαθεμένων
930 679 948 733 η
975 655 1033 714 τῶν
1042 653 1267 754 δωρησαμιναι
1316 669 1363 711 me
1391 668 1410 709 a
1436 651 1631 711 testatoribus
1666 653 1716 711 vel
1751 650 1942 713 donatoribus
1971 651 2011 712 ils
2044 655 2226 718 interdictum

357 735 543 820 άπηηορεύθη
571 735 777 814 o6rotc⁷³“)
759 761 828 817 ιχειν
856 732 931 841 πρός
960 732 1051 798 ταῦτά
1077 759 1141 798 τινα
1167 759 1266 838 μετου·
1317 741 1371 812 sit,
1400 753 1438 795 ne
1468 753 1555 836 quam
1584 752 1650 795 cum
1684 738 1733 796 his
1763 739 1889 796 habeant
1916 742 2159 798 communionem.
2199 747 2226 802 si

358 829 432 888 σίαν
474 829 500 885 εί
528 825 557 885 di
585 830 614 885 oi
632 823 804 904 cometen)
826 830 943 903 ποιησαι
965 821 1166 894 κελευσθέντες
1185 815 1267 894 άπαξ
1317 837 1388 880 vero
1418 824 1464 889 hi,
1497 823 1552 920 qui·
1576 824 1650 880 talia
1677 825 1813 880 lacere'
1806 823 1883 881 russi
1911 827 2011 899 sunt,
2034 827 2126 882 semel
2149 832 2228 899 atque

356 913 404 972 καλ
432 911 473 980 dic
498 904 581 988 παρόι
607 907 716 986 60675)
749 904 904 970 ἐπισκόπου
932 911 989 1006 τρλν
1017 902 1114 966 τόπων
1141 908 1187 966 καλ
1210 913 1296 972 τῶν
1319 909 1424 966 iterum
1448 909 1484 964 ab
1507 908 1646 981 episcopo
1668 908 1749 965 illius
1771 908 1831 965 loci
1852 909 1977 980 eiusque
1993 911 2164 967 oeconomis
2185 929 2229 984 per

356 989 460 1056 τούτου
476 989 630 1071 οἰκονόμων
644 989 691 1054 διόι
709 985 1023 1073 δημοσίανπροσούποιν
1038 989 1270 1090 ιἰπομνησθβντες
1319 993 1454 1065 publicas
1478 1009 1619 1064 personas
1641 993 1782 1050 admoniti
1803 1009 1857 1067 ea,
1887 1008 1963 1064 quse
1990 994 2137 1066 disposita
2159 1005 2229 1070 sunt,

356 1077 616 1180 6nrp66rrm⁷⁶>
610 1074 1101 1154 τόδιατυπωθινταλλ)πληρώσαι,
1123 1069 1270 1154 κελεύομεν
1318 1078 1440 1149 implere
1461 1077 1607 1151 different,
1629 1078 1790 1150 sancimus,
1811 1083 1845 1134 ut
1859 1077 1891 1133 λιι
1910 1093 1996 1134 omne
2012 1079 2140 1153 lucrum,
2162 1041 2229 1152 quo6

358 1160 476 1234 τούτους
491 1159 570 1225 ἅπαν
586 1158 619 1223 τό
641 1166 737 1242 κίρδος
758 1183 790 1223 το
781 1158 1054 1239 καταλειφθλνλθ)
1071 1158 1168 1231 αὐτοῖς
1186 1157 1268 1237 παρόν
1318 1162 1394 1234 ipsis
1422 1161 1458 1218 ab
1494 1178 1546 1235 eo,
1588 1163 1638 1234 qui
1666 1163 1741 1219 liaeo
1774 1163 1839 1220 ileri
1869 1163 1975 1237 iussit,
2009 1122 2149 1222 relicturis
2182 1173 2229 1240 est,

358 1253 409 1310 τοιλ
429 1253 523 1309 ταῦτα
543 1242 725 1318 κελεύσαντος
752 1243 978 1322 άπολλῦιαιλλ),
1008 1241 1075 1317 τούς
1096 1241 1160 1305 di'
1146 1241 1268 1306 οσιαινά-
1320 1249 1471 1320 amittant3
1492 1247 1785 1304 sanctissimiautem
1806 1246 1888 1304 illius
1906 1247 1964 1304 loci
1985 1249 2120 1345 episcopi
2137 1265 2228 1309 omnes

357 1353 424 1404 τους
445 1329 616 1402 ἐπισκόποις
644 1335 700 1391 ταλν
727 1325 824 1392 τόπων
851 1325 947 1390 πάντα
975 1325 1012 1390 τά
1038 1323 1194 1474 πράγματρι
1216 1324 1269 1391 πολ·
1320 1348 1379 1404 res,
1391 1347 1466 1402 quae
1480 1333 1624 1404 omnibus,
1640 1331 1792 1389 ntdictum
1809 1337 1865 1406 est,
1880 1332 1939 1404 piis
1953 1348 2054 1389 σεαειε
2065 1335 2228 1410 assignatae

358 1416 494 1493 σαιςθθ),
528 1413 569 1488 αός
589 1413 763 1493 ειρηταιῦλ),
798 1426 861 1485 ταῖς
882 1411 1024 1515 εύσεβίσιν
1044 1418 1105 1476 αιτ
1103 1438 1148 1485 αις
1169 1411 1269 1492 άηορι·
1321 1421 1401 1488 sunt,
1424 1432 1489 1473 cum
1511 1418 1660 1474 fructibus
1682 1421 1712 1472 et
1733 1417 1957 1473 accessionibus
1984 1418 2075 1474 medii
2096 1423 2228 1492 temporis

358 1505 469 1563 σθέντα
502 1497 629 1578 621682)
662 1503 780 1577 καρπῶν
813 1501 860 1560 καὶ
892 1493 1073 1578 ἐπαυξησεων
1101 1503 1152 1559 τοῦ
1181 1501 1270 1576 μισου
1321 1507 1352 1557 et
1387 1517 1479 1573 supra
1506 1501 1586 1558 dicto
1619 1501 1703 1558 lucro
1737 1501 1904 1573 vindicent,
1942 1517 2078 1573 quaeque
2111 1508 2228 1562 testator

357 1581 462 1688 χρόνου
489 1587 537 1646 καλ
565 1589 622 1645 αοιλ
648 1588 892 1662 μιημοιευθίντος
919 1587 1034 1663 κέρδους
1062 1586 1177 1644 ἐκδικεῖν
1213 1583 1270 1656 καί,
1321 1585 1484 1660 disposuit,
1513 1586 1663 1658 impleant.
1703 1587 1752 1644 Ao
1779 1586 1947 1658 cuicunque
1969 1603 2086 1658 quoque
2108 1588 2159 1644 aiii
2178 1605 2230 1645 ve-

358 1665 433 1748 άπερ
455 1668 471 1731 6
497 1673 664 1768 διαθέμενος
692 1663 913 1747 διιτύπασεθῧ),
945 1670 1076 1770 πληροῦν.
1118 1669 1271 1727 salnovei
1322 1670 1372 1726 nie
1399 1676 1464 1727 esto
1493 1671 1581 1726 talem
1609 1671 1812 1742 quaestionem
1841 1671 1980 1728 movendi
2007 1677 2097 1744 atque
2118 1685 2229 1743 opernm

359 1754 389 1815 δλ
409 1757 493 1830 λτίρηι
521 1747 646 1814 άδεια
629 1773 704 1813 sosoi
729 1749 781 1832 την
807 1755 942 1854 τοιαύτην
964 1750 1076 1833 ζήτησιν
1097 1763 1195 1825 κινεῖν,
1223 1753 1271 1810 καλ
1322 1755 1421 1827 dandi,
1443 1760 1476 1811 ut
1498 1756 1633 1812 omnibus
1650 1755 1744 1812 modis
1767 1756 1835 1827 piae
1862 1755 1934 1812 illue
1949 1771 2060 1814 causae
2087 1757 2236 1829 implear-1

204 1846 268 1888 ιλιι·
289 1845 345 1890 ¹³¹
364 1837 541 1911 σπουδάζειν,
577 1835 623 1897 ἵνα
652 1831 773 1916 τρόποις
800 1833 910 1899 άπασιν
936 1841 969 1898 αί
991 1842 1121 1899 τοιαῦται
1149 1798 1272 1938 εόόεβεις
1321 1843 1376 1898 tur.
1419 1840 1453 1896 Si
1480 1855 1552 1896 vero
1582 1839 1689 1896 iroeres
1717 1855 1768 1910 ea,
1796 1854 1873 1911 quae
1901 1839 1940 1895 ad
1968 1841 2034 1912 pias
2056 1856 2166 1900 causas
2184 1859 2228 1900 re-

224 1922 277 1967 “6
297 1908 339 1960 ¹²
356 1924 445 1986 ατίίαι
459 1925 660 2002 πληρωθῶσιν.
682 1955 724 1966 -
745 1925 786 1984 Εί
799 1920 862 1984 δλό
884 1917 1059 2023 κληρονόμος
1080 1916 1118 1982 τά
1133 1924 1172 1992 είς
1193 1919 1271 1982 εόσε·
1320 1923 1392 1981 licta
1413 1929 1496 1997 sunt,
1519 1939 1578 1982 non
1597 1924 1779 1998 impleverit,
1807 1924 1941 1981 relictam
1962 1924 2019 1983 sibi
2040 1926 2229 1986 substantiam

355 2011 415 2108 βεῖς
448 2008 540 2078 αἰτίας
570 2008 809 2086 καταλελειμμένα
818 2005 863 2086 ⁸⁴)
894 2003 934 2087 μὴ
955 2003 1157 2086 niqp6ap⁸⁵)‚
1185 2007 1271 2084 λέγων
1321 2025 1379 2066 non
1407 2011 1547 2066 suilloere
1568 2024 1716 2084 arguens,
1744 2009 1819 2066 laen
1843 2009 1996 2084 iubemus,
2030 2010 2111 2068 omni
2134 2011 2227 2069 Fulci-

356 2088 407 2171 τὴν
424 2091 728 2192 καταλεαμθεῖσανθλ)
744 2089 827 2193 αότιρ
846 2089 1054 2169 περιουσίαν
1025 2115 1064 2170 μη
1079 2089 1182 2198 άρκειν,
1204 2093 1270 2150 ταῖν·
1321 2094 1371 2150 dia
1392 2095 1525 2165 portione
1552 2098 1707 2166 cessante,
1734 2099 1993 2166 quantumcunque
2018 2097 2050 2152 in
2079 2097 2134 2153 tsli
2162 2099 2228 2154 sut-

356 2177 451 2255 6697)
472 2171 619 2278 κελεύομεν
640 2173 749 2246 παντός
776 2181 828 2237 τοῦ
849 2175 1050 2256 ηαλκιδιόυθθ)
1071 2179 1174 2277 μέρους
1206 2195 1271 2254 σχο-
1321 2179 1432 2234 stantia
1457 2179 1609 2236 inventum
1638 2179 1713 2250 erit,
1757 2193 1828 2235 cura
1855 2179 2078 2254 religiosissimi
2107 2181 2229 2254 episcopi

354 2259 503 2334 λάζευ-τος,
531 2254 601 2320 όσον
621 2257 962 2339 dpnote⁸⁹)evce6p⁰⁰)
984 2264 1012 2320 δν
1033 2265 1067 2337 τῇ
1088 2255 1204 2336 τοιαύτη
1224 2256 1270 2318 ού·
1321 2263 1406 2320 iilius
1427 2264 1546 2322 looiin
1567 2279 1620 2321 eas
1642 2277 1761 2346 causas,
1784 2263 1915 2336 adquae
1931 2265 2037 2322 relicta
2057 2270 2141 2341 suut,
2161 2281 2227 2326 cuo-

355 2349 414 2422 σίηι,
436 2356 594 2444 προχωρεῖν
614 2349 735 2423 προναία
756 2349 808 2406 τού
829 2341 991 2406 όσιοιτάτου
1017 2351 1074 2405 τῶν
1095 2339 1192 2405 τόπων
1213 2347 1269 2404 ἐπι
1321 2348 1407 2405 ιαιιλ.

355 2430 467 2491 σκύνιον
488 2434 526 2499 είς
547 2426 600 2501 τόις
621 2434 669 2490 αίν
670 2433 729 2502 ίας,
756 2423 835 2498 εις“
816 2453 852 2499 ας
872 2431 1096 2490 καταλίλειπται.
1310 2473 1311 2477 .

438 2535 495 2587 κς
480 2509 636 2591 '5⁹66
596 2513 684 2576 stoi
705 2509 934 2594 667660692)
903 2536 945 2592 ειη
954 2513 1010 2590 ⁹³)
1033 2536 1101 2574 εισω
1122 2517 1217 2592 μηνοῖν
1239 2507 1270 2586 ἓξ
1405 2513 1475 2586 Cap.
1497 2511 1547 2568 26.
1590 2513 1623 2572 si
1644 2513 1774 2590 legatum
1798 2513 1848 2590 sit,
1875 2513 1955 2572 iutro
1975 2532 2032 2574 sex
2054 2533 2169 2576 menses
2192 2520 2225 2576 ai

353 2595 415 2662 άπό
448 2605 499 2676 τῆς
535 2598 766 2678 ἐμφαιιίσεωςθλ)
802 2603 852 2678 τῆς
884 2594 1024 2704 διαθήκης
1051 2595 1270 2678 ἀριθμουμένων
1319 2598 1518 2657 insinuatione
1553 2600 1722 2656 testamenti
1756 2601 1969 2673 computandos
2005 2601 2063 2660 hoc
2099 2605 2225 2660 omnibns

353 2688 440 2744 τοῦτο
462 2689 535 2744 πᾶσι
556 2680 685 2762 τρόποις
696 2687 890 2764 παρέχεσθαι,
917 2678 958 2754 ολς
978 2685 1203 2746 καταλελειπται.
1246 2685 1274 2742 εί
1319 2683 1492 2757 modisiis,
1515 2683 1622 2755 quibus
1644 2684 1779 2742 relictum
1801 2690 1865 2758 est,
1888 2689 2066 2757 praestetur.
2105 2689 2221 2745 sivero

354 2768 385 2828 δὲ
412 2766 651 2844 ύπερθολνταιθλ)
679 2774 709 2829 ot
734 2767 882 2846 τούτῳλλλ)
868 2769 999 2866 )βεβαρ
1001 2771 1094 2847 ημένοι
1123 2764 1156 2828 τὸ
1178 2769 1269 2828 τοιοιλ-
1319 2768 1352 2842 ii,
1373 2770 1425 2839 qui
1447 2769 1503 2824 hnc
1523 2768 1642 2844 gravati
1663 2774 1749 2842 sunt,
1771 2771 1830 2826 tale
1851 2770 1984 2870 legatum
2005 2777 2153 2843 praestare
2174 2773 2221 2828 di-

353 2852 444 2930 καθ’)
466 2849 641 2954 ληηάτονλθ)
662 2856 800 2976 παρέχειν,
821 2853 868 2912 καλ
888 2874 1017 2955 καρπους
1038 2854 1085 2912 καλ
1106 2847 1207 2922 τόκους
1222 2851 1270 2911 καλ
1320 2852 1465 2922 etulerint,
1488 2858 1518 2910 et
1538 2855 1654 2910 tructus
1676 2859 1707 2910 et
1727 2810 1829 2952 piortps
1851 2859 1882 2911 et
1901 2856 1996 2912 omnis
2016 2857 2150 2931 legitima
2170 2873 2221 2912 ac-

353 2943 454 2998 πολσαν
475 2935 593 3016 νόμιμον
614 2933 766 3038 ἐπαύξησιν
780 2932 1072 3038 άπαιτηθήσονται’
1054 2933 1113 2998 από
1136 2941 1188 2996 τοῦ
1209 2959 1268 2997 και·
1320 2939 1418 2995 cessio
1442 2953 1479 2994 en
1501 2941 1630 3010 tempore
1651 2939 1754 2996 mortis
1780 2939 1865 3018 eius,
1886 2939 1938 3010 qui
1960 2940 2017 2996 hoc
2038 2941 2171 3014 reliquit,
2190 2943 2224 2998 ab

353 3027 406 3104 ροιλ
428 3027 478 3101 τῆς
508 3025 639 3100 τελευτῆς
668 3021 806 3100 τούτοθθ)
832 3015 1047 3092 καταλιπόντος.
1091 3015 1269 3122 είδλληχά-
1319 3023 1367 3079 λιλε
1390 3025 1533 3095 petentur.
1575 3023 1703 3081 sivero
1725 3023 1857 3098 legatum
1879 3025 2044 3082 venerabili
2065 3025 2156 3083 alicui
2177 3027 2229 3082 do-

352 3121 402 3168 τον
424 3108 572 3206 σεβασμιῳ
593 3107 646 3166 τινλ
667 3105 733 3182 οίκῳ
754 3109 961 3184 καταλειφθείη
975 3107 1017 3183 i),
1046 3106 1140 3212 μηθενὶ
1153 3105 1182 3179 2)
1203 3099 1268 3208 τρό·
1318 3106 1380 3164 mui
1402 3107 1536 3163 relictum
1563 3107 1619 3180 sit,
1655 3108 1735 3164 nullo
1766 3109 1850 3165 modo
1879 3109 1940 3166 tale
1962 3109 2096 3184 legatum
2117 3111 2230 3169 aliene·

352 3213 400 3267 ιιῳ
412 3211 446 3252 το
459 3211 587 3251 τοιουτου
599 3185 721 3293 ληχατον
730 3189 757 3267 ³)
773 3195 959 3252 ἐκποιεισθαι.
981 3193 1008 3250 εί
1021 3189 1050 3250 ti
1064 3184 1181 3250 οἱτύποι
1198 3184 1215 3268 6
1232 3182 1268 3249 τά
1318 3198 1374 3251 tur.
1417 3191 1451 3249 Si
1473 3206 1543 3248 vcro
1564 3149 1623 3248 ioci
1644 3193 1694 3248 vei
1715 3209 1875 3264 personae,
1897 3209 1917 3248 o
1937 3195 2044 3266 quibus
2065 3195 2123 3252 hoc
2144 3212 2233 3268 prae-

352 3271 514 3355 πρόσωπα,
544 3265 624 3346 ἐξ
601 3297 640 3335 αν
667 3279 753 3336 τοῦτο
776 3278 899 3355 δοθῆναι
913 3271 1124 3382 προσετάχθη,
1155 3295 1268 3352 πορρω-
1319 3275 1393 3333 stari
1415 3277 1528 3332 iussum
1551 3281 1612 3350 est,
1640 3276 1762 3352 longius
1783 3278 1899 3351 absint,
1927 3281 1999 3336 tunc
2021 3279 2098 3354 iliis,
2127 3282 2232 3352 quitus

352 3358 477 3440 τέρα
446 3382 552 3439 ειησαι,
573 3379 725 3438 τηνικαυτα
746 3357 849 3432 ἐξέσται
871 3362 989 3433 διείνοις,
1011 3353 1054 3431 ολς
1074 3363 1159 3420 τοῦτο
1179 3379 1266 3418 κατα·
1317 3362 1373 3419 hoc
1395 3361 1531 3417 relictum
1552 3365 1613 3434 est,
1641 3361 1669 3418 si
1691 3364 1779 3419 etlam
1800 3378 1887 3434 pars,
1919 3379 1996 3434 quae
2017 3365 2154 3440 obligata
2181 3371 2231 3438 est,

352 3445 494 3505 λέλειπται
502 3441 550 3522 ⁴)
576 3447 667 3543 stupri
689 3441 722 3506 τό
735 3438 906 3548 ἐνεχόμενον
926 3446 1011 3524 μέρος
1019 3440 1048 3522 ⁵)
1071 3445 1218 3523 συμβαίνει
1226 3440 1266 3521 ⁶)
1317 3446 1498 3518 consentiat,
1520 3445 1650 3521 legatum
1673 3451 1839 3518 permutare
1860 3447 1951 3505 liceat
1972 3449 2164 3522 fertilemque
2183 3464 2231 3522 pro

353 3523 645 3630 ύπεραμείβεινλ)
615 3551 649 3591 το
672 3524 794 3630 ληηάτοι
813 3530 861 3589 καλ
882 3530 1002 3607 πλησίον
1022 3525 1173 3608 λαμβάνειν
1194 3525 1265 3607 ύιιλρ
1317 3545 1352 3588 oo
1374 3487 1570 3630 propin6uum
1588 3530 1714 3588 reditum
1735 3533 1871 3604 accipere
1902 3536 1934 3588 et
1961 3548 2028 3590 cnm
2058 3535 2231 3591 accessione

352 3607 457 3674 τούτου
491 3608 636 3694 πρόσοδον
656 3607 786 3716 εύπορον
819 3614 866 3674 καλ
901 3608 976 3716 μετὰ
1007 3609 1179 3692 προσθήκης
1214 3609 1265 3673 οὐκ
1316 3631 1375 3673 uon
1404 3616 1535 3689 minore,
1564 3631 1649 3688 quam
1678 3621 1784 3688 quarta
1811 3632 1881 3689 pars
1907 3616 2030 3674 relictae
2060 3619 2229 3690 quantitatis

352 3692 503 3798 ἐλάττονος
523 3702 575 3758 τοῦ
592 3693 734 3778 τετάρτου
755 3701 858 3778 μίρους
878 3703 930 3776 τῆς
950 3699 1192 3776 καταλειφθείσης
1214 3717 1264 3757 πο·
1315 3700 1391 3757 iacit
1400 3715 1526 3781 ,neque
1547 3700 1648 3758 multis
1674 3701 1803 3772 publicis
1832 3700 1952 3758 tributis
1975 3709 2143 3760 oneratum.
2182 3703 2232 3760 Sin

354 3776 484 3862 σ’ότηνος,
504 3783 552 3844 καλ
572 3781 641 3861 μηιλλ
662 3785 778 3854 πολλοῖς
791 3785 935 3860 δημοσίοις
955 3779 1159 3884 τελισμασινθ)
1181 3783 1264 3862 βεβα-
1315 3789 1413 3842 autem
1442 3785 1571 3842 vendere
1597 3785 1760 3859 voluerint,
1789 3801 1845 3842 non
1874 3785 1972 3842 minus
1999 3789 2132 3859 pretium
2153 3788 2233 3844 acci-

353 3871 479 4012 ρημένην.
521 3869 548 3928 εί
578 3866 607 3926 δὲ
635 3869 767 3968 πωλῆσαι
800 3869 981 3968 βουληθῶσι,
1018 3862 1057 3947 μὴ
1088 3865 1254 3928 ἕλαντονί
1227 3869 1266 3936 είς
1315 3871 1414 3943 pinnt,
1448 3885 1536 3942 quom
1571 3873 1710 3941 quantum
1739 3887 1778 3928 ex
1804 3869 1859 3926 tali
1892 3870 1992 3945 legato
2026 3888 2081 3944 per
2115 3873 2234 3949 triginta

352 3947 387 4012 τό
415 3955 522 4054 τίμημα
549 3952 645 4030 λαβεῖν
672 3957 723 4012 τοῦ
741 3945 822 4014 ὅσον
846 3943 958 4054 η’πιρλ)
992 3955 1022 4012 ἐκ
1056 3955 1107 4012 τού
1135 3945 1266 4012 τοιούτου
1317 3955 1446 4027 quinque
1467 3969 1561 4011 annos
1583 3954 1751 4030 colligitur,
1773 3955 1816 4012 ita
1836 3959 1950 4028 tomen,
1970 3960 2003 4012 ut
2025 3957 2086 4013 tale
2112 3960 2245 4030 pretium

351 4031 475 4137 ληχάτου
496 4035 600 4097 rai*
560 4053 598 4102 ει.
621 4032 762 4110 ἐνιαυτούς
783 4030 942 4116 συνάγεται,
963 4029 1040 4096 οότα
1059 4037 1169 4137 μέντοι,
1191 4028 1267 4096 ιλστε
1317 4039 1348 4098 λιι
1369 4039 1527 4096 utilitatem
1549 4053 1640 4110 snpra
1660 4039 1759 4098 dictae
1772 4039 1952 4098 venerabilis
1972 4039 2089 4118 domus,
2116 4043 2166 4102 cul
2186 4057 2234 4099 ro-

351 4115 386 4181 τό
419 4124 547 4182 τοιοῦτον
577 4122 685 4200 τίμημα
719 4126 758 4194 είς
785 4117 818 4182 τό
848 4123 992 4200 συμφέρον
1023 4125 1075 4181 τοῦ
1104 4122 1267 4200 προειρημί»
1316 4123 1418 4181 λλοιιιιιι
1440 4125 1503 4205 est,
1525 4127 1721 4184 convertetur.

350 4203 456 4283 tuom)
479 4201 692 4285 σεβασμίου”
656 4227 752 4284 οικου,
779 4199 856 4268 ὅπου
883 4205 1071 4285 κατελείφθη,
1100 4215 1266 4286 προχωρεῖν.

454 4383 518 4477 κ’ζ
529 4388 575 4469 ¹¹)
625 4383 724 4514 Περὶ
743 4392 811 4462 τού
833 4389 973 4512 μηδένα
989 4386 1176 4476 κτίζειν
1137 4383 1264 4510 ευκτή-
1379 4385 1506 4490 Cap.
1533 4386 1594 4461 37.
1645 4386 1709 4464 Ne
1749 4387 1827 4486 quis
1867 4390 2055 4467 oratorium
2101 4401 2237 4495 praeter

352 4514 431 4590 ριον
453 4485 563 4592 χειρός
587 4485 732 4590 ηνιόμης
756 4493 825 4563 τοῦ
840 4486 1059 4588 ἐπισκόπου,
1085 4483 1186 4566 καί”
1167 4514 1264 4581 οιιυις
1314 4488 1475 4593 episcopi
1499 4489 1714 4566 voluntatem
1739 4489 1903 4586 fabricet,
1938 4503 1975 4570 et
2007 4494 2234 4592 quemadmo-

503 4829 550 4890 ιθ)
567 4830 622 4882 Ριο
639 4825 730 4888 αὐτοῖς
747 4829 788 4879 lo.
805 4823 886 4885 αιάὀς
901 4827 990 4878 nabet.
1025 4827 1068 4876 Ad
1086 4830 1235 4914 marginem
1253 4826 1342 4880 editor
1357 4829 1469 4879 conticit
1484 4828 1629 4894 legendnm
1646 4841 1708 4882 ease
1724 4825 1832 4889 αὐτούς.
1922 4829 1969 4891 θλ)
1986 4831 2043 4884 Pro
2058 4833 2183 4886 τοιαῦτα
2200 4831 2240 4884 lo.

350 4881 663 4956 retrotrahendo)
687 4897 740 4948 Pro
758 4892 833 4965 νεαρόν
849 4897 899 4945 τοῦ
916 4895 992 4945 1331.
1010 4893 1175 4966 1ιιειπαρ’
1193 4892 1287 4946 σάτοιλ.
1362 4898 1410 4957 td)
1427 4895 1597 4966 ιλπίρθοιιιται
1614 4897 1655 4948 λυ.
1723 4897 1964 4960 milensimam
1981 4901 2061 4952 1355.
2128 4903 2179 4984 78)
2196 4919 2241 4950 ειτ-

349 4965 494 5049 ταλιιρθλι
517 4965 557 5015 Io.
596 4966 692 5015 Editor
714 4969 803 5014 tamen
820 4963 853 5012 ad
870 4967 1019 5028 marginem
1036 4967 1149 5014 coniicit
1166 4963 1344 5028 ναταληοθλν.
1446 4915 1493 5047 73)
1511 4961 1656 5050 ἀπολλύναι
1678 4977 1748 5016 unus
1764 4967 1851 5017 Paris.
1869 4971 1898 5017 et
1915 4967 1956 5017 1ο.
2022 4969 2072 5028 Si)
2092 4967 2241 5040 πράγματα

349 5033 384 5083 τά
400 5032 499 5091 πάσαις
516 5034 557 5083 Io
625 5033 672 5092 81)
690 5032 744 5082 Pro
761 5031 863 5098 εἴρηται
881 5031 922 5080 λυ.
940 5030 1094 5101 προείρηται
1111 5033 1199 5081 habet.
1269 5031 1318 5090 83)
1335 5033 1389 5084 tiro
1405 5031 1472 5094 μετὰ
1488 5032 1564 5084 1355.
1584 5031 1652 5084 κατόν
1668 5035 1756 5084 natst
1816 5036 1864 5092 83)
1882 5032 2042 5086 διετύπωσαν
2059 5051 2138 5088 unus
2156 5038 2242 5088 Parid-

348 5102 397 5160 81)
413 5101 606 5162 εαταλελυμλνα
623 5101 700 5150 1355.
768 5099 816 5158 85)
832 5095 962 5166 πληρώσει
980 5101 1057 5150 1355.
1125 5101 1173 5159 83)
1191 5100 1408 5164 καταληφθεῖσαν
1425 5101 1506 5152 1355.
1563 5103 1610 5161 87)
1626 5103 1688 5150 Vox
1704 5104 1793 5152 ταῦτα
1808 5102 1879 5166 apud
1896 5103 1937 5154 1⁰·
1954 5103 2042 5157 deest.
2099 5105 2155 5165 88)
2175 5107 2244 5154 Ante

348 5168 485 5226 φαλκνόλου
503 5167 543 5219 10.
560 5169 673 5218 intrudit
680 5162 825 5250 τετάρτου.
892 5167 939 5226 83)
954 5161 1120 5250 6oood6rfov
1120 5167 1160 5216 Io.
1247 5168 1294 5225 33)
1296 5167 1426 5252 εύρεθιῖ
1440 5169 1526 5230 1355,
1549 5165 1671 5252 εὑρεθείη
1689 5169 1730 5220 Io.
1815 5171 1862 5230 31)
1885 5171 1925 5222 λθ.
1944 5185 1970 5234 p.
1988 5173 2050 5226 338.
2086 5174 2242 5236 Inscriptio

348 5237 388 5285 iii
404 5238 471 5288 iseo
488 5241 543 5286 est:
561 5233 608 5293 ις’.
601 5233 687 5316 .τιερλ
704 5236 752 5285 τοῦ
769 5230 909 5304 ιλρισμίιου
926 5238 1018 5322 καιροῦ
1034 5239 1068 5304 τίη
1085 5236 1135 5284 τολν
1152 5231 1303 5298 ληνάτιιν’
1287 5253 1389 5303 απαιτη
1392 5255 1430 5287 σει
1447 5235 1491 5286 sai
1508 5237 1569 5306 περὶ
1585 5234 1854 5320 τρόπουδιπσιήσευς
1864 5237 2052 5304 εαλτιμῆςιιαλ
2068 5239 2247 5306 ἀπαλλαγῆς

349 5322 373 5353 ει
362 5301 432 5369 λη’δε
434 5321 484 5354 σοι.
552 5304 599 5361 33)
616 5301 725 5365 λεχάτον
742 5303 817 5352 1355.
868 5299 949 5360 33)
931 5321 965 5353 αν
982 5303 1021 5368 εἴη
1040 5285 1081 5354 io.
1141 5303 1187 5361 31)
1205 5301 1355 5368 ἐμυανὴσεοι
1337 5323 1368 5362 αις
1374 5257 1468 5356 ηλ355.
1535 5307 1583 5364 35)
1593 5306 1770 5386 υπίρθιυντιιε
1787 5305 1825 5356 lo.
1902 5307 1950 5366 33)
1966 5310 2047 5357 τοῦτο
2064 5308 2128 5359 timo
2147 5311 2247 5368 Paros

348 5324 431 5422 interi
437 5385 505 5435 qaros
521 5370 608 5434 1355,
626 5375 653 5421 et
670 5371 710 5421 Ιυ.
734 5371 830 5421 Editor
848 5373 937 5420 tamen
955 5369 988 5420 ad
1005 5373 1156 5434 marginem
1173 5375 1288 5420 coniicit
1304 5371 1397 5438 τούτῳ.
1465 5373 1512 5430 37)
1528 5373 1650 5422 τοιοῦτον
1667 5373 1708 5423 1ο.
1776 5375 1824 5432 es)
1841 5371 1950 5435 territos
1970 5375 2045 5426 1355.
2127 5379 2182 5436 39)
2199 5379 2247 5425 τοτ’·

348 5441 430 5488 τοῦτο
448 5440 488 5489 λυ.
556 5439 586 5498 1)
601 5405 769 5506 ’καταλειφθῇ
787 5439 827 5490 lo.
896 5439 926 5496 2)
943 5439 997 5488 Pro
1013 5438 1105 5506 μηδενὶ
1123 5439 1163 5488 Io.
1180 5438 1247 5504 μηδέ,
1262 5456 1324 5488 τινε.
1391 5443 1422 5498 3)
1439 5438 1548 5502 λιχάτον
1566 5439 1641 5490 1355.
1709 5441 1742 5500 d)
1759 5441 1953 5507 παταλίληιιται
1972 5440 2047 5492 laet
2118 5449 2155 5506 5)
2173 5447 2248 5494 Ante

348 5519 441 5556 vocem
459 5509 535 5577 μέρος
552 5507 617 5558 cod.
636 5508 712 5558 1355.
730 5507 804 5568 χέας
821 5509 977 5567 interponit.
1081 5509 1110 5566 3)
1097 5506 1265 5570 )σινμβαε’νει
1282 5509 1310 5555 lu
1328 5519 1381 5556 uno
1399 5507 1485 5558 Paris.
1507 5508 1548 5557 λθ
1591 5509 1700 5573 Reliqui
1717 5509 1877 5590 συμβαλνειν.
1962 5509 1993 5566 7)
2010 5509 2108 5560 Pro'
2088 5529 2247 5580 ιιιτεριιμεεε·

347 5578 403 5638 βεεν
420 5587 489 5624 unus
505 5577 590 5625 Ριιιλε.
608 5579 636 5624 et
654 5575 695 5624 Ιο.
707 5525 842 5623 na6ent¹
827 5571 952 5636 άμεληίιιν,
969 5573 1043 5624 1355.
1061 5571 1183 5640 ἀμοιβήν.
1275 5575 1305 5632 8)
1323 5575 1461 5634 τελίυμασι
1478 5573 1556 5626 1355.
1575 5574 1616 5625 lo.
1727 5577 1758 5636 3)
1775 5571 1866 5658 Ριοῆ
1845 5593 1914 5658 νηπιρ
1931 5576 2007 5626 1355
2025 5583 2054 5626 et
2075 5579 2126 5630 1⁰·
2145 5581 2251 5632 liabent

347 5641 430 5726 εἴπερ.
464 5644 559 5694 Scribe
576 5645 625 5692 τοῦ
642 5637 762 5720 όσρνπερ.
816 5641 863 5700 10)
881 5642 1052 5724 προκειμένου
1070 5641 1110 5691 λυ.
1164 5641 1209 5700 11)
1227 5641 1268 5691 λα.
1286 5655 1311 5702 p.
1330 5641 1388 5690 669.
1422 5643 1569 5704 Inscriptio
1585 5645 1624 5694 ihi
1641 5645 1708 5694 liaeo
1726 5650 1780 5694 est:
1816 5641 1862 5699 ιζ.
1853 5643 1938 5714 ,ιιιρλ
1954 5645 2003 5694 τοῦ
1997 5644 2135 5709 »quddam
2153 5646 2253 5702 πλαιν

347 5707 482 5782 εὐετηριυν
498 5709 576 5781 χυρλς
593 5706 747 5772 intratura,
764 5707 822 5776 καὶ,
840 5704 865 5760 α’
879 5705 916 5776 μὴ
935 5707 1064 5781 πρότερον
1080 5705 1114 5760 τό
1132 5704 1169 5766 εἶς
1186 5708 1340 5773 λυηνοιιαιαν
1357 5708 1401 5760 καὶ
1417 5709 1570 5770 φιλοκαλεαε
1585 5710 1662 5764 ταδ’
1646 5709 1799 5784 αποτρυςληυ
1814 5729 1865 5764 τειε
1880 5711 2117 5784 προσεθρευόντεεει
2136 5718 2250 5784 oritur·

2131 6428 2153 6489 'a

1980 6522 2287 6936 A
