4824 7048
351 593 434 666 aci
779 581 1036 658 uovncnnn
1064 527 1407 651 cannamomum
1435 555 1820 646 nnznnnmonoui.

352 778 557 852 collectionis
577 783 712 846 auctore
732 775 913 862 neglectas,
934 771 1071 842 adderet
1082 775 1142 852 ⁹⁹).
1171 769 1245 836 Hac
1266 767 1408 856 repetita
1430 765 1633 833 collectionis
1654 770 1788 832 nostrae
1808 761 2033 852 praelectione
2053 781 2134 828 usus
2156 780 2232 850 qur-

353 881 504 950 domest
527 876 789 960 camoenam),
809 878 974 963 copiosum
997 891 1094 960 vero,
1121 889 1212 938 sunm
1234 875 1311 957 post
1331 887 1490 954 messem,
1520 868 1722 955 spicilegium
1758 865 1944 952 neutiquam
1972 863 2067 932 nobis
2101 862 2230 930 invidit.

354 983 618 1050 constitutiones
641 988 759 1068 autem,
780 997 861 1066 quas
888 977 920 1042 in
953 976 1047 1040 buius
1076 973 1200 1040 ordinis
1229 970 1395 1038 codicibus
1425 969 1530 1037 latere
1560 969 1623 1035 iam
1652 969 1686 1036 in
1714 967 1886 1056 opusculo:
1925 964 2038 1035 θεὸν·
2066 966 2123 1032 die
2150 961 2231 1031 No-

353 1084 462 1152 neiien
483 1081 544 1150 der
565 1079 855 1164 anantiniachen
876 1074 1064 1156 Koiocr³¹)
1086 1074 1316 1153 indicaveram,
1338 1072 1403 1138 bae
1424 1077 1518 1137 sunt:

509 1178 555 1275 1)
582 1181 726 1248 Novella
748 1179 964 1246 Constantini
985 1175 1283 1262 Ρωρίιηεοηαιίίί,
1306 1173 1349 1239 de
1371 1175 1423 1260 iis,
1445 1173 1500 1260 qui
1521 1172 1562 1239 ab
1583 1171 1740 1238 intestato
1762 1169 1836 1238 sine
1857 1168 1970 1236 liberis
1997 1167 2229 1247 decedunt³¹).

353 1286 464 1353 Breve
486 1284 557 1352 eins
579 1289 800 1369 argumentum
815 1279 867 1346 bis
879 1279 993 1348 verbis
1006 1277 1163 1345 insertum
1177 1283 1232 1344 est
1249 1275 1481 1355 constitutioni,
1503 1291 1587 1362 quae
1604 1273 1689 1340 inter
1702 1271 1899 1359 epitomatas
1913 1267 2125 1338 Constantini
2137 1269 2230 1357 quin·

353 1391 420 1454 turn
441 1390 580 1472 occupat
599 1385 777 1464 locum³⁸lr

481 1481 688 1568 ,machoi
709 1484 743 1548 dt
763 1485 821 1548 καὶ
842 1477 1061 1548 τελευτώντων
1081 1485 1178 1547 τινών
1199 1477 1390 1554 ἀδιαθέτως
1411 1478 1468 1541 καὶ
1494 1475 1573 1558 μηδὲ
1601 1482 1765 1556 συγγενεῖς
1786 1468 1928 1552 ἐχόντων
1955 1473 2054 1538 ἕκτου
2080 1473 2232 1561 βαθμοῦ,

503 1586 548 1653 τά
568 1587 765 1673 διαφέροντα
787 1581 900 1660 αὐτοῖς
920 1585 967 1666 τῷ
988 1583 1131 1665 δημοσίῳ
1153 1581 1417 1663 εἰσκομίζεσθαι·
1440 1577 1641 1659 διαθεμένου
1662 1575 1706 1652 δέ,
1732 1571 1796 1638 κάν
1810 1585 1977 1659 συγγενεῖς
1995 1571 2041 1657 μὴ
2062 1572 2229 1661 sinebamu-

504 1711 562 1754 ται
582 1689 638 1750 καὶ
660 1685 737 1750 ἴδιοι
757 1692 851 1770 μέχρι
872 1687 931 1750 cori
952 1690 1117 1770 εἰρημένου
1136 1683 1293 1768 βαθμοῦ,
1316 1677 1549 1768 φυλάττεσθαι
1569 1674 1613 1742 τά
1634 1677 1691 1756 τῆς
1712 1673 1889 1755 διαθήκης.

551 1783 717 1864 Ὡσαύτως
737 1789 772 1852 δὲ
792 1784 979 1853 ἀδιαθέτου
1002 1781 1273 1862 τετελευτηκότος,
1296 1783 1353 1847 καὶ
1375 1781 1539 1862 συγγενῶν
1560 1775 1812 1862 εὑρισκομένων,
1847 1775 1927 1864 πρὸς
1950 1780 2091 1856 whom
2117 1773 2162 1842 τά
2182 1779 2233 1858 τῆς

502 1884 641 1966 κτήσεως
661 1889 947 1970 μεταπέμπεσθαι·
970 1893 998 1952 εί
1019 1888 1054 1952 oi
1074 1883 1152 1969 μήτε
1173 1881 1342 1964 διάθοιτο,
1362 1877 1441 1964 μήτε·
1462 1890 1625 1963 συγγενεῖς
1646 1882 1717 1960 ἔχοι
1738 1875 1757 1944 ὁ
1779 1875 2017 1960 τετελευτηκώς,
2034 1877 2109 1946 τότε
2122 1877 2162 1944 τὸ
2179 1881 2231 1962 μίν

501 1995 612 2074 τρίτον
632 1995 727 2074 μέρος
749 1991 804 2068 τῆς
825 1985 928 2054 αὐτοῦ
949 1986 1089 2067 κτήσεως
1109 1987 1269 2052 δίδοσθαι
1290 1981 1367 2072 ὑπὲρ
1396 1979 1515 2068 λύτρον
1542 1983 1608 2046 τῶν
1634 1977 1802 2068 ἀμαρτιών
1822 1977 1926 2046 αὐτοῦ
1947 1991 2017 2058 τοῖς
2037 1988 2073 2048 ἐν
2097 1982 2229 2068 Χριστῷ

506 2087 678 2176 ἀδελφοῖς·
701 2087 739 2154 τό
762 2091 796 2154 δὲ
817 2091 1001 2172 περιττεῦον
1022 2090 1068 2172 τῷ
1090 2089 1234 2170 δημοσίῳ
1256 2084 1539 2168 είσκομιζεσθαι.“

351 2190 494 2260 Brevius
514 2195 632 2270 antem,
660 2189 722 2256 scd
746 2191 923 2255 obscuriori
945 2187 1187 2256 constitutionis
1218 2197 1353 2254 nostrae
1381 2187 1453 2253 loco
1484 2189 1576 2252 recte
1602 2183 1854 2272 interpretando
1883 2183 2005 2272 optime
2036 2183 2228 2266 inserviens,

351 2294 489 2362 habetur
511 2289 600 2378 apud
623 2289 938 2371 Bnicnmonenr⁸⁴lr

505 2439 589 2456 .....
612 2387 631 2470 ι)
653 2391 755 2476 νεαρὰ
775 2392 836 2457 τού
856 2393 1015 2476 βασιλέως
1036 2413 1106 2475 κυρ.
1129 2387 1262 2456 Κωνοτ.
1284 2391 1344 2456 τοῦ
1365 2391 1494 2476 Πορφ.,
1516 2384 1799 2476 διαλαμβάνουσα,
1821 2385 1898 2466 τοὺς
1918 2385 2108 2463 ἀδιαθέτως
2128 2387 2228 2454 τελευ-

503 2493 628 2568 τῶντας
648 2493 771 2560 παίδων
790 2494 890 2578 χωρὶς
915 2487 961 2574 μὴ
990 2493 1269 2578 κληρονομεῖσθαι
1296 2488 1386 2578 παρά
1417 2492 1482 2556 τών
1508 2495 1544 2556 ἐκ
1572 2493 1716 2573 πλαγίου
1740 2492 1905 2575 συγγενῶν
1933 2485 2060 2556 cirdu-
2087 2483 2175 2554 ἀλλά
2193 2487 2226 2554 τό

501 2598 612 2680 τρίτον
632 2595 689 2672 τῆς
710 2591 824 2670 οὐσίας
845 2592 909 2658 τών
938 2588 1041 2670 οὕτως
1061 2590 1280 2659 τελευτώντων
1307 2601 1485 2677 προχωρεῖν
1511 2595 1555 2665 είς
1576 2589 1724 2678 ψυχικάς
1750 2589 1927 2672 διαδόσεις,
1956 2599 2226 2673 συνεισυγομενων

502 2691 672 2778 codron)
701 2696 759 2764 nai
787 2695 852 2760 τών
879 2691 1068 2778 τιμημάτων
1093 2695 1158 2760 τῶν
1185 2694 1378 2773 dinewr)
1405 2694 1465 2758 τοῦ
1491 2688 1756 2776 τελευτησαντος,
1796 2689 1841 2770 ώς
1867 2690 2069 2759 ἀπεντεύθεν
2098 2693 2223 2758 ἐλευθε-

504 2803 677 2883 ρουμίνων.

355 2897 481 2968 similia
509 2916 636 2984 quoque
666 2897 700 2968 in
729 2893 926 2978 Prnchirio,
980 2902 1047 2963 tam
1074 2895 1159 2984 qnod
1198 2895 1311 2966 Leoni
1343 2902 1378 2964 et
1420 2896 1645 2966 Constantino
1654 2901 1704 2978 87)
1735 2895 1880 2964 tribuere
1917 2895 2026 2962 soient
2054 2894 2127 2962 iirbi
2155 2913 2221 2964 ma-

352 2998 529 3086 nuscripti,
558 3017 652 3085 quam
682 2996 897 3066 contantini
923 2996 1246 3084 nannenoputissej,
1280 2998 1441 3084 leguntur.
1500 2996 1649 3066 Omnium
1681 3016 1762 3066 vero
1790 2997 1887 3082 longe
1915 2997 2226 3084 praestantissimum

351 3106 408 3167 est
429 3100 632 3169 summarium
653 3096 838 3170 Michaelis
859 3097 979 3178 Pceiii,
1006 3099 1090 3186 qnod
1112 3101 1144 3166 in
1172 3099 1238 3166 tine
1260 3099 1456 3186 synopseos
1483 3101 1658 3186 metricae,
1686 3117 1782 3186 quam
1813 3098 1966 3165 Michaeii
1995 3097 2112 3167 llucae
2140 3099 2229 3166 dedi-

353 3201 460 3281 cavit,
503 3200 663 3266 hactenus
685 3199 921 3289 desideratum,
956 3199 1112 3268 ecudice
1134 3199 1316 3268 Parisiensi
1335 3201 1399 3268 No.
1422 3198 1516 3268 478.
1538 3201 1735 3289 desumtnm,
1763 3199 1882 3266 illustri
1902 3199 2067 3288 Bienero,
2094 3201 2148 3287 qni
2171 3221 2232 3268 ex-

355 3306 501 3388 optatum
535 3301 628 3388 libri,
663 3301 727 3368 iarn
764 3321 866 3388 saepe
901 3303 990 3389 typis
1024 3303 1177 3390 repetiti,
1210 3303 1486 3390 supplementum,
1520 3301 1606 3390 qnod
1643 3303 1718 3369 dnm
1748 3301 1890 3368 Lutetiis
1918 3311 2171 3370 commoraretur
2200 3305 2232 3372 in

352 3400 497 3468 schedas
525 3401 700 3491 retulerat,
720 3401 913 3470 liberaliter
941 3401 1019 3472 mihi
1045 3403 1210 3494 permisit,
1239 3406 1365 3492 gratias
1391 3403 1587 3494 persolvens
1621 3423 1716 3492 quam
1744 3403 1923 3491 maximae,
1961 3404 1994 3471 in
2022 3405 2128 3475 lucem
2155 3425 2232 3494 pro-

353 3501 425 3570 iero
438 3504 504 3582 ³⁹J:
2356 3495 2357 3510 ¹

533 3603 629 3674 VerS·
654 3603 769 3674 1407.
815 3602 865 3696 ,Ὁ
887 3607 921 3672 δὲ
942 3607 1340 3696 Πορφυρογέννητος
1359 3605 1510 3694 βασιλεύς
1531 3604 1861 3685 Κωνσταντῖνος

822 3707 1031 3792 Προσέταξεν
1052 3717 1087 3776 ἐν
1107 3711 1207 3798 νεαρῷ
1228 3711 1298 3796 περὶ
1320 3711 1384 3775 τών
1405 3705 1635 3785 τελευτώντων,

820 3806 1025 3876 Ἀδιαθέτων
1046 3813 1103 3876 καὶ
1123 3807 1238 3887 παιδὸς
1258 3807 1392 3894 μηδενὸς
1412 3807 1609 3896 εύρηθέντος

661 3905 778 3976 1410.
820 3908 880 3988 Mi,
902 3921 972 3987 τοῖς
993 3918 1029 3977 ἐκ
1049 3907 1156 3992 νόμων
1177 3907 1311 3978 ἅπασαν
1332 3923 1501 3998 προσεῖναι
1521 3912 1733 3992 καλουμένοις
1745 3913 1796 3994 ⁴⁰)

821 4010 1005 4093 Σιηγενέσι
1026 4013 1091 4077 τών
1111 4013 1235 4078 ἑαυτῶν
1256 4012 1357 4093 τυχόν
1377 4016 1576 4102 περιουσίαν,

778 4107 781 4114 '
816 4109 864 4176 Ἡ
883 4109 1007 4178 τούτων
1027 4112 1072 4196 μὴ
1092 4112 1282 4199 προσόντων
1302 4139 1339 4199 γε
1360 4113 1634 4200 προσκυρούσθαι
1654 4113 1700 4196 τῷ
1723 4115 1843 4201 φάσκω,

819 4209 921 4278 :ittet
941 4213 980 4280 τὸ
1002 4215 1149 4300 δίμοιρον
1170 4212 1302 4304 αὐτοῖς,
1323 4218 1369 4301 τῷ
1392 4217 1426 4282 δὲ
1449 4216 1519 4300 Θεῷ
1541 4211 1579 4280 τὸ
1600 4217 1711 4299 τρίτον

823 4309 1088 4400 Ἁῷοσιούσθαι·
1111 4313 1236 4383 δούλοιν
1257 4339 1291 4381 τε
1310 4313 1442 4384 πάντων
1463 4315 1666 4406 ἐλευθερίαν,

665 4407 780 4480 iiio.
824 4411 1046 4496 Διατιμὴσεως
1067 4413 1175 4484 αύτών
1196 4414 1282 4494 εἰκός
1302 4415 1546 4505 ἀριθμουμένης

830 4515 888 4597 Τῷ
910 4516 1064 4601 διδομένῳ
1083 4521 1130 4602 τῷ
1154 4517 1225 4604 Θεῷ
1252 4525 1355 4603 μέρει,
1386 4521 1431 4604 τῷ
1460 4516 1670 4604 πλουτοδότη.

821 4612 868 4680 Ei
889 4617 923 4681 δί
943 4615 982 4682 τό
1003 4621 1154 4686 πλεῖστον
1174 4618 1194 4698 ἢ
1215 4622 1272 4686 καὶ
1293 4623 1358 4688 πάν
1379 4619 1515 4698 δούλους
1535 4619 1619 4686 εἶναι
1638 4618 1793 4704 συμβαίη,

816 4712 982 4795 Ἄπαντας
1002 4717 1213 4788 ἀπολύεσθαι
1233 4722 1331 4805 ζυγοῦ
1352 4722 1412 4787 τού
1432 4723 1488 4800 της
1509 4723 1674 4798 δουλείας·

828 4815 1031 4900 Teutonum)
1052 4819 1117 4910 γάρ
1138 4817 1358 4908 ἀπελευθῳοῖ
1374 4826 1436 4887 καί
1452 4845 1501 4898 τις
1521 4819 1815 4909 ἀποιχομένων41),
2062 4865 2071 4900 c

668 4916 785 4985 142⁰.
829 4917 905 4986 Καὶ
927 4917 1095 5002 διαδόχοις
1116 4919 1155 4987 ού
1175 4919 1292 5006 μικρὸν
1312 4919 1548 5005 καταλιμπάνει
1569 4924 1688 5008 κλῆρον
1697 4925 1758 5004 ⁴³).
2350 5007 2351 5010 Ἴ

354 5016 449 5102 Quod
470 5017 517 5084 ita
538 5022 650 5085 verto:
672 5018 1006 5110 ,Ρωμίιηνοηειιίίαε
1027 5024 1061 5090 ei
1083 5020 1327 5090 Constantinus
1348 5021 1531 5114 imperator
1552 5023 1723 5092 constitnit
1743 5023 1777 5092 in
1799 5022 1943 5094 Novella
1964 5021 2007 5094 de
2028 5025 2083 5114 iis,
2110 5028 2169 5116 quui
2190 5027 2241 5096 in·
2350 5017 2351 5040 ²

507 5272 553 5332 29)
572 5275 733 5340 zeitschrift
748 5277 766 5326 1.
785 5288 809 5328 c.
828 5293 852 5341 n.
875 5277 1028 5329 iet-tao.
1062 5278 1164 5329 Bicner
1180 5277 1246 5330 ibid.
1265 5294 1290 5343 η.
1307 5280 1378 5344 888,
1394 5281 1453 5334 aar.
1490 5281 1661 5333 zachariae:
1694 5277 1735 5330 At
1759 5279 1841 5352 ῥοπαὶ
1863 5297 1888 5344 η.
1913 5283 1969 5344 aa..
1994 5285 2038 5337 ae.
2072 5287 2165 5336 nise*
2179 5287 2244 5338 inric

356 5355 496 5408 θεν-110111.
515 5371 540 5420 p.
559 5358 601 5408 db.
618 5360 668 5407 No.
687 5359 711 5408 b.
785 5359 832 5420 80)
849 5364 1009 5426 zeitschrift
1027 5363 1046 5412 i.
1063 5373 1088 5412 ο.
1106 5377 1131 5425 η.
1151 5363 1306 5414 too-192.
1342 5365 1443 5416 Bienor
1460 5367 1525 5416 ibid.
1542 5380 1567 5428 η.
1587 5367 1657 5428 iiiiii,
1674 5365 1734 5414 887.
1821 5367 1870 5427 81)
1888 5369 2021 5420 zeitschr.
2040 5370 2060 5419 i.
2078 5383 2110 5420 c.
2132 5387 2159 5435 p.
2182 5373 2246 5432 iss,

356 5439 427 5504 iet,
446 5441 503 5491 188.
573 5443 621 5502 82)
638 5443 680 5493 Ci'.
699 5449 727 5493 et
745 5446 902 5496 zachariae
925 5446 965 5496 At
981 5447 1062 5517 ῥοπαὶ
1080 5461 1104 5510 η.
1122 5447 1165 5496 89.
1183 5449 1234 5499 No.
1254 5449 1295 5497 18.
1362 5451 1410 5510 88)
1427 5451 1472 5500 lus
1491 5451 1727 5500 Graeco-Romen.
1746 5451 1779 5500 ll.
1799 5461 1823 5511 p.
1844 5453 1904 5504 too.
1971 5453 2019 5512 81)
2042 5451 2090 5504 Ad
2112 5467 2248 5506 canonem

356 5523 402 5572 et.
432 5523 549 5574 Conciili
573 5526 801 5590 carthaginensis.
842 5530 872 5578 ln
898 5531 1042 5598 Βιυινιηίλ
1063 5531 1202 5594 synodico
1224 5533 1245 5582 l.
1262 5547 1286 5595 η.
1304 5533 1364 5584 618.
1400 5537 1469 5585 ilinc
1487 5537 1539 5584 iarn
1557 5535 1669 5584 dederat
1685 5533 1841 5599 Borrafldina
1863 5539 1893 5586 in
1915 5536 2249 5602 incorrectionem.

356 5608 404 5666 88)
422 5605 585 5674 Βιυιτεηὶιιο
602 5613 673 5661 nonio
689 5611 798 5662 τούτων.
867 5617 915 5676 88)
933 5614 1098 5678 Reverentia«
1118 5620 1218 5666 omittit
1234 5617 1285 5666 τῶν
1303 5613 1415 5668 οἰκετῶν.
1484 5619 1531 5678 87)
1550 5619 1706 5670 Zachariae
1727 5615 1760 5668 ‘0
1777 5619 1914 5691 πρόχειρος
1930 5619 2008 5682 νόμος
2030 5621 2086 5674 'itt
2113 5624 2248 5674 xxxiv.

356 5701 416 5753 cap.
435 5689 474 5740 17.
555 5693 642 5752 88)1.
662 5694 702 5744 18.
722 5697 808 5759 §.tib
911 5699 1137 5758 econtrario:
1165 5701 1328 5766 zeitschrift
1344 5707 1396 5751 etc.
1421 5702 1492 5752 vni.
1511 5716 1536 5766 μ.
1558 5701 1617 5752 m
1706 5703 1754 5763 10)
1772 5703 1836 5754 cod.
1855 5705 2021 5766 καλουμένου.
2114 5709 2168 5770 tt)
2188 5709 2251 5758 Duo

357 5775 445 5823 ultimi
463 5786 558 5826 verens
577 5779 750 5830 obscuriores
765 5787 837 5844 sunt,
855 5787 883 5832 ct
900 5781 1031 5832 medelam
1048 5793 1161 5844 poscere
1180 5783 1313 5842 videntur.
1348 5789 1400 5838 iiic
1415 5799 1466 5852 pro
1482 5788 1578 5852 rotro,
1601 5787 1670 5852 quod
1687 5793 1730 5840 est
1746 5792 1775 5850 br
1797 5789 1903 5852 codice,
1925 5787 2039 5849 τούτους
2061 5793 2249 5844 ucciando·

356 5859 516 5920 portavimus.
551 5859 598 5918 42)
616 5861 680 5912 God.
698 5859 901 5928 ἀνασχομένω..
984 5866 1032 5925 tt)
1049 5864 1113 5917 cod.
1132 5867 1233 5938 κλῆρον.
