4790 7064
390 581 432 629 xc
676 516 680 527 ’
772 548 781 569 ’
1059 548 1519 621 nnonnconnnn

296 883 299 886 ·
391 849 534 915 ieramus
556 843 726 933 exempla,
756 863 838 930 opus
859 863 924 908 non
946 848 1009 906 est.
1052 841 1171 925 Neque
1193 840 1278 905 enim
1300 857 1357 926 ea,
1387 853 1470 924 qnae
1493 840 1584 925 eius,
1612 857 1705 920 qnam
1725 837 1851 922 molior,
1872 836 2086 902 Novellarnm
2108 833 2254 900 editionis

389 949 522 1038 propria
544 964 621 1014 esse
642 945 777 1034 debent,
811 945 890 1012 data
911 943 972 1007 hac
994 929 1122 1006 dicendi
1151 941 1322 1006 occasione
1351 940 1541 1025 praecipere
1568 937 1653 1006 volo.
1696 937 1770 1004 Duo
1792 942 1917 1003 turtum
1937 937 2149 1002 Novellarum
2170 935 2254 1002 locos

391 1048 655 1134 commemorabo,
677 1065 719 1112 ex
742 1043 975 1133 posterioribus
997 1043 1075 1107 iuris
1097 1042 1203 1106 ciuilis
1225 1041 1366 1106 lontibus
1387 1041 1497 1105 mirum
1510 1040 1543 1104 iu
1557 1039 1683 1104 modum
1703 1039 1935 1122 interpolatum
1957 1037 2000 1102 de
2021 1037 2135 1122 quibus
2155 1037 2254 1101 inter·

392 1149 609 1236 potationibus
631 1147 686 1213 vel
708 1165 751 1212 ex
773 1147 843 1213 solo
866 1143 1046 1209 Athanasio
1069 1149 1221 1208 constare
1241 1143 1358 1228 possit.
1402 1143 1498 1206 Alter
1519 1147 1572 1207 est
1593 1141 1756 1206 Novellue
1782 1138 1871 1204 131.
1894 1157 1965 1224 cap.
1993 1137 2044 1224 1.,
2072 1139 2123 1202 uhi
2146 1135 2254 1202 Codex

391 1249 541 1314 Venetus
562 1248 644 1314 baec
665 1247 780 1313 hahet:
815 1249 879 1311 τάν
898 1241 963 1328 γάρ
989 1251 1220 1326 προειρημένων
1246 1241 1349 1324 ἁγίων
1375 1240 1479 1306 ἑπτά
1503 1239 1648 1306 συνόδων
1675 1245 1732 1306 καὶ
1762 1239 1805 1306 τά
1827 1238 1988 1320 δόγματα.
2031 1238 2084 1304 De
2105 1256 2166 1323 qno
2189 1239 2254 1304 loco

390 1348 532 1417 videnda
554 1355 646 1437 srrnt,
668 1367 751 1434 qnae
773 1351 881 1433 capite
901 1346 961 1410 lll.
984 1345 1221 1410 adnotavimus
1265 1343 1385 1408 Verum
1407 1344 1470 1408 iam
1491 1363 1555 1408 nou
1577 1343 1619 1408 de
1640 1349 1785 1430 septem,
1812 1340 1872 1408 sed
1895 1340 1937 1406 de
1965 1346 2116 1425 quattuor
2137 1345 2254 1404 tautnnr

390 1451 538 1518 conciliis
559 1449 773 1515 Iustinianum
795 1449 935 1514 locutum
963 1464 1040 1512 esse
1063 1451 1193 1511 constat
1215 1463 1259 1512 ex
1280 1444 1458 1510 Athanasii
1480 1445 1529 1508 tit.
1553 1441 1589 1508 2.
1613 1449 1719 1508 const.
1744 1441 1778 1506 3.
1786 1491 1796 1529 ,
1823 1441 1875 1506 ubi
1898 1441 1980 1506 haec
2009 1441 2184 1506 habentur:
2221 1446 2255 1504 αι’

389 1549 452 1617 ἀπὸ
473 1553 539 1615 τῶν
561 1546 600 1615 δ.
622 1547 765 1614 συνόδων
787 1551 850 1612 τῶν
871 1554 905 1612 έν
925 1548 1058 1628 Νικαίηι
1079 1549 1135 1610 καὶ
1155 1544 1285 1633 Ἐφέσῳ
1307 1549 1363 1610 καὶ
1385 1552 1419 1610 έν
1432 1541 1781 1610 Κωνσταυτινουπόλει
1802 1545 1859 1607 καὶ
1880 1547 1914 1606 ἐν
1937 1537 2124 1619 Χαλκηδόνι
2145 1541 2254 1604 τεθέν-
2275 1527 2278 1534 ’

389 1677 443 1728 τες
467 1648 537 1737 ὅροι
564 1647 669 1732 νόμων
690 1648 782 1730 τάξιν
809 1656 969 1726 ἐχέτωσαν
1000 1651 1057 1712 καὶ
1078 1645 1121 1712 τά
1151 1647 1301 1728 δόγματα
1322 1645 1430 1711 αιἰτιόν
1458 1642 1501 1720 ἀς
1522 1651 1559 1710 αί
1580 1641 1794 1710 θεόπνειιστοι
1816 1639 2034 1724 τιμαοθωσαυ
2055 1645 2194 1728 γραφαί.
2217 1679 2253 1688 -

390 1754 489 1819 Alter
510 1752 598 1817 locus
620 1757 674 1817 est
694 1751 782 1816 Nou.
808 1745 896 1813 123.
920 1768 992 1834 cap.
1019 1746 1095 1833 13.,
1132 1749 1186 1813 ubi
1207 1748 1340 1813 lectoris
1363 1753 1458 1812 aetas
1480 1745 1631 1812 delinitur
1652 1746 1704 1810 his
1734 1743 1862 1810 verbis:
1897 1740 1971 1810 οὔτε
1993 1744 2027 1808 δέ·
2047 1739 2255 1823 ἀναγνώστην

390 1849 549 1920 ἐλάττονα
576 1853 639 1919 τάν
666 1848 888 1916 caraxatam
915 1851 1079 1913 ἐνιαυτῶν.
1124 1848 1183 1914 Sic
1212 1847 1326 1914 Codex
1355 1849 1514 1912 Venetus.
1559 1845 1633 1910 ttoc
1654 1865 1780 1932 quoqne
1802 1846 1873 1910 loco
1895 1845 1960 1910 alia
1980 1845 2151 1910 Iustiniani
2174 1862 2253 1908 sen-

391 1955 494 2020 tentia
514 1953 616 2020 inisse
638 1952 778 2018 videtur.
821 1951 932 2038 lpsnm
955 1950 1038 2014 enim
1065 1949 1291 2034 imperatorem
1321 1950 1363 2016 de
1393 1957 1466 2014 octo
1496 1949 1591 2012 annis
1623 1947 1736 2030 egisse
1765 1947 1968 2014 Athanasius
1989 1952 2131 2012 testator
2152 1945 2201 2008 tit.
2226 1943 2256 2006 1.

391 2061 496 2122 const.
517 2051 573 2142 2.,
593 2055 646 2120 uhi
666 2053 801 2118 Fabroti
823 2051 953 2116 codices
974 2051 1184 2136 manuscripti
1205 2051 1287 2116 haec
1308 2051 1446 2116 habent:
1467 2047 1510 2129 μὴ
1529 2048 1784 2135 χειροτονείσθω
1809 2084 1843 2094 -
1868 2043 2167 2129 μότεάναγνώστης
2182 2041 2255 2124 ὁμὴ

390 2153 503 2239 turpida
523 2157 583 2220 τοῦ
603 2152 643 2232 η’.
665 2159 766 2228 έτοιις.
811 2151 907 2240 Vide,
929 2169 1012 2235 qnae
1034 2151 1141 2236 capite
1161 2151 1220 2216 lll.
1242 2171 1262 2228 a
1284 2152 1376 2216 uobis
1395 2151 1483 2216 dicta
1503 2157 1590 2215 sunt.
1613 2185 1653 2196 —
1676 2148 1749 2214 lluc
1771 2147 1909 2236 accedit,
1930 2147 2014 2234 quod
2035 2148 2127 2233 ipsae
2148 2145 2257 2210 Atha·
2379 2175 2380 2178 ¹

391 2257 475 2322 nasii
498 2257 658 2341 epitomae
680 2255 722 2320 ad
743 2253 913 2337 genuinum
935 2251 1147 2317 Novellarnm
1169 2259 1355 2318 contextum
1381 2254 1428 2317 ita
1457 2252 1525 2316 sint
1547 2268 1730 2335 expressae
1760 2255 1795 2314 ct
1816 2251 2095 2334 accommodatae,
2130 2253 2164 2312 ut
2185 2246 2257 2330 ipsa

390 2375 498 2424 earum
528 2357 635 2441 legum
662 2357 766 2421 verba
796 2355 866 2448 fere
892 2353 1047 2419 referant.
1092 2351 1183 2433 Quae
1218 2371 1273 2418 res
1308 2373 1457 2438 magnam
1492 2351 1625 2418 habebit
1658 2351 1828 2417 utilitatem
1856 2357 1890 2418 et
1919 2352 1951 2416 in
1981 2350 2089 2416 multis
2117 2348 2257 2414 virorum

388 2459 554 2524 doctorum
585 2458 797 2543 coniecturis,
830 2455 946 2540 quibus
973 2453 1134 2539 genuinas
1156 2453 1319 2519 Novellas
1339 2454 1607 2540 inquinaverunt,
1644 2457 1734 2518 recte
1756 2451 1961 2528 refellendis,
1988 2456 2024 2517 et
2045 2451 2077 2516 in
2099 2448 2258 2533 corruptis

389 2577 501 2626 earum
532 2558 794 2623 constitutionum
826 2555 908 2620 locis
936 2555 1017 2621 mira
1045 2553 1181 2641 quadarn
1203 2554 1359 2620 felicitate
1381 2555 1414 2620 in
1442 2556 1601 2639 integrum
1622 2553 1844 2619 restituendis.
1888 2550 1942 2616 Ad
1964 2550 2013 2639 id,
2050 2549 2135 2636 qnod
2156 2551 2258 2636 primo
2379 2605 2380 2608 ,

388 2661 460 2726 loco
483 2658 666 2748 posuimus,
700 2677 805 2742 genus
826 2656 1000 2722 reserenda
1022 2661 1099 2721 sunt
1120 2656 1202 2720 baec
1223 2657 1312 2721 Nov.
1338 2653 1428 2722 155.
1450 2674 1523 2742 cap.
1550 2656 1583 2719 1.
1612 2655 1732 2721 verba:
1766 2650 1997 2740 ponderandae
2025 2653 2082 2732 plo
2110 2649 2174 2734 γὰρ
2203 2653 2259 2714 καὶ

388 2759 428 2826 τὸ
449 2758 598 2842 ἡμέτερον
618 2759 764 2837 θεσπίζει
785 2755 904 2844 κράτυς
924 2755 982 2835 τὴν
1003 2755 1213 2843 ὀφειλομένην
1234 2767 1304 2833 τοῖς
1330 2759 1458 2839 γονεῦσι
1480 2755 1570 2840 παρὰ
1592 2758 1656 2820 τῶν
1677 2757 1800 2820 παίδων
1821 2755 1920 2831 αἰδῶ,
1958 2755 2013 2818 καὶ
2036 2753 2145 2818 πᾶσαν
2163 2747 2259 2832 τιμὴν

389 2885 425 2925 τε
451 2863 508 2924 καὶ
535 2861 732 2947 θεραπείαν,
766 2863 805 2922 έν
832 2849 858 2940 ᾧ
879 2859 1017 2938 μηδεμία
1047 2856 1153 2940 βλάβη
1181 2855 1251 2944 παρ’
1284 2855 1391 2922 αὐτῶν
1418 2855 1487 2923 κατ’
1513 2862 1640 2922 ἐκείνων
1662 2863 1800 2937 γένοιτο.
1844 2856 2010 2920 Verbeia
2032 2844 2058 2936 ᾧ
2080 2853 2260 2918 hubentet

389 2958 506 3028 Codex
532 2960 681 3026 Venetus
708 2965 743 3026 et
775 2955 889 3024 Codex
917 2959 1134 3024 Florentinus.
1176 2959 1416 3042 Homberghius
1444 2965 1554 3025 tamen
1581 2959 1667 3024 haec
1693 2955 1884 3024 adnotavit:
1919 2936 2056 3042 „Forte
2083 2953 2260 3037 lependrna

389 3060 452 3150 ἐφ’
478 3052 535 3144 qi.“
578 3061 664 3144 Quid
684 3051 912 3126 Athanasius?
947 3060 1011 3126 Tit.
1037 3057 1098 3124 13.
1121 3065 1224 3125 const.
1246 3058 1283 3124 3.
1305 3059 1387 3125 haec
1409 3059 1524 3126 habet:
1554 3063 1662 3123 καίτοι
1681 3061 1799 3142 χρῆναι
1820 3053 1884 3142 γάρ
1905 3059 2004 3144 φησίν
2025 3053 2260 3141 φυλάττεσθαι

388 3163 448 3242 τὴν
476 3159 685 3247 ὀφειλομένην
711 3172 782 3237 τοῖς
801 3162 948 3242 γονεῦσιν
974 3158 1063 3247 παρά
1089 3163 1153 3225 τῶν
1174 3163 1297 3225 παίδων
1319 3161 1418 3248 aldai,
1450 3164 1508 3226 καὶ
1533 3162 1642 3226 πᾶσαν
1671 3157 1764 3239 τιμὴν
1791 3160 1825 3222 τί
1845 3159 1902 3222 καὶ
1931 3159 2131 3239 θεραπείαν,
2168 3160 2211 3220 ἐν
2234 3143 2260 3237 qi

389 3266 529 3348 μηδεμία
555 3260 662 3348 βλάβη
690 3259 760 3347 παρ’
791 3260 899 3327 αὐτῶν
927 3258 996 3326 κατ’
1028 3266 1156 3327 ἐκείνων
1187 3269 1323 3343 γένοιτο.
1366 3260 1425 3329 Sic
1445 3261 1532 3328 idern
1556 3262 1756 3328 Athanasius
1777 3259 1828 3324 tit.
1853 3257 1888 3322 b.
1912 3265 2017 3324 const.
2043 3255 2081 3323 4.
2109 3264 2148 3322 έν
2170 3247 2198 3340 ᾧ
2221 3258 2262 3322 δὲ

389 3364 441 3448 μὴ
462 3371 575 3430 ἔστιν
596 3361 647 3450 ἀρ
652 3385 732 3442 γων
739 3411 751 3450 ,
774 3399 814 3412 -·
836 3361 891 3428 διά
911 3365 976 3428 τῶν
997 3359 1165 3445 ἀρχόντων
1184 3361 1227 3428 τά
1248 3370 1396 3446 εἰρημένα
1417 3371 1591 3450 πραττέτω.
1635 3361 1695 3428 Sic
1716 3366 1750 3428 et
1778 3361 1860 3426 liber
1881 3362 1950 3441 περὶ
1982 3361 2074 3446 διαφ.
2105 3354 2261 3436 ἀναγνω-

389 3463 522 3548 σμάτων
544 3461 580 3552 5.
603 3461 643 3549 6.,
661 3461 681 3531 ό
701 3461 854 3542 διάδοχος
875 3463 978 3530 αὐτοῦ
999 3466 1148 3543 δεχέσθω
1168 3463 1227 3543 τὴν
1247 3467 1390 3530 αέλευσιν
1410 3468 1467 3530 καὶ
1488 3465 1683 3550 έμφαυιζέτω
1706 3465 1763 3527 καὶ
1785 3458 1952 3543 πληροότω
1973 3457 2016 3524 τά
2036 3466 2070 3524 έν
2092 3456 2195 3540 αὐτῇ,
2218 3465 2260 3522 έν

390 3557 417 3648 ᾦ
439 3565 492 3648 μὴ
514 3564 733 3630 ἀδικεῖται
759 3565 803 3630 τὸ
824 3565 1045 3646 δημόσιον.
1089 3565 1155 3630 Tit.
1182 3565 1243 3631 10.
1266 3571 1369 3632 const.
1391 3562 1428 3630 5.
1451 3561 1502 3632 ὅτι
1523 3562 1542 3630 ό
1563 3567 1677 3630 δοῦναι
1697 3567 1729 3628 τὶ
1748 3563 1943 3646 βουληθείς,
1965 3567 2004 3626 έν
2027 3551 2052 3644 qi
2074 3557 2132 3638 τὴν
2154 3561 2262 3642 λῆψιν

390 3665 541 3750 dacaru
562 3663 731 3747 ἠξιωμένος
750 3675 975 3752 παραιτεῖται,
1012 3662 1122 3748 ὅμοιος
1150 3669 1236 3732 ἐστὶν
1263 3668 1310 3750 aqi
1338 3663 1500 3732 δεδωκότι.
1545 3666 1630 3732 Vide
1660 3672 1696 3732 ct
1721 3663 1861 3730 libellum
1889 3665 1959 3745 περὶ
1986 3662 2079 3749 διαφ.
2109 3660 2262 3741 ἀναγνω-

388 3764 526 3850 σμάτων
542 3763 577 3853 S.
604 3763 664 3831 14.
708 3765 798 3852 Ergo
820 3765 1020 3852 llomberghi
1036 3768 1242 3836 coniecturae
1263 3767 1354 3834 locus
1375 3785 1456 3836 esse
1475 3769 1598 3855 nequit.
1620 3805 1663 3816 -
1684 3766 1831 3832 Alterius
1842 3762 1976 3850 generis
1988 3762 2071 3830 bueo
2091 3761 2160 3828 iere
2183 3768 2265 3826 suut

388 3867 559 3953 exempla:

1103 4018 1134 4086 Ι.
1176 4017 1266 4086 Nou.
1291 4016 1359 4085 22.
1381 4038 1455 4105 cup.
1478 4016 1546 4087 22.

516 4154 555 4220 ln
576 4153 662 4220 Nov.
686 4150 750 4218 22.
774 4172 848 4240 cap.
869 4150 933 4220 22.
954 4155 1085 4242 mulier,
1106 4173 1200 4241 quae,
1220 4154 1380 4240 prioribus
1401 4156 1524 4241 nuptiis
1544 4155 1671 4244 solutis,
1690 4154 1775 4220 intra
1796 4152 1901 4219 luctrrs
1922 4159 2051 4238 tempus
2071 4150 2113 4218 ad
2135 4169 2266 4217 secun-

389 4256 451 4360 das
473 4256 603 4342 nuptias
624 4261 792 4343 trauseat,
813 4256 927 4342 quibus
948 4257 1062 4341 poeuis
1083 4257 1258 4334 adiciatur,
1283 4255 1380 4342 louge
1401 4255 1531 4342 lateque
1553 4257 1734 4342 exponitur.
1777 4254 1869 4320 Inter
1889 4273 1948 4320 eas
1967 4252 2268 4340 poenasinfumiae

388 4364 468 4426 nota
489 4357 638 4444 retertur,
659 4375 741 4443 quoe
764 4356 866 4422 semel
887 4363 1073 4444 contracto,
1106 4357 1264 4443 siquidem
1287 4375 1328 4423 ea
1349 4359 1462 4424 mulier
1484 4377 1527 4423 ex
1549 4358 1656 4443 priore
1678 4357 1878 4424 matrimonio
1899 4354 2019 4421 liberos
2041 4373 2105 4420 non
2125 4352 2270 4442 habeat,

389 4459 550 4544 rescripto
572 4457 742 4543 principali
762 4457 907 4542 abstergi
929 4463 1038 4543 queat.
1081 4455 1143 4524 Sin
1164 4459 1285 4545 minus,
1307 4458 1425 4524 unllam
1446 4458 1545 4544 plane
1566 4458 1735 4524 utilitatem
1758 4476 1801 4522 cx
1822 4475 1862 4522 eo
1876 4455 2036 4541 rescripto
2058 4455 2100 4520 ad
2120 4461 2269 4522 matrem

383 4579 468 4628 esse
489 4557 748 4624 redundaturam.
791 4556 867 4624 Καὶ
887 4552 907 4635 ἢ
925 4579 977 4638 γε,
1006 4557 1127 4644 inquit,
1146 4555 1208 4644 πρὸ
1230 4559 1294 4622 τῶν
1315 4556 1422 4624 ἀλλων
1443 4557 1527 4642 αὐτῇ
1548 4560 1666 4624 πεινῶν
1687 4558 1888 4636 έπαχθεῖσα,
1917 4559 2025 4643 φαμέν
2046 4554 2085 4633 δὴ
2105 4553 2164 4633 τὴν
2188 4554 2269 4621 ἀτι-

380 4667 484 4748 μίαν,
522 4663 550 4724 εί
575 4659 633 4740 μίν
659 4655 758 4733 ἄπαις
779 4659 899 4722 ἐκτῶν
920 4666 1081 4744 προτέρων
1107 4665 1155 4737 είη
1182 4656 1313 4740 γάμων,
1352 4661 1517 4724 λέλυται
1545 4661 1701 4744 βασιλέως
1728 4653 1895 4742 γράμμασι
1926 4654 2122 4730 κελεύοντος.
2164 4661 2196 4720 εί
2231 4659 2271 4722 δέ

386 4762 498 4836 παῖδες
520 4757 625 4824 όπεῖεν
653 4757 846 4835 οίασδὴποτε
866 4759 978 4839 γονῆς,
1012 4758 1114 4838 ἔξεστι
1134 4761 1191 4841 μὲν
1214 4757 1297 4842 αὐτῇ
1317 4760 1474 4844 βασιλέως
1496 4759 1572 4844 ὑπὲρ
1593 4763 1649 4840 τῆς
1669 4758 1801 4842 ἀτιμίας
1819 4758 1970 4835 δεῖσθαι,
1993 4754 2032 4821 οὐ
2052 4753 2114 4837 μὴν
2136 4753 2271 4842 ὄφελός
2346 4763 2356 4788 ’

387 4883 420 4928 τι
447 4862 512 4924 raia
539 4857 827 4946 ἀναγραφομένων
852 4863 946 4936 ἔχειν.
991 4859 1067 4926 Vox
1094 4863 1223 4927 λέλυται
1253 4867 1407 4946 suspecta
1437 4868 1501 4927 est.
1543 4863 1630 4927 Nam
1658 4879 1818 4948 praesens
1839 4864 1966 4946 tempus
1987 4859 2022 4924 in
2044 4857 2106 4923 hoc
2127 4855 2272 4925 dicendi

270 4990 273 5006 ι
386 4948 515 5048 genere
530 4960 634 5025 locum
656 4961 769 5047 trahet,
803 4960 978 5045 perlectum
1005 4981 1069 5028 uon
1096 4961 1185 5028 item.
1228 4960 1345 5047 Neque
1367 4962 1450 5028 enim
1472 4961 1534 5028 boc
1560 4962 1638 5027 dicit
1663 4962 1854 5048 imperator,
1882 4957 2031 5025 infamiae
2053 4957 2202 5038 macula,
2236 4963 2270 5026 si

386 5065 508 5130 liberos
535 5081 601 5126 uon
628 5060 768 5138 habeat,
801 5061 962 5147 rescripto
989 5062 1159 5148 principali
1184 5063 1354 5128 liberatam
1382 5081 1460 5130 esse
1488 5062 1671 5150 mulierem,
1703 5080 1817 5128 verum
1845 5057 1975 5126 hberari
2003 5079 2114 5144 posse.
2159 5057 2272 5147 Quid,

386 5162 471 5250 quod
493 5167 610 5245 postea
630 5159 731 5241 έξιστι
753 5161 827 5226 voci
848 5163 978 5227 λέλυται
999 5165 1181 5249 oppositum
1202 5163 1358 5230 habetur?
1384 5163 1418 5228 id
1440 5182 1549 5230 nonne
1571 5165 1654 5230 satis
1675 5162 1838 5248 signifieat
1858 5162 2025 5248 praesenti
2046 5162 2187 5246 tempori
2212 5163 2271 5228 hic

386 5280 466 5329 esse
494 5252 625 5326 locumi
671 5257 784 5328 Codex
812 5261 962 5330 Venetus
983 5270 1092 5332 tumen
1114 5267 1265 5352 λέλυται,
1292 5263 1480 5330 Haloander
1501 5263 1687 5344 λελύσεται,
1717 5263 1863 5330 Basilica
1891 5262 1945 5328 lib.
1975 5258 2039 5328 28.
2068 5262 2119 5326 tit.
2140 5259 2181 5327 4.
2209 5263 2271 5330 εδ.

387 5363 485 5428 Fabr.
513 5367 589 5425 tom.
617 5361 677 5426 lV.
710 5382 742 5448 p.
770 5358 863 5428 456.
893 5361 1010 5429 λύεται.
1055 5363 1123 5432 Cur
1150 5383 1216 5432 non
1243 5365 1327 5449 legis
1356 5360 1485 5430 tristor?
1521 5363 1575 5432 Eu
1603 5365 1662 5431 tibi
1690 5382 1881 5452 sponsorem
1918 5363 1989 5428 eius
2022 5361 2273 5430 emendationis

385 5461 604 5529 Athanasium
631 5462 681 5528 tit.
716 5461 776 5528 1⁰.
806 5471 908 5530 const.
942 5461 997 5530 2.:
1034 5463 1092 5543 τὴν
1119 5466 1153 5529 δὲ
1181 5462 1281 5545 αὐτῆς
1308 5462 1442 5546 ἀτιμίαν
1472 5463 1555 5544 λόει,
1583 5468 1708 5531 παίδων
1728 5463 1812 5548 αὐτῇ
1839 5461 1883 5545 μὴ
1904 5459 2063 5542 ὑπόντων,
2097 5462 2272 5546 βασιλέως

386 5559 588 5646 ἀντιγραφαὶ·
611 5567 638 5626 εί
659 5565 694 5628 δέ
713 5563 824 5641 παῖδες
844 5563 928 5650 αὐτῇ
949 5555 1028 5630 ἀσιν
1048 5603 1109 5644 —-,
1131 5567 1235 5643 δεῖται
1256 5568 1314 5648 μέν
1334 5567 1391 5632 καὶ
1413 5560 1514 5642 οὕτως
1534 5568 1704 5651 βασιλικῆς
1725 5551 1895 5642 ualidorum
1917 5567 2099 5650 etreliqua.
2142 5565 2272 5631 Acce-

386 5664 436 5730 dit
456 5662 610 5746 ναίηιτίαε
630 5667 795 5730 verrano
808 5667 997 5733 auctoritas.
1040 5661 1349 5753 spangenbergiusr
1371 5667 1514 5734 solcibrr
1528 5667 1869 5752 irrrpcrotortslittcrr'a
1881 5663 2075 5732 iubentibus.
2109 5663 2271 5747 Quibus-

384 5783 457 5832 cum
484 5764 651 5849 consentit
667 5769 703 5832 et
723 5767 832 5836 codex
857 5766 1069 5834 Monacensis
1097 5774 1132 5837 et
1160 5768 1240 5836 liber
1261 5767 1537 5840 vindobonensis.
1580 5767 1656 5838 Huc
1676 5768 1805 5838 accedit
1825 5765 2055 5856 quodammodo
2076 5769 2272 5838 auctoritas
