4784 7068
408 560 481 627 122
1139 557 1568 628 Anflnnnsn

485 743 531 822 δ’.
545 743 638 822 ὥστε
653 775 723 846 την
735 744 1028 836 undeciremem
1040 746 1304 835 εὐσεβεστάτου
1448 744 1574 821 Const.
1596 747 1630 818 4.
1684 747 1733 822 Ut
1754 749 1956 823 constitutio
1981 749 2129 850 piissimi
2155 752 2253 852 impe·

401 850 574 937 βασιλέως
593 847 852 923 Ἱσυστινιανοῦ
875 860 924 937 (v.
943 849 1215 946 Ἰουστινιανοῦ)
1236 844 1306 948 τὴν
1349 846 1475 920 ratoris
1502 847 1702 937 Iustiniani,
1730 851 1875 945 quaein
1903 851 2190 926 successionibus
2218 857 2254 928 ii-

401 947 462 1022 ini
472 961 557 1038 ταῖς
571 951 759 1042 διαδοχαῖς
778 956 852 1025 τῶν
865 951 1007 1024 παίδων
1019 943 1066 1022 τόι
1082 952 1118 1036 ἐξ
1132 951 1307 1041 ἀπαιδίας
1349 949 1508 1022 beremm
1533 973 1593 1036 ea,
1625 972 1713 1045 quae
1740 973 1786 1022 ex
1813 974 1900 1025 casn
1932 978 2003 1026 uon
2035 953 2253 1032 existentium

402 1041 623 1141 εἰσάγουσαν
656 1061 802 1147 κρατεῖν
835 1057 873 1123 ἐν
897 1061 977 1140 τοῖς
1001 1046 1094 1147 μετὰ
1127 1047 1198 1152 τὴν
1230 1050 1307 1125 διά·
1350 1049 1532 1122 liberorum
1560 1050 1718 1140 verriuut,
1757 1051 1854 1126 lucra
1886 1052 2036 1150 inducit,
2074 1057 2193 1130 vatent
2225 1059 2253 1132 iu

401 1153 558 1238 vatinii)
576 1151 840 1245 συμβαίνουσιν
854 1149 1020 1250 φάκτοις,
1047 1149 1107 1226 ἐπὶ
1120 1151 1159 1226 δὲ
1176 1157 1307 1246 cointii)
1348 1149 1394 1222 iis
1426 1149 1546 1242 saetis,
1591 1175 1680 1248 quae
1712 1163 1794 1252 post
1827 1159 1945 1250 (enm)
1980 1155 2254 1232 constitutionem

403 1248 473 1354 πρὸ
514 1253 630 1352 αὐτῆς
667 1247 736 1329 τίον
782 1250 942 1345 Λεόντος
981 1249 1142 1341 διάταξιν
1184 1253 1309 1358 χώραν
1350 1250 1530 1342 accidunt,
1556 1251 1664 1326 iniis
1690 1263 1823 1346 autem,
1856 1269 2173 1352 quaerentem,
2208 1260 2254 1334 lo-

402 1357 553 1449 ἔχεινθθ).
1351 1376 1428 1428 cunr
1453 1351 1580 1428 habeat
1604 1353 1741 1428 Leonis
1767 1357 1980 1434 constitutio.

288 1541 400 1587 nones.
484 1539 518 1604 ‘0
544 1535 634 1614 αρηός
659 1538 791 1622 βασιλεὺς
818 1547 861 1619 ,43
889 1541 976 1618 app,
1016 1535 1137 1623 ἰσμργ
1163 1537 1225 1623 νὴ,
1245 1547 1309 1605 Α).
1434 1541 1515 1598 Ιδεω
1537 1541 1695 1616 imperator
1722 1545 1826 1602 eidem.
1875 1547 1998 1604 Scimus
2023 1551 2255 1608 constitutionem

403 1647 511 1698 οντος
530 1633 597 1688 τοῦ
618 1632 681 1707 τῆς
702 1626 882 1707 εὐσεβοῦς
900 1623 1050 1708 μνῆμης.
1351 1625 1463 1684 Leonte
1481 1629 1553 1699 pice
1573 1631 1742 1686 memoriae.

496 1757 584 1823 ciiii
618 1764 702 1824 πλέον
734 1767 785 1840 τῆς
820 1765 976 1842 ἐπιγραφῆς
1005 1757 1129 1824 διδάσκει
1163 1759 1181 1840 ἡ
1214 1757 1308 1824 διάτα-
1436 1762 1521 1820 Nihil
1541 1763 1678 1837 amplius,
1698 1781 1785 1836 quam
1806 1765 1885 1837 quod
1906 1765 1937 1824 iu
1959 1765 2152 1839 inscriptione
2167 1769 2256 1826 hebe-

403 1847 444 1920 ξις
460 1845 523 1920 ⁶⁹),
564 1841 636 1924 πλὴν
670 1840 715 1907 ὅτι
750 1842 942 1926 ίρμηνεόουσιι
957 1847 1003 1922 ¹¹⁰)
1040 1843 1091 1926 τῆν
1119 1840 1247 1919 διάταξιν
1260 1847 1308 1928 ⁷¹)
1337 1849 1408 1919 tur,
1431 1846 1540 1921 (haec)
1562 1850 1734 1906 constitutio
1756 1850 1858 1922 decet,
1893 1851 1951 1908 nisi
1972 1853 2049 1923 quod
2071 1869 2150 1925 eem,
2188 1871 2257 1925 quae

403 1929 454 2010 την
486 1933 531 1991 ἐπὶ
564 1942 627 2000 ταῖς
655 1929 853 2012 διαχογαϊςῖλ)
882 1936 939 1991 τῶν
966 1933 1076 1992 παίδων
1102 1926 1139 1991 τά
1167 1931 1197 2002 ίξ
1224 1928 1308 1993 άπαι-
1350 1932 1381 1987 in
1405 1933 1648 1990 successionibus
1671 1934 1827 1992 liberorum
1848 1935 1941 2006 luere,
1969 1953 2046 2007 quae
2068 1954 2106 1995 ex
2128 1955 2201 1996 cesu
2220 1941 2256 1996 e-

373 2046 378 2054 ·
403 2019 465 2086 δίας
493 2011 662 2095 εἰσάγουσαν
688 2010 911 2094 παρακελεύεται
938 2010 1004 2086 τοὺς
1033 2011 1224 2096 κληρονόμους
1252 2021 1309 2077 των
1350 2017 1484 2074 berorum
1505 2032 1563 2072 nou
1582 2018 1772 2078 existentium
1795 2020 1935 2092 veniunt,
1958 2021 2087 2089 inducit,
2114 2025 2256 2080 constitu-

401 2095 625 2178 τελευτησάντων
645 2103 754 2161 παίδων
774 2094 791 2178 ῆ
813 2094 944 2180 ἐγγόνων,
973 2095 1029 2160 εἴτε
1049 2111 1137 2179 γονεῖς
1157 2097 1224 2172 τίεν,
1254 2098 1309 2162 εἴτε
1351 2101 1460 2158 tionem
1475 2101 1688 2178 interpretans,
1710 2104 1852 2162 haeredes
1867 2106 1950 2162 iubet
1965 2106 2169 2166 detunctorum
2184 2109 2257 2164 titie-

402 2182 491 2263 ἕτεροι
511 2187 597 2257 τινίς,
626 2190 735 2246 δκεῖδεν
755 2181 824 2266 ἔχειν
845 2180 907 2244 τινά
926 2177 1137 2265 βοῆδειανῗῧ),
1165 2179 1307 2262 piretu)
1350 2200 1414 2242 rum
1435 2191 1487 2241 eut
1507 2193 1661 2259 nepotum,
1684 2187 1749 2244 sive
1770 2195 1908 2261 parentes
1929 2197 2013 2262 suet,
2042 2193 2107 2247 sive
2129 2193 2183 2248 eiii
2203 2196 2257 2264 nni,

401 2273 453 2328 τοῦ
481 2264 539 2328 άπὸ
562 2270 691 2346 τελευτῆς
718 2267 749 2341 ἐξ
775 2265 911 2340 ἀπαιδίας
939 2263 1092 2347 συμφώνου
1118 2268 1309 2348 pemmo)
1352 2269 1460 2326 exinde
1483 2269 1595 2341 aliquid
1612 2272 1720 2328 hahere
1742 2275 1857 2344 auxilii,
1878 2275 1921 2330 ita
1937 2281 1971 2332 nt
1985 2276 2041 2332 hoc
2059 2277 2165 2349 solem,
2187 2279 2257 2348 qued

401 2355 448 2412 καλ
476 2347 550 2412 κατά
584 2355 750 2413 δεσποτείαν
784 2354 830 2411 καλ
864 2348 939 2414 κατόι
969 2357 1068 2432 χρῆσιν
1077 2351 1123 2422 ⁷⁸)
1159 2349 1241 2434 παρόι
1268 2357 1309 2430 τῷ
1351 2355 1454 2410 mertis
1475 2369 1585 2410 coesse
1616 2356 1647 2412 in
1673 2371 1772 2414 casum
1802 2375 1859 2415 nen
1887 2361 2076 2416 existentium
2105 2360 2256 2419 liberorum

401 2432 580 2514 κερδάναντι,
607 2443 659 2497 τοῦ
686 2439 786 2498 λοιποῦ
812 2436 841 2496 ei
873 2439 918 2498 ini
945 2432 1013 2507 τοὺς
1033 2433 1224 2516 κληρονόμους
1253 2443 1310 2499 τῶν
1351 2444 1437 2510 pecte
1468 2439 1622 2512 convenit,
1655 2447 1772 2498 moneat
1802 2449 1831 2500 et
1858 2443 1889 2499 in
1922 2445 2101 2516 proprietate
2129 2453 2160 2502 et
2186 2462 2258 2502 usu-

401 2515 627 2597 τελευτησάντων
656 2523 766 2582 παίδων
786 2522 833 2581 καλ
854 2515 973 2601 ίγγόνων
994 2515 1092 2592 ίόντος.
1133 2517 1309 2603 Ἐγράφ...
1352 2524 1452 2579 fructu
1475 2523 1557 2596 eius,
1581 2523 1632 2594 qui
1653 2525 1818 2598 lucrifecit3
1852 2529 1967 2600 relique
1987 2535 2085 2586 eutem
2108 2531 2204 2601 portio
2224 2533 2257 2586 ed

403 2605 550 2679 ..,...'¹⁷).
1351 2607 1557 2664 detunctorum
1585 2609 1743 2666 liberorum
1771 2617 1802 2668 et
1822 2618 1959 2684 nepotum
1981 2613 2125 2670 haeredes
2152 2631 2258 2688 perre-

1352 2693 1424 2748 niat.
1451 2693 1575 2765 Scripta
1596 2700 1640 2752 est
2278 2701 2282 2708 '

504 2869 592 2970 [e'.]
610 2875 659 2950 ⁷⁸)
698 2866 790 2946 ὥστε
838 2869 1068 2970 ἀπαιτήσεως
1109 2868 1223 2974 οὑσης
1259 2882 1308 2962 (.
1453 2869 1580 2948 Const.
1607 2872 1642 2946 5.
1694 2875 1762 2966 Ut,
1788 2875 1821 2948 si
1847 2876 1988 2952 exactio
2005 2878 2052 2952 sit
2069 2877 2165 2954 dotis
2192 2882 2259 2982 pri-

403 2968 531 3072 οόσης)
566 2966 713 3068 προικὸς
745 2969 892 3071 πρώτης
923 2969 983 3044 καί
1008 2976 1194 3073 δευτέρας,
1232 2978 1309 3049 deo·
1351 2997 1428 3047 mee
1454 2985 1490 3048 et
1515 2973 1711 3064 secundae,
1743 2975 1822 3050 viro
1848 2977 1894 3052 ed
1919 2978 2096 3054 secundas
2123 2985 2260 3083 nuptias

401 3079 692 3173 τερογαμοῦντος
715 3078 783 3147 τοῦ
810 3066 944 3172 ἀνδρὸς
969 3071 1030 3146 καί
1054 3069 1102 3148 τόι
1119 3076 1206 3176 ἑξῆς.
1230 3080 1235 3176 Ι
1261 3079 1309 3156 ⁷⁹)
1351 3083 1564 3166 transeunte,
1592 3085 1628 3150 et
1653 3076 1796 3176 relique.

164 3294 193 3313 ·-
286 3280 400 3326 never.
483 3260 517 3325 ‘0
537 3257 625 3334 αὑτός
645 3259 778 3342 βασιλεὺς
798 3267 839 3338 τῷ
860 3259 949 3338 αὑτῷ.
982 3257 1115 3344 Πράην
1145 3259 1310 3338 δικαζόν-
1374 3264 1517 3407 waldem
1553 3266 1712 3340 temerator
1748 3267 1854 3326 eidem.
1916 3273 2023 3344 Νυμεν
2059 3273 2262 3332 iudicantium

401 3367 470 3408 των
489 3345 592 3428 ἡμῶν.
1350 3364 1372 3405 ιι
1415 3351 1444 3403 “.

485 3477 551 3544 Ἐάν
576 3477 626 3542 δύο
655 3491 768 3560 προῖκες
798 3484 827 3540 ἐκ
847 3486 914 3562 μιᾶς
923 3479 970 3560 ⁸⁰)
998 3477 1220 3564 κεγρεάστηνται
1241 3481 1309 3547 ὑπο-
1437 3484 1471 3542 Si
1497 3483 1555 3542 dee
1583 3485 1667 3542 detes
1689 3502 1727 3543 ex
1755 3503 1814 3543 una
1834 3489 2000 3545 substantia
2022 3489 2182 3564 debentur,
2213 3511 2262 3549 εοτ

402 3562 548 3640 στάσεως,
569 3561 606 3627 τά
626 3567 677 3646 μὲν
694 3561 834 3644 φενόμενα
856 3567 897 3642 (v.
920 3561 1089 3646 φαινόμενα)
1112 3567 1141 3640 ἐξ
1168 3567 1263 3630 αὑτων
1284 3575 1313 3631 σι’
1350 3569 1555 3642 euidentes,
1578 3586 1654 3642 quae
1675 3578 1816 3643 apparent
1838 3588 1876 3628 ex
1897 3574 1988 3646 ipsis,
2009 3575 2165 3647 utriusque
2189 3595 2263 3634 cen-

399 3653 549 3731 δοιατίρας
582 3649 624 3732 (v.
651 3651 797 3728 ἑκατέρας)
815 3649 862 3722 ⁸¹)
898 3656 1020 3730 γαμετῆς
1054 3653 1306 3733 ἐκδικείτωσανὲῧ)
1349 3655 1432 3727 iugis
1453 3654 1538 3710 liberi
1561 3655 1741 3728 vindicante,
1762 3657 1791 3712 in
1816 3657 1862 3713 his
1884 3658 1961 3713 inter
1982 3675 2015 3714 se
2037 3661 2263 3733 (praelationis)

400 3737 513 3806 παιδος,
537 3731 578 3814 μῆ
604 3732 709 3814 ἔχοντες
737 3739 765 3794 ἐν
793 3730 956 3811 τοὺτοιςθῧ)
987 3733 1053 3796 κατ’
1081 3734 1211 3816 etitem
1239 3761 1307 3818 προ·
1349 3738 1538 3814 privilegium
1576 3755 1632 3795 nen
1666 3739 1818 3799 hebentes.
1874 3745 1985 3798 Eorum
2022 3751 2119 3801 autern
2156 3762 2263 3816 rerum,

401 3815 505 3896 νόμιον.
550 3822 589 3891 είς
617 3819 647 3878 e
667 3814 704 3878 τά
723 3813 763 3898 μῆ
784 3813 939 3898 φαινόμενα
967 3825 1017 3898 τῆς
1038 3823 1170 3900 δευτέρας
1189 3819 1308 3900 προικὸς
1350 3839 1425 3894 quac
1456 3839 1511 3880 non
1542 3829 1699 3896 apparent,
1740 3827 1985 3897 contemplatione
2023 3829 2084 3884 deti
2110 3833 2264 3892 secundae

400 3896 596 3981 προτιμάσδω
624 3904 688 3983 περὶ
715 3898 768 3975 τάς
788 3898 940 3982 ὑποθήκας
961 3901 978 3982 ῆ
999 3900 1099 3985 πρώτη
1109 3905 1173 3983 ⁸⁴),
1202 3903 1307 3980 eriri}
1349 3904 1444 3980 primi
1475 3911 1637 3980 praeferter
1671 3909 1751 3965 eirca
1782 3911 1981 3982 hypothecas,
2027 3914 2092 3969 sive
2127 3917 2165 3971 eh
2198 3919 2264 3990 ipse

400 3985 491 4063 αὑτῆς
504 3982 722 4064 μιθσδεὺεται..
733 3985 788 4063 .⁸³)
803 3982 940 4066 παίδωνῆ
954 3984 1071 4068 ἐγγόνων
1082 3993 1129 4050 καλ
1143 3996 1199 4051 τῶν
1210 3991 1308 4069 ἐφεξῆς
1349 3991 1504 4066 (muliere)
1527 3993 1652 4064 petitur,
1675 3993 1758 4068 (sive
1778 3995 1815 4050 eh
1837 3995 1919 4069 eius)
1942 3997 2011 4054 eliis
2031 4003 2083 4054 eut
2105 4001 2266 4072 nepotibus

398 4065 566 4144 κατιόντων,
599 4065 707 4133 τοὺτων
739 4066 977 4149 eniienim)
1014 4075 1061 4132 aet
1089 4077 1133 4134 ini
1165 4078 1306 4153 δημοσίων
1349 4083 1380 4132 et
1401 4077 1523 4147 reliquis
1550 4077 1691 4150 deinceps
1713 4079 1975 4152 descendentibus,
2013 4083 2060 4138 his
2092 4085 2265 4143 internitens

400 4151 574 4233 ὀφλημάτων
601 4155 642 4232 (v.
664 4150 865 4234 ὀφλημάτων).
892 4153 1046 4218 κάνταῦθα
1068 4154 1121 4238 γὰρ
1143 4165 1184 4234 τῷ
1206 4181 1305 4239 προγε-
1349 4167 1378 4216 et
1399 4161 1430 4216 in
1452 4161 1602 4219 fiscalibus
1623 4163 1740 4218 debitis.
1789 4165 1865 4220 Nam
1894 4171 1923 4220 et
1946 4167 1994 4222 hie
2022 4168 2184 4240 antiquiori
2208 4171 2267 4227 de-

399 4244 522 4320 νεστίρῳ
551 4238 684 4320 γρέειῦῗ)
712 4243 770 4300 τῶν
796 4242 939 4319 δημοσίων
976 4241 1043 4302 εἴκει
1055 4242 1101 4320 ⁸⁸)
1129 4239 1243 4314 πάντως
1258 4243 1304 4319 ⁸9)
1348 4245 1409 4302 bito
1431 4246 1524 4303 tiseaii
1547 4247 1663 4304 omnine
1685 4247 1763 4304 cedit
1784 4247 1823 4318 id,
1851 4251 1927 4320 qued
1950 4253 2097 4322 posterius
2120 4260 2181 4310 est.
2221 4257 2266 4316 si,

399 4319 432 4386 τό
454 4329 693 4402 μπαγενίστερον.
735 4329 776 4398 εί,
803 4329 856 4386 τοὺ
883 4329 986 4405 μίμους
1015 4331 1065 4404 τῆς
1094 4323 1222 4407 γνναυιός
1242 4330 1306 4408 βου·
1349 4346 1415 4386 eum
1442 4346 1513 4402 prora
1539 4331 1672 4388 mutueris
1693 4333 1788 4389 dotem
1810 4335 1981 4406 promissam
2002 4335 2074 4392 dere
2096 4338 2188 4412 vetit,
2230 4357 2266 4395 ee

397 4409 570 4486 neonem)
599 4411 694 4470 δοῦναι
721 4403 773 4486 τὴν
793 4411 1017 4490 διαγγελθεῖσαν
1044 4423 1149 4488 προῖκα
1170 4415 1218 4472 καλ
1238 4411 1307 4484 ἴσως
1349 4416 1479 4472 tortasse
1501 4416 1538 4471 de
1558 4415 1614 4471 hee
1635 4417 1769 4474 maritum
1792 4423 1957 4475 contestata
1976 4421 2032 4493 sit,
2055 4427 2086 4476 et
2105 4422 2193 4494 ipsas
2217 4441 2268 4480 res

398 4495 662 4572 διαμαρτυραμένου
688 4501 754 4572 περὶ
773 4489 876 4554 τούτου
897 4489 948 4556 τόν
968 4487 1060 4574 άνδρα
1081 4499 1127 4554 καὶ
1149 4495 1224 4558 αὑτὰ
1243 4519 1306 4558 πα-
1348 4499 1532 4570 deposuerit,
1561 4502 1683 4557 meritus
1705 4503 1759 4557 hes
1780 4503 1916 4574 accipere
1938 4511 2101 4576 cunctetur,
2123 4523 2268 4580 quoeun-

398 4580 560 4656 ραδεμίνσυ
576 4573 626 4637 τά
652 4572 826 4656 πράγματα,
854 4576 1040 4658 ὑπερτίθεται
1067 4575 1083 4638 ό
1113 4576 1184 4662 ἀνὴρ
1213 4587 1306 4643 ταῦτα
1349 4599 1406 4654 que
1434 4583 1519 4640 merto
1550 4585 1676 4642 soletum
1705 4588 1760 4642 erit
1789 4589 2014 4660 matrimonium,
2048 4597 2117 4648 ante
2139 4597 2271 4666 nuptias

398 4660 554 4734 δέξασθαι,
587 4658 769 4736 ὑποκείσθω,
801 4658 985 4742 ὁπωςδῆποτε
1012 4664 1149 4736 λυθέντος
1175 4672 1227 4726 τοῦ
1258 4662 1304 4744 γά-

466 4959 514 5024 de)
531 4961 622 5012 Codex
638 4961 706 5012 διντ.
741 4964 779 5012 Ad
797 4969 943 5028 marginem
960 4965 1006 5030 εβ.
1109 4965 1153 5028 eo)
1177 4967 1242 5018 ced.
1265 4967 1334 5016 διατ.
1438 4967 1485 5032 67)
1503 4967 1593 5018 Codex
1617 4967 1674 5019 ἐπεὶ
1698 4969 1724 5020 δι’
1749 4975 1812 5029 τοῖς.
1916 4975 1962 5030 oc)
1988 4975 2078 5024 Codex
2097 4977 2178 5027 hehet
2200 4978 2271 5040 ἔχοι.

398 5026 447 5090 oo)
465 5029 517 5078 Pro
535 5027 653 5086 διάταξις
670 5029 759 5080 Codex
778 5031 856 5082 habet
873 5033 942 5082 διπτ.
1019 5033 1066 5100 70)
1085 5035 1176 5086 Codex
1193 5035 1344 5100 ὑρμηνευσα.
1432 5037 1479 5098 71)
1496 5036 1548 5085 Pro
1567 5033 1675 5093 δάταξιν
1693 5037 1784 5088 Codex
1801 5039 1869 5090 διατ.
1889 5041 1974 5090 irenen
2048 5045 2098 5101 72)
2115 5043 2185 5094 Coti.
2207 5043 2271 5094 δια·

398 5093 490 5158 δοχεῖς.
585 5095 633 5160 73)
651 5097 743 5148 Codex
758 5099 898 5162 βοηθείαν.
1003 5103 1050 5166 74)
1069 5103 1162 5152 codex
1179 5103 1270 5162 νόμον.
1312 5101 1379 5152 Vide
1397 5103 1465 5152 Nev.
1485 5106 1527 5154 68.
1546 5117 1603 5166 cep.
1626 5106 1650 5153 1.
1668 5109 1752 5168 prnet.
1861 5107 1908 5160 iet
1929 5108 1982 5156 Pre
2007 5113 2097 5159 verbis
2119 5109 2272 5171 συμφάναι·

395 5165 518 5224 μένοντος
535 5163 627 5214 Codex
643 5165 708 5214 tinec
725 5167 802 5214 hahet
818 5166 1031 5229 συμφωνούμενον
1046 5173 1126 5220 τοῦτο
1143 5170 1194 5219 καί.
1217 5171 1290 5228 (inae
1312 5172 1463 5220 emendatio
1487 5171 1659 5222 confirmetur
1682 5175 1722 5221 his
1740 5175 1870 5224 Nevettee
1892 5177 1934 5224 68.
1953 5188 2009 5237 cup.
2038 5177 2060 5228 l.
2079 5180 2194 5228 verbis:
2216 5178 2272 5238 μό-

399 5248 447 5280 νου
464 5231 513 5280 τοῦ
531 5227 586 5280 άπὸ
603 5231 723 5296 τελευτῆς
740 5231 766 5288 ἐξ
782 5231 910 5292 ἀπαιδίας
926 5236 1065 5297 συμφώνου
1080 5239 1202 5298 μένοντος
1218 5235 1261 5285 καὶ
1277 5233 1345 5285 κατὰ
1363 5237 1515 5288 δεσποτείαν
1532 5239 1606 5307 παρὰ
1622 5241 1659 5304 τῷ
1676 5239 1834 5310 septiniani.
1869 5243 2029 5293 Athanasius
2049 5245 2118 5296 Noe.
2137 5249 2186 5296 88.
2209 5257 2293 5309 σῆμ’

397 5299 423 5348 1.
441 5301 606 5359 prooemium
624 5305 699 5350 reete
717 5303 907 5362 interpretetus
925 5309 975 5354 est.
1012 5307 1125 5369 Vulgata
1143 5307 1236 5354 versio
1254 5311 1340 5354 arecm
1361 5311 1413 5355 vim
1432 5315 1460 5357 et
1477 5313 1636 5369 potestatem
1654 5321 1748 5358 vocum
1765 5307 1848 5369 μόνον
1864 5311 1912 5360 τοῦ
1930 5324 1983 5360 nen
2000 5311 2140 5362 intellexit.
2221 5315 2275 5374 7ο)

397 5365 489 5414 codex
505 5367 671 5433 καταγρῆσιν.
738 5369 786 5428 77)
810 5371 919 5435 Reliqua
942 5385 976 5422 ex
998 5375 1073 5422 nutus
1096 5373 1224 5422 Neveiiae
1246 5373 1443 5433 errescupuene
1464 5377 1493 5424 in
1510 5375 1610 5425 cediee
1630 5387 1683 5424 nee
1707 5384 1844 5439 apparent.
1911 5375 1959 5440 78)
1979 5381 2020 5429 Ad
2036 5383 2193 5445 marginem
2213 5372 2276 5452 ba.

398 5431 540 5482 caeterum
563 5431 738 5484 numerosi.
762 5440 790 5485 ie
813 5437 911 5489 Getice
932 5441 1018 5490 δοοεῐ.
1119 5439 1165 5502 io)
1183 5439 1274 5502 irrepit
1290 5439 1336 5488 iot.
1358 5441 1417 5489 137.
1436 5443 1469 5490 Α.
1571 5441 1621 5500 80)
1637 5443 1728 5494 codex
1744 5442 1841 5504 ἐκμιάς.
1937 5443 1984 5508 St)
2001 5445 2093 5498 Codex
2108 5447 2274 5520 δευτέρας.

397 5498 444 5562 82)
461 5499 513 5549 de.
532 5501 574 5550 15.
592 5509 675 5564 parat.
695 5503 720 5563 S.
740 5503 782 5554 15.
800 5507 895 5556 hebent
912 5505 1118 5557 ἶνδιιιείσδωσαν.
1187 5508 1236 5564 83)
1259 5505 1349 5556 Codex
1367 5510 1479 5566 τοὺτοῖς.
1548 5507 1597 5568 84)
1613 5509 1707 5560 Codex
1723 5507 1740 5576 ῆ
1757 5509 1856 5580 πρώτη.
1937 5511 1986 5575 Βδ)
2003 5515 2032 5563 ie
2045 5514 2111 5565 ced.
2132 5523 2205 5578 pest
2224 5537 2276 5578 par·

398 5563 541 5618 θοδεὺιται
563 5559 659 5618 eutium
676 5577 786 5633 apparet
801 5573 910 5624 lacunae
927 5578 1080 5638 emigrem.
1121 5576 1178 5638 Ege
1196 5577 1326 5636 sosptem,
1343 5577 1469 5636 quaedam
1486 5581 1548 5638 pert
1564 5575 1738 5636 μιθσδιόεται
1754 5582 1904 5643 excidisse,
1930 5583 2004 5632 vetet
2026 5582 2078 5632 εἴτε
2094 5581 2121 5632 tx
2137 5583 2200 5636 νῦν
2220 5583 2278 5636 τιν’·

398 5635 454 5698 τῆς.
489 5635 563 5693 Qeee
580 5640 690 5698 prepter
706 5643 781 5688 vecie
798 5638 881 5704 αὐτῆς
898 5644 1038 5692 confinium
1056 5642 1136 5692 inette
1153 5643 1277 5692 excidere
1295 5645 1443 5704 potnerunt.
1485 5645 1778 5708 viennensem.
1798 5648 1824 5698 1.
1863 5650 1939 5700 itanc
1964 5651 2181 5702 emendationem
2209 5665 2279 5704 na·

397 5703 495 5750 niteam
512 5703 667 5754 confirment.
683 5708 722 5756 tn
741 5707 784 5757 ie.
801 5715 888 5770 parat.
907 5711 933 5770 S.
953 5705 1432 5775 1ο.τεῒτεδξαὺτῆςτῆςγιπαινός,
1459 5711 1510 5760 εἴτε
1535 5708 1561 5760 ἐκ
1578 5711 1629 5759 τάν
1645 5709 1787 5764 κατιόντων
1809 5713 1891 5780 αὐτῆς
1912 5713 2087 5775 neoresium
2111 5713 2138 5784 (ῆ
2156 5721 2280 5788 προῖξ).

398 5765 446 5832 sti)
463 5769 515 5818 Pro
538 5783 607 5820 veee
624 5772 786 5840 κρατούντων
803 5775 894 5826 Codex
917 5777 996 5825 habet
1012 5791 1091 5842 κρατσ
1108 5772 1202 5826 αὐτῶν.
1276 5775 1323 5840 Si)
1348 5777 1400 5826 Pro
1426 5791 1493 5828 voce
1516 5779 1585 5846 χρίει
1607 5777 1698 5830 Codex
1722 5783 1802 5832 hehet
1820 5779 1870 5852 χρὴ
1892 5779 1923 5834 εί.
2001 5783 2048 5845 88)
2069 5784 2163 5836 oeeex
2190 5780 2278 5838 εἶπεν.

398 5833 445 5898 oe)
479 5835 568 5887 Codex
584 5841 693 5897 παντως.
762 5842 809 5904 90)
826 5843 918 5892 Codex
932 5838 1093 5907 βουλόμενος.
