4802 7060
319 579 399 629 κων
968 551 1535 626 Puohheoltuna

320 743 539 832 Epiphaniam
568 741 610 810 de
642 744 761 830 sectis,
789 741 939 810 Photium
966 743 1035 828 περὶ
1065 739 1243 828 Φράγγων,
1273 742 1497 809 collectionem
1524 723 1720 804 LXXXVII
1747 736 1978 826 capitulorum,
2007 737 2201 806 sententias

320 845 509 933 synodales.
555 845 650 912 Hunc
672 845 817 912 codicem
838 841 1075 909 Zoclortaao
1096 845 1222 910 iuveuIt
1244 844 1377 928 cinisque
1398 843 1446 907 rei
1468 841 1617 907 nuncium
1639 839 1755 906 adme
1777 838 2004 927 perferendum
2026 841 2165 906 curavit.

472 967 627 1028 XXXIII.
674 963 789 1029 Codex
812 959 960 1028 Graecus
981 963 1169 1028 monasterii
1190 963 1249 1026 τοῦ
1270 957 1515 1043 Καρακάλλον,
1545 959 1631 1046 quod
1660 961 1692 1023 in
1721 957 1835 1024 Monte
1863 958 1996 1024 Athone
2024 964 2085 1039 est
2131 956 2201 1024 Ilst

323 1049 543 1150 bombycinus,
565 1063 690 1130 saeculi
711 1062 826 1130 decimi
848 1063 971 1149 quarti,
1009 1063 1050 1128 ab
1074 1064 1163 1128 initio
1192 1069 1299 1128 tamen
1331 1061 1472 1126 mutilus.
1522 1057 1756 1146 complectitur
1783 1059 2007 1126 collectionem
2037 1078 2201 1126 canurmm

321 1167 363 1232 ab
385 1165 532 1230 Iohanne
553 1162 762 1232 Scholastica
784 1165 982 1252 contectam,
1011 1165 1152 1250 capitula
1174 1161 1396 1249 LXXXVII.‚
1424 1161 1553 1249 aliaque
1581 1163 1661 1228 iuris
1690 1161 1839 1227 canonIci
1867 1161 2031 1246 opuscula.
2081 1160 2203 1227 Nostri

322 1265 395 1332 libri
417 1266 531 1332 titulus
553 1266 605 1331 hic
627 1271 698 1331 est:
721 1261 892 1356 συναγωγὴ
912 1265 1035 1352 νευράν
1056 1263 1231 1344 διατάξεων
1259 1259 1302 1340 ὠς
1323 1269 1357 1329 ἐν
1385 1265 1502 1349 ινδικῂ.
1546 1263 1644 1330 Hunc
1672 1263 1814 1329 codicem
1840 1262 2080 1328 Zacborioeus
2100 1263 2203 1330 inve·

323 1368 373 1436 uit
393 1384 499 1453 eaque
521 1366 563 1432 de
584 1384 621 1431 re
643 1383 695 1432 me
716 1365 889 1432 certiorem
911 1365 995 1431 tecit

476 1487 632 1549 XXXIV.
678 1480 793 1549 Codex
815 1481 965 1556 Graecus
986 1481 1176 1548 monasterii
1197 1483 1253 1560 τῆς
1273 1484 1424 1564 μεγίστης
1444 1478 1599 1567 Anioni,
1636 1482 1720 1570 quod
1749 1483 1782 1548 iu
1813 1481 1926 1549 bloute
1950 1481 2082 1548 Athone
2102 1481 2203 1546 situm

325 1592 390 1656 est.
433 1583 498 1652 Est
518 1584 797 1672 membranaceus,
819 1585 943 1652 saeculi
966 1583 1156 1671 duodecimi,
1177 1583 1267 1650 inItio
1290 1589 1398 1649 tamen
1420 1583 1463 1650 ad
1489 1583 1648 1670 finemque
1677 1584 1815 1650 mutilus.
1867 1583 2100 1670 Complectitar
2130 1582 2204 1647 col-

323 1689 497 1756 lectionem
518 1705 687 1771 canonum,
709 1686 886 1754 Athanasii
906 1685 948 1752 ad
971 1685 1194 1769 Rufinianum,
1216 1684 1390 1750 Novellam
1411 1682 1583 1752 Iustiniani
1605 1689 1785 1770 LXXVII,
1809 1684 1965 1752 Germani
1988 1683 2031 1748 de
2052 1683 2203 1770 synodis,

324 1787 522 1854 LXXXVII
544 1787 705 1875 capitula,
728 1785 905 1875 Epiphanii
928 1792 964 1853 et
985 1784 1150 1852 Timothei
1170 1785 1213 1852 de
1235 1787 1354 1872 sectis,
1376 1786 1521 1870 eclogam
1543 1787 1628 1873 legis
1649 1785 1836 1874 Mosaicae,
1857 1787 2073 1870 fragmentum
2095 1783 2204 1870 quod-

326 1889 401 1956 dam
429 1891 499 1973 τιερὶ
528 1883 628 1977 ὅρων,
656 1889 802 1976 eclogam
828 1888 953 1954 Leonis
982 1895 1017 1954 et
1039 1886 1265 1972 Constantini,
1300 1887 1392 1971 leges
1421 1887 1590 1976 Rhodiae,
1632 1886 1773 1974 denique
1796 1893 1953 1972 excerpta
1975 1885 2137 1972 quaedam
2159 1903 2204 1950 ex

329 1989 453 2056 Codice
476 1995 511 2056 et
532 1991 695 2058 Novellis.
739 1991 835 2057 Iluuc
857 1988 1012 2055 CodIcem
1034 1986 1272 2054 Zacharioaa
1299 1987 1444 2074 Invenit,
1473 2007 1620 2078 quaeque
1641 1990 1709 2076 ,hoc
1733 1990 1805 2056 loco
1828 1988 1934 2054 relata
1955 1993 2049 2076 sunt,
2079 1985 2124 2051 ad
2150 2001 2206 2052 me

324 2092 531 2178 perscripsit.

479 2213 620 2276 XXXV.
666 2208 782 2276 Codex
810 2208 958 2275 Graecus
986 2206 1200 2274 bibliothecae
1227 2205 1448 2291 Tubingensis
1477 2228 1610 2274 numero
1637 2205 1723 2274 193.
1754 2208 1912 2292 signatus.
1968 2204 2034 2272 Est
2067 2205 2205 2272 charta-

328 2329 423 2400 ceus,
443 2312 478 2376 iu
500 2312 593 2399 solio,
615 2310 738 2376 saeculi
759 2311 875 2376 decimi
897 2310 995 2376 sexti.
1041 2309 1275 2394 complectitur
1296 2309 1520 2376 collectionem
1542 2309 1734 2374 LXXXVII
1757 2307 1984 2396 capitulorum,
2014 2307 2205 2374 Harmedo-

326 2413 395 2499 puli
417 2413 579 2498 epitomen
602 2431 771 2499 canonum,
796 2411 937 2498 itemque
958 2409 1001 2477 de
1023 2411 1125 2476 sectis
1147 2409 1305 2496 libellum,
1332 2411 1610 2498 fragmentnmque
1639 2409 1816 2498 quoddam,
1849 2409 1902 2474 ubi
1924 2408 1967 2476 de
1996 2406 2206 2472 iureiurando

326 2509 519 2578 ludaeorum
541 2513 666 2602 agitur,
692 2519 728 2578 ex
749 2513 808 2577 τοῦ
834 2513 964 2596 βιβλίου
987 2512 1051 2576 τῶν
1080 2508 1237 2598 ἐπάρχων.
1289 2511 1357 2578 Vol.
1386 2512 1869 2578 taurominitanum:
1914 2510 2043 2595 Accepi
2064 2527 2127 2593 epo
2152 2507 2205 2575 M.

330 2609 472 2678 Cautius
498 2612 562 2679 11.
587 2613 642 2680 die
664 2609 848 2698 Septernbr.
875 2610 996 2678 1578.
1024 2607 1197 2698 prirrpae
1217 2614 1365 2678 mittente
1386 2609 1570 2678 venerabili
1589 2611 1641 2678 M.
1665 2610 1797 2678 Israe'te
1826 2609 2020 2698 Wictundo,
2051 2611 2208 2698 Lauffue

328 2712 521 2780 Ecclesiam
541 2701 629 2781 Ca‘iz·
649 2716 805 2799 repente,
841 2715 898 2800 quei
930 2715 1051 2778 nactae
1088 2715 1164 2778 crat
1198 2710 1325 2798 Spirae
1353 2733 1400 2778 cac
1431 2711 1526 2780 tibris
1553 2709 1600 2778 D.
1631 2712 1713 2780 Sint.
1749 2711 1913 2778 διάνοιάν·
1947 2715 2062 2778 toriae.
2092 2735 2207 2794 μακα-

328 2819 437 2900 ρίτου,
481 2813 527 2882 ibi
561 2815 744 2902 otimtaadn
776 2813 941 2880 Conaerac
973 2811 1056 2899 Inep.
1087 2811 1291 2879 Aeaeaeoria.
1337 2813 1391 2882 De
1423 2816 1485 2880 hoc
1520 2814 1603 2880 libro
1634 2815 1855 2901 manuscripto
1884 2812 2127 2880 Zacharioeua
2154 2831 2209 2880 me

327 2916 408 2983 tecit
430 2918 615 3000 certiorem,
635 2915 792 3004 ,idemque
818 2913 880 2982 hoc
903 2915 1110 3002 exemplare
1138 2913 1317 3006 Schardio,
1344 2937 1417 2984 cum
1437 2918 1471 2982 iu
1493 2913 1590 2984 Italia
1618 2922 1888 3000 commoraretur,
1917 2916 2100 2982 conlectum
2126 2931 2208 2982 esse

328 3017 476 3084 coniecit.

480 3153 658 3240 Postquam
679 3151 825 3238 singulos
845 3155 951 3220 nostri
971 3153 1044 3220 libri
1072 3151 1203 3220 codices
1223 3171 1319 3220 manu
1340 3157 1505 3233 exaratos,
1527 3152 1580 3218 ubi
1602 3159 1754 3240 exstent,
1782 3152 1874 3218 cuius
1901 3151 2100 3220 conditionis
2129 3149 2209 3237 sint,

327 3256 657 3342 commemoravimus,
678 3255 757 3320 illud
778 3254 938 3322 adnotare
959 3256 1060 3334 iuvat,
1083 3254 1169 3320 hunc
1190 3255 1303 3320 librum
1323 3255 1392 3320 tere
1407 3253 1441 3320 in
1455 3253 1519 3343 his,
1540 3274 1623 3341 quas
1640 3253 1725 3339 legis
1749 3255 1820 3322 loco
1837 3255 1923 3342 apud
1937 3253 2090 3321 Graecos
2104 3252 2209 3318 tuisse

327 3358 413 3423 satis
427 3365 566 3444 constet,
588 3376 745 3423 canonum
767 3357 1010 3426 collectionibus
1022 3355 1142 3422 haberi.
1172 3352 1227 3420 Ex
1243 3353 1294 3420 his
1308 3355 1363 3422 vel
1378 3356 1517 3422 maxime
1530 3375 1601 3422 curn
1615 3356 1808 3424 collectione
1830 3375 1986 3423 canonum
2000 3355 2041 3422 ab
2055 3353 2209 3421 Iohanne

329 3453 537 3525 Scholastica
559 3459 709 3526 contecta
730 3459 918 3524 coniunctus
940 3475 1018 3524 esse
1040 3456 1218 3544 reperitur,
1246 3455 1337 3522 cuius
1363 3456 1411 3523 rei
1433 3457 1653 3523 testimonium
1682 3457 1776 3524 nobis
1797 3455 1971 3542 perhibent
1993 3455 2112 3522 Codex
2138 3455 2209 3522 I’a·

328 3557 481 3625 rislensis
506 3557 634 3646 1334,
656 3559 876 3626 Coislinianus
898 3554 1001 3646 2⁰9„
1023 3557 1265 3624 LaurentIanus
1287 3557 1386 3642 plutei
1408 3561 1467 3622 IX.
1490 3555 1560 3624 cod.
1585 3557 1633 3647 8,
1662 3559 1765 3644 plutei
1785 3562 1827 3622 X.
1852 3557 1921 3624 cod.
1957 3557 2032 3644 1⁰,
2065 3555 2210 3624 vitica-

328 3678 392 3724 nus
414 3657 517 3748 841,
545 3658 684 3747 denique
712 3659 759 3741 is,
796 3660 851 3746 qui
875 3661 910 3725 iu
936 3659 1134 3726 monasterio
1159 3659 1220 3722 τοῦ
1246 3655 1476 3746 Καρακάλλον
1504 3664 1569 3724 001.
1634 3658 1736 3746 quue
1764 3657 1956 3726 confirmant
1984 3655 2051 3724 alia
2088 3675 2211 3724 exem·

329 3759 434 3846 pluria
461 3779 557 3826 mauu
592 3765 746 3847 exarata,
788 3778 889 3846 quae,
932 3779 1122 3848 quamquam
1145 3757 1253 3824 Photii
1283 3778 1535 3826 nomocauouem
1566 3780 1638 3826 cum
1665 3767 1780 3826 nostro
1808 3757 2118 3826 libro‘coniunctum
2143 3759 2211 3826 ba·

328 3861 419 3948 bent,
440 3868 548 3928 tamen
569 3859 699 3946 aliquod
721 3863 833 3946 operis
854 3862 895 3926 ab
917 3861 1061 3928 Iohanne
1083 3859 1223 3926 contecti
1245 3859 1420 3944 vestigium
1442 3860 1604 3928 exhibent.
1649 3860 1709 3930 Sto
1737 3859 1897 3947 praelatio
1919 3858 2079 3929 Iohannis
2100 3859 2209 3928 habe-

328 3967 388 4052 tur,
403 3963 437 4028 iu
459 3961 581 4028 Codice
603 3961 785 4028 Parisiensi
811 3959 939 4044 1324,
961 3964 1089 4029 Veneto
1116 3957 1216 4049 109,
1239 3960 1455 4042 Neapolitano
1477 3962 1503 4028 I.
1526 3966 1569 4027 A.
1592 3963 1629 4029 4.
1679 3963 1789 4049 Atque
1811 3961 1898 4028 hanc
1927 3960 2056 4048 quidem
2078 3961 2209 4028 utrius·

330 4081 395 4150 qne
416 4063 526 4150 operis
548 4063 807 4130 conluuctIouem
828 4063 892 4129 iam
914 4063 1149 4152 antiquissimis
1171 4061 1368 4150 temporibus
1390 4063 1511 4129 tactam
1536 4081 1616 4131 esse
1646 4063 1721 4150 ipsa
1752 4061 1898 4129 codicum
1920 4081 2016 4128 manu
2046 4069 2209 4132 exarato-

329 4183 401 4229 rum
421 4169 573 4230 vetustas
595 4163 680 4229 satIs
702 4164 905 4250 comprobat,
926 4163 1082 4252 siquidem
1106 4164 1223 4230 Codex
1246 4163 1426 4230 Vaticanus
1448 4159 1539 4232 sta.
1563 4163 1640 4231 noni
1667 4163 1790 4232 saeculi
1818 4169 1890 4249 est,
1915 4161 1997 4230 liber
2027 4163 2214 4232 0010111110-

328 4282 392 4330 nns
415 4259 506 4328 209.
529 4263 605 4330 noni
629 4264 682 4330 vel
705 4265 820 4332 decimi
841 4273 933 4332 certe
955 4265 1083 4352 quidem
1105 4264 1259 4351 ineuntis,
1281 4265 1522 4334 Laurentianus
1544 4267 1621 4354 plut
1648 4270 1707 4332 IX.
1740 4264 1811 4332 cod.
1835 4263 1874 4330 8.
1902 4269 1938 4330 01
1966 4263 2045 4352 plut
2067 4267 2110 4330 X
2132 4265 2214 4332 cod.

332 4363 396 4430 10.
418 4362 597 4452 undecimi,
618 4363 758 4452 denique
780 4365 982 4432 ParisIensis
1008 4362 1123 4430 1334.
1146 4363 1334 4430 duodecimi.
1380 4363 1473 4446 Carae
1499 4368 1627 4454 quidem
1655 4367 1838 4434 coniunctio
1860 4385 1956 4453 quam
1982 4370 2076 4432 arcta
2097 4367 2220 4455 tuerit,

328 4463 418 4546 illud,
440 4465 523 4551 qaod
546 4485 645 4552 supra
666 4485 708 4532 ex
732 4467 855 4532 Codice
878 4467 1039 4534 Vaticano
1061 4463 1154 4532 843.
1173 4451 1362 4550 attulimus,
1390 4466 1545 4536 schellam
1577 4470 1692 4555 arguit.
1736 4465 1797 4534 Sic
1823 4466 1910 4532 enim
1937 4463 1980 4533 ad
2008 4466 2105 4534 hnem
2133 4467 2220 4535 col-

328 4565 480 4633 10111ουί0
502 4585 660 4632 canonum
682 4573 717 4632 et
731 4570 922 4633 LXXXVII
945 4567 1155 4654 capitulorum
1177 4566 1230 4632 Iol.
1246 4565 1310 4631 54.
1326 4565 1382 4632 Ba
1404 4567 1579 4656 ἐπληρώθη
1600 4567 1661 4636 σὺν
1682 4569 1755 4652 θεῷ
1777 4563 1797 4646 ἡ
1818 4565 1992 4650 συναγωγὴ
2013 4569 2079 4634 τῶν
2101 4569 2223 4636 θείων

329 4663 477 4732 κανόνων
497 4672 532 4732 ἐν
552 4663 751 4745 πεντήκοντα
771 4671 891 4745 τίτλοις
911 4669 1105 4753 διῃρημένου
1126 4668 1183 4731 καὶ
1204 4672 1241 4731 ἐκ
1261 4667 1326 4732 τάν
1346 4671 1469 4752 νεαρῶν
1489 4667 1666 4751 διατάξεων
1694 4665 1737 4736 τά
1763 4661 1827 4748 κζ’.
1857 4664 2027 4755 κεφάλαια
2051 4665 2225 4736 Ἰωάννου

328 4763 582 4852 άρχιεκισκὸνιου
596 4764 975 4858 Κωνσταντιυουιιόλεως
985 4769 1044 4834 τοῦ
1058 4765 1124 4834 άπὸ
1139 4770 1376 4846 σχολαστικῶν.
1415 4769 1532 4856 Itaque
1547 4771 1588 4837 ab
1602 4772 1696 4838 buius
1715 4769 1840 4836 eadIeIs
1861 4769 2025 4857 scriptore
2037 4776 2229 4859 umque

330 4886 413 4953 opus
440 4867 633 4934 coniunctim
655 4867 792 4936 Iohanni
813 4867 1022 4938 Scholastica
1043 4869 1176 4936 attribui
1196 4867 1363 4951 videmus,
1393 4877 1430 4936 ut
1452 4892 1512 4959 pro
1542 4873 1687 4942 diversis
1713 4871 1808 4938 amris
1835 4870 1973 4938 alicuius
1999 4871 2072 4938 libri
2098 4874 2232 4959 parti-

327 4967 389 5037 bus
415 4968 569 5036 habuisse
597 4968 757 5038 videatur.

481 5087 611 5153 Titulus
633 5088 743 5174 operis
764 5088 797 5154 in
819 5087 950 5174 optimis
972 5087 1151 5175 quibusque
1171 5091 1401 5177 manuscriptis
1422 5090 1476 5157 hle
1496 5093 1569 5158 est:
1591 5097 1628 5157 ta
1649 5093 1713 5156 τοῖν
1733 5086 1855 5174 μετάθ)
1876 5087 1935 5156 τὸν
1955 5086 2081 5155 adimo
2100 5089 2238 5160 θείων

328 5190 452 5276 νεαρῶν
472 5185 649 5268 διατάξεων
669 5190 730 5252 τοι)
749 5190 805 5268 τῆς
826 5189 926 5265 θείας
946 5187 1062 5268 λήξεως
1080 5186 1313 5258 Ἰουστιυιανοῑι
1344 5189 1499 5279 διάφοροι
1521 5187 1684 5272 διατάξεις
1709 5182 1911 5284 σινάδοῖισαι
1940 5187 2106 5276 ἐξαιρέτως
2136 5203 2244 5274 τοῖς

327 5290 436 5366 θείοις
457 5294 554 5377 ἱεροῖς
566 5286 682 5354 κανόσι
704 5292 761 5354 καὶ
782 5295 819 5355 ἐκ
831 5294 1015 5377 περιουσίαις
1027 5287 1086 5369 τὴν
1101 5296 1224 5357 οἰκείαν
1232 5297 1264 5372 ⁷)
1281 5291 1377 5371 ἰσχὺν
1387 5298 1553 5376 νέμουσαν,
1576 5291 1630 5370 αἶς
1647 5289 1739 5372 τάξιν
1751 5289 1826 5358 τινά
1843 5295 1902 5357 καὶ
1918 5287 2067 5376 ἀριθμὸν
2083 5293 2247 5376 11100θή.

330 5411 431 5471 κάμεν
451 5387 530 5474 πρὸς
550 5387 713 5472 σύντομον
733 5385 857 5472 εὕρεσιν
884 5391 943 5456 τοι)
963 5392 1207 5474 ἐπιζητουμένων
1238 5398 1439 5481 κεφαλαίου,
1475 5392 1531 5460 διά
1551 5392 1609 5478 τό,
1638 5391 1681 5470 nic
1701 5399 1841 5478 εἴρηται,
1871 5397 1909 5457 ἐκ
1937 5388 2105 5480 διαφόρων
2134 5392 2252 5463 δια-

330 5487 451 5568 τάξεων
471 5488 618 5556 εἶναιτὰ
639 5491 889 5581 συνταχθέντα,
909 5489 953 5569 oia
974 5489 1199 5560 ὑποτέτακται.
1244 5492 1304 5562 Sic
1326 5495 1443 5562 Codex
1466 5489 1811 5584 0010111100εεῦ09.,
1833 5491 2254 5585 34.,-Paris1eusesque

480 5733 512 5790 1)
528 5731 582 5780 Pro
599 5725 669 5862 ρρῖδ
683 5727 776 5782 Codex
793 5731 969 5782 Vaumneralr
986 5745 1098 5784 uramero
1117 5733 1172 5784 CV.
1190 5735 1312 5796 agnatos
1330 5735 1400 5785 teste
1420 5734 1532 5786 Pasieria
1548 5731 1617 5784 saed
1633 5733 1722 5784 habea
1796 5733 1827 5792 1)
1844 5733 1935 5786 Codex
1953 5733 2129 5783 nouaoerrts
2154 5737 2256 5792 814,

327 5825 376 5876 pro
394 5807 491 5863 οἰκείαν
508 5813 587 5864 habet
610 5809 616 5828 '
642 5829 685 5861 σν.
