4802 7060
364 563 421 612 avr
1032 521 1603 596 Paobnuumnnn

365 725 523 797 Iohannis
546 719 744 790 Scholastici
767 719 830 787 dici
852 719 886 786 in
908 723 986 786 nota
1008 713 1176 802 marginali
1198 713 1393 795 indicabit).
1423 707 1637 798 ltaqucsatis
1658 710 1801 792 constat,
1823 710 1858 774 et
1879 703 1965 793 apud
1980 708 2116 770 veteres
2132 698 2235 767 Grae-

365 849 442 911 cos,
464 827 516 914 qui
539 826 581 891 de
605 823 667 888 bac
688 842 725 888 re
746 821 839 890 nobis
862 820 976 886 melius
1000 817 1145 884 indicare
1166 821 1321 902 possent,
1342 833 1405 880 nec
1427 814 1468 880 de
1490 811 1595 878 nostri
1618 809 1730 895 operis
1752 807 1912 894 scriptore
1933 806 2018 872 satis
2040 801 2236 886 constitisse,

366 937 402 997 et
422 929 507 994 illam
530 925 725 1012 opinionem,
746 939 830 1008 quae
852 921 935 985 hunc
958 919 1072 984 librum
1094 918 1231 983 lohanni
1252 915 1461 982 Scholastica
1485 911 1696 992 attribueret,
1724 930 1745 977 a
1766 907 1956 997 quibusdam
1977 907 2010 973 in
2032 904 2161 971 dubium
2182 899 2238 968 ad-

366 1031 497 1096 ductam
519 1047 608 1094 esse.
643 1025 694 1090 [le
709 1019 917 1089 Theodoreto
940 1021 1095 1106 episcopo
1119 1019 1223 1106 Cypri
1244 1017 1300 1084 vel
1323 1015 1420 1102 Cytri
1441 1014 1496 1080 vel
1520 1007 1649 1100 Cyrrhi,
1674 1011 1725 1078 cui
1746 1017 1862 1077 noster
1883 1010 1991 1097 legum
2012 1008 2095 1073 liber
2116 1006 2151 1071 in
2173 1003 2240 1092 qni-

366 1129 501 1200 husdam
523 1127 686 1194 codicibus
708 1121 938 1206 manuscriptis
959 1121 1163 1205 attribuitur,
1190 1119 1268 1186 nihil
1290 1135 1373 1184 sane
1395 1120 1536 1181 constat.
1581 1115 1697 1199 ltaque
1725 1112 1791 1180 alia
1821 1109 1878 1178 ria
1905 1106 2153 1196 ingrediendum
2183 1111 2241 1194 est,

366 1240 405 1299 ut
425 1239 587 1315 tempora,
610 1225 724 1314 quihus
746 1223 850 1288 nostri
872 1222 944 1288 libri
966 1221 1157 1308 compilator
1178 1219 1317 1302 vixerit,
1349 1225 1442 1284 recte
1471 1216 1650 1302 ordineque
1677 1213 1881 1280 definiamus.
1924 1212 2035 1296 Atque
2056 1206 2240 1276 duodecimo
2371 1229 2372 1256 ι

368 1331 498 1420 quidem
530 1337 606 1416 post
633 1325 795 1392 Christum
823 1329 933 1388 natum
960 1323 1091 1390 saeculo
1120 1321 1335 1408 posteriorem
1362 1339 1427 1386 non
1448 1319 1550 1384 luisse
1577 1316 1683 1382 nostri
1705 1316 1816 1401 operis
1839 1311 2098 1399 compilatorem,
2126 1307 2183 1374 vel
2204 1326 2242 1373 ex

369 1435 433 1500 hoc
454 1432 617 1498 coniiccre
639 1429 732 1508 licet,
773 1423 858 1511 quod
885 1423 1018 1490 codlces
1040 1422 1268 1510 manuscripti,
1311 1421 1365 1508 qui
1387 1419 1472 1486 hunc
1493 1419 1606 1484 librum
1629 1416 1803 1494 exhibent,
1846 1415 1888 1480 ad
1910 1413 1993 1480 haec
2020 1417 2171 1496 tempora
2192 1427 2242 1474 re-

370 1537 527 1602 seruntur.
593 1529 815 1594 Parisiensem
850 1525 980 1613 quidem
1008 1525 1121 1592 librum
1151 1543 1284 1590 numero
1316 1521 1432 1589 137⁰.
1464 1521 1625 1605 signatum
1659 1517 1713 1582 vel
1748 1514 1928 1582 duodecimi
1964 1512 2090 1578 saeculi
2122 1527 2243 1578 exeun·

370 1635 417 1702 tis
439 1632 494 1700 vel
517 1631 632 1697 decimi
655 1629 744 1694 tertii
766 1627 908 1692 ineuntis
931 1645 1008 1692 esse
1029 1626 1224 1712 iudicamus,
1247 1623 1446 1690 Bodleianus
1468 1629 1577 1688 autem
1601 1617 1716 1686 Codex
1738 1635 1869 1683 nrrmero
1901 1611 1965 1682 86.
1989 1614 2161 1699 signatus,
2198 1611 2244 1696 qui

371 1733 512 1802 Barocci
534 1727 597 1797 86.
621 1731 696 1808 fuit,
720 1729 883 1814 habetque
905 1733 1051 1792 nostrum
1073 1729 1337 1792 Nomocanonem
1366 1723 1443 1790 inde
1465 1743 1486 1790 a
1507 1724 1582 1790 lolio
1605 1717 1670 1787 49.
1694 1737 1797 1806 usque
1826 1717 1868 1783 ad
1897 1717 2005 1782 lolium
2028 1711 2092 1778 oa.
2121 1713 2186 1778 hoc
2205 1713 2244 1776 ti-

371 1835 460 1902 tulo:
484 1829 729 1912 theocritum
749 1826 871 1910 νόμιμα
892 1831 957 1894 τῶν
977 1835 1192 1911 προκειμένων
1213 1823 1371 1912 κανόνων,
1394 1826 1596 1892 coniunctum
1618 1823 1705 1888 illum
1727 1820 1856 1909 quidem
1879 1838 1950 1884 cum
1973 1817 2181 1880 LXXXVII.
2194 1830 2243 1877 ca-

372 1936 544 2024 pitulorum
566 1930 767 2018 appendice,
791 1937 927 1996 auctore
948 1927 1245 2008 Zacharineo³⁴),
1269 1927 1402 1994 saeculo
1424 1933 1501 2013 post
1523 1925 1689 1990 Christum
1716 1929 1827 1990 natum
1854 1919 1979 1986 decimo
2011 1917 2109 1984 tertio
2139 1913 2244 1980 vindi-

373 2034 498 2104 candus
519 2039 594 2122 est,
616 2032 757 2117 denique
780 2027 894 2098 Codex
915 2029 1085 2096 hledicens
1107 2029 1364 2112 Laurentianus,
1395 2028 1449 2115 qui
1471 2029 1557 2094 inter
1579 2025 1681 2113 plutei
1704 2025 1745 2090 V.
1768 2024 1869 2090 libros
1891 2039 2022 2088 numero
2043 2015 2107 2084 22.
2129 2013 2246 2127 relatqa

372 2145 437 2218 est,
461 2155 531 2202 cunr
553 2133 709 2200 Iohannis
731 2132 955 2198 collectionem
976 2149 1132 2196 canonum
1153 2130 1215 2196 hoe
1237 2129 1347 2196 titulo:
1389 2125 1563 2210 συναγωγὴ
1590 2123 1738 2192 κανόνων
1765 2122 2039 2203 tantammodo
2067 2123 2114 2194 dg
2135 2138 2245 2194 πεπν-

372 2261 476 2306 νοντα
497 2238 624 2310 α’τλους
645 2235 841 2318 διῃρημένων
862 2231 939 2298 inde
961 2249 981 2296 n
1003 2230 1079 2296 solio
1104 2229 1138 2294 1.
1162 2250 1265 2318 usque
1293 2230 1335 2296 ad
1366 2229 1474 2296 lolium
1496 2225 1558 2293 60.
1582 2226 1831 2314 complectatur,
1865 2221 1983 2290 deinde
2006 2219 2164 2300 eundern,
2192 2235 2246 2304 quo
2372 2239 2373 2256 ι

373 2341 417 2407 de
442 2339 565 2424 agitur,
603 2354 854 2401 nomocanonem
876 2332 938 2398 hoc
959 2331 1068 2396 titulo:
1097 2327 1346 2414 adunandorum
1367 2327 1489 2414 νόμιμα
1516 2331 1582 2394 τῶν
1609 2335 1823 2412 προκειμένων
1853 2322 2003 2392 κανόνων
2023 2321 2101 2390 inde
2129 2341 2152 2388 a
2180 2319 2245 2385 lolio

373 2439 440 2506 60.
463 2457 566 2524 usqne
589 2436 631 2503 ad
653 2437 762 2503 folium
786 2432 850 2501 76.
873 2431 1143 2519 comprehendat,
1166 2431 1308 2518 denique
1330 2431 1437 2517 legum
1457 2429 1688 2517 appendicem,
1716 2446 1800 2516 qnae
1822 2433 1858 2494 et
1878 2426 1965 2514 apud
1986 2423 2180 2492 Iustetlinm
2198 2439 2248 2488 re·

372 2541 515 2630 peritur,
548 2537 610 2604 hoc
631 2536 742 2602 tituto:
788 2537 881 2620 ἕτερα
910 2529 1076 2619 κεφάλαια
1098 2531 1350 2611 eustermonat
1376 2529 1693 2618 repatriaremur
1714 2525 1888 2609 διατάξεως
1910 2528 2087 2606 contiueat,
2120 2530 2247 2592 auctore

376 2641 610 2719 bandinum)
643 2637 769 2704 sacculi
797 2643 873 2722 post
902 2635 1065 2703 Christum
1099 2639 1207 2701 natum
1235 2631 1415 2700 duodecimi
1448 2633 1693 2700 videturesse.
1751 2629 1871 2698 Verum
1899 2648 2005 2718 neque
2046 2625 2126 2694 illnd
2164 2623 2248 2690 dubi-

374 2741 509 2811 tandum
531 2747 596 2818 est,
618 2739 702 2806 hanc
723 2736 966 2804 Nomocanonis
988 2737 1132 2824 formam,
1154 2752 1238 2822 quae
1259 2735 1346 2822 apud
1367 2733 1555 2801 luctctliunr
1576 2735 1754 2820 reperitur,
1786 2733 1919 2801 saeculo
1941 2737 2018 2818 post
2040 2727 2117 2796 Chr.
2147 2733 2248 2792 natum

375 2843 548 2912 undecimo
570 2839 701 2928 prodire
723 2859 788 2906 nou
809 2837 974 2924 potuisse,
998 2836 1158 2923 siquidem
1181 2835 1224 2902 τό
1244 2837 1432 2918 συνᾴδοντα
1453 2833 1584 2918 νόμιμα,
1608 2854 1693 2921 quae
1714 2835 1759 2900 ihi
1780 2833 1884 2902 relata
1906 2837 1993 2920 sunt,
2014 2852 2059 2898 ex
2082 2829 2174 2916 puris
2194 2847 2249 2913 pu·

376 2947 423 3012 tis
443 2942 614 3011 Iustiniani
635 2942 715 3007 iuris
737 2939 902 3006 codicibus
924 2937 1043 3004 hausta
1070 2943 1163 3026 suot,
1197 2957 1269 3003 cum
1290 2942 1399 3004 tamen
1423 2936 1485 3004 hoc
1507 2935 1646 3003 saeculo·
1661 2937 1820 3016 Basilica,
1852 2953 1958 3022 neque
1980 2934 2060 3001 iun's
2082 2927 2248 2997 Iustiniani

376 3063 515 3132 corpora
536 3061 594 3130 pro
615 3041 691 3129 lege
713 3043 817 3108 fuisse
838 3047 960 3107 certum
982 3037 1258 3126 indubitatumque
1279 3039 1333 3105 sit.
1378 3035 1433 3104 Ad
1461 3040 1631 3126 superiora
1660 3041 1757 3107 etiam
1788 3045 1935 3124 tempora
1961 3035 2014 3102 vir
2045 3031 2250 3100 doctissimus
2373 3027 2374 3088 ι

377 3147 610 3224 nonaum)
631 3142 812 3210 ascendere
833 3141 955 3226 voluit,
979 3139 1032 3226 qui
1054 3139 1317 3226 Nomocanonem
1339 3159 1405 3208 non
1426 3141 1473 3208 itu
1494 3141 1593 3208 multo
1615 3147 1692 3228 post
1713 3139 1921 3227 imperatoris
1943 3135 2117 3203 lastiniani
2139 3133 2249 3200 obitum

378 3248 563 3317 conlectum
583 3263 661 3311 esse
681 3244 871 3334 coniecerit,
892 3261 963 3308 cum
985 3239 1037 3306 his
1052 3241 1191 3308 maxime
1213 3242 1412 3328 temporibus
1433 3261 1455 3310 a
1476 3242 1705 3310 iureconsultis
1720 3240 1860 3308 Graecis
1874 3237 2004 3308 multum
2026 3255 2067 3304 nc
2088 3251 2248 3322 saepenu-

377 3367 467 3418 mero
488 3347 523 3412 in
545 3345 607 3412 hoc
630 3343 822 3412 desudatum
836 3362 914 3411 esse
928 3347 1068 3424 constet,
1091 3348 1126 3409 nt
1147 3343 1226 3408 iuris
1247 3343 1417 3410 lastiniani
1439 3363 1576 3430 corpora
1598 3363 1669 3410 cum
1690 3344 1760 3408 iure
1782 3339 2011 3408 ecclesiastico
2033 3357 2128 3425 quam
2152 3333 2252 3402 maxi-

378 3469 431 3519 me
452 3451 726 3534 compararentur.
771 3446 867 3512 lianc
894 3449 1001 3512 autem
1029 3444 1134 3510 nostri
1162 3442 1235 3509 libri
1263 3443 1420 3530 originem
1453 3445 1531 3536 hae,
1561 3463 1643 3533 quas
1664 3443 1835 3511 arenam
1862 3441 2026 3527 attingere
2054 3438 2172 3516 noluit,
2202 3453 2249 3502 res

378 3551 551 3620 manifesto
573 3547 752 3634 loquuntur.
797 3547 858 3614 Ac·
870 3546 1005 3633 primum
1026 3543 1155 3631 quidem
1179 3563 1250 3610 cum
1272 3543 1305 3610 in
1327 3545 1470 3613 secundo
1483 3545 1628 3614 Trullani
1650 3543 1777 3611 concilii
1799 3562 1925 3611 canone
1945 3543 2070 3630 scripta
2091 3536 2254 3629 quaedam,

379 3670 465 3742 quae
485 3647 590 3716 adbuc
612 3648 858 3736 dubitabantur,
879 3646 972 3714 velut
993 3643 1157 3731 Dionysii,
1180 3643 1282 3727 Petri,
1307 3644 1459 3732 Gregorii
1481 3647 1725 3731 Thaumaturgi,
1749 3644 1934 3726 Athanasii,
1958 3643 2122 3730 Gregorii,
2147 3639 2256 3708 Theo·

274 3803 275 3808 .
357 3751 471 3841 phili,
507 3747 631 3835 Cyrilli,
654 3749 845 3832 altorumu)
867 3745 1001 3814 canonis
1023 3747 1128 3813 vicem
1150 3747 1297 3814 obtinere
1318 3747 1412 3814 iussa
1433 3755 1549 3815 essent
1569 3747 1717 3834 adeoque
1739 3747 1838 3814 etiam
1860 3765 2006 3813 canones
2029 3745 2101 3812 loco
2126 3741 2256 3811 laudato

379 3858 624 3936 nuncupentur,
654 3848 793 3915 dubitari
820 3848 946 3936 nequit,
978 3847 1055 3933 quin
1082 3847 1166 3914 haec
1192 3867 1318 3934 quoque
1347 3848 1473 3934 scripta
1502 3849 1535 3914 in
1557 3849 1807 3936 Nomocanoue,
1835 3848 1890 3936 qui
1911 3848 2018 3914 omnia
2039 3846 2174 3912 omnino
2196 3845 2257 3908 iura

381 3949 925 4038 ecclesiasticacomplecteretur,
964 3947 995 4014 si
1023 3949 1053 4012 is
1080 3953 1158 4033 post
1185 3947 1354 4014 concilium
1382 3949 1570 4016 Trnltannm
1593 3949 1786 4037 compilatus
1808 3949 1946 4030 luisset,
1979 3939 2258 4013 commemoranda

381 4061 481 4140 atque
502 4053 588 4116 inter
610 4069 755 4118 canones
776 4047 951 4118 reserenda
971 4048 1121 4114 luissent.
1164 4049 1280 4135 ltaque
1301 4049 1360 4116 vix
1383 4069 1424 4118 ac
1444 4068 1487 4117 ne
1508 4051 1566 4117 vix
1597 4051 1726 4138 quidem
1748 4048 1905 4116 credibile
1926 4054 1997 4136 est,
2020 4055 2170 4113 nostrum
2190 4045 2259 4109 No-

381 4171 593 4222 mocanonem
625 4159 701 4236 post
733 4152 816 4220 haec'
841 4157 988 4237 tempora
1018 4149 1224 4236 compilatum
1252 4168 1342 4216 esse.
1386 4149 1461 4217 Huc
1488 4152 1633 4242 accedit,
1666 4153 1750 4240 quod
1773 4150 2016 4219 Nomocanonis
2043 4150 2095 4215 tit.
2119 4148 2190 4213 56.
2213 4142 2259 4211 εδ.

380 4253 515 4320 Iurtetli
540 4273 571 4338 p.
604 4248 695 4318 ooo.
726 4253 958 4340 Apostolorum
980 4269 1084 4316 canon
1114 4251 1334 4335 octogesimus
1362 4254 1509 4342 quintus,
1535 4273 1598 4340 quo
1625 4255 1876 4321 constitutiones
1905 4249 2119 4338 Apostolicae
2146 4246 2261 4316 contir-

381 4361 522 4440 mantnr,
546 4351 669 4418 relatus
692 4356 752 4435 sit,
776 4371 847 4419 com
869 4359 978 4420 tamen
1000 4349 1061 4418 has
1084 4351 1338 4418 constitutiones
1368 4353 1512 4420 secundo
1541 4353 1687 4421 Trullani
1716 4354 1844 4422 concilii
1872 4371 1999 4420 canone
2028 4352 2177 4418 reiectas
2205 4349 2262 4413 irn-

382 4455 606 4542 probatasque
628 4472 705 4520 esse
722 4454 806 4519 satis
820 4455 1016 4532 constet³⁸).
1062 4449 1223 4533 Quaeres
1244 4458 1400 4540 tempora,
1423 4472 1507 4540 quae
1523 4461 1601 4521 onte
1617 4454 1804 4522 Trullanum
1825 4454 1994 4522 concilium
2016 4454 2163 4532 iucmnt,
2185 4449 2263 4516 satis

383 4557 545 4643 designat.
591 4555 700 4640 Atque
722 4556 819 4621 ctiam
841 4553 918 4619 illud
941 4553 1038 4619 tertio
1060 4553 1132 4619 loco
1155 4553 1465 4620 commemorandum
1493 4561 1563 4638 est,
1605 4555 1689 4644 qnod
1719 4558 1824 4623 nostri
1850 4553 2096 4624 Nomocanonis
2117 4554 2265 4639 scripto·

382 4677 453 4725 rem
475 4655 676 4724 Heracliaua
697 4661 844 4740 tempora
865 4673 929 4721 non
951 4653 1104 4738 attigisse
1125 4653 1205 4718 illud
1227 4659 1417 4738 argumento
1438 4661 1508 4743 est,
1531 4656 1615 4744 qnod
1638 4655 1783 4724 Heraclii
1809 4656 1970 4726 Novellas
1999 4656 2264 4730 constitutiones,

384 4778 469 4848 quae
498 4755 628 4844 quidem
657 4755 700 4822 ad
727 4755 779 4820 ius
807 4755 1067 4822 ecclesiasticum
1089 4755 1288 4843 rerenmrur,
1315 4756 1402 4822 inter
1429 4753 1472 4820 τὰ
1500 4755 1688 4840 συνᾴδοντα
1713 4755 1837 4844 νόμιμα
1863 4775 1931 4826 non
1958 4757 2118 4825 retulerit.
2168 4757 2266 4823 lmmo

384 4879 516 4940 omncs,
539 4877 623 4947 quae
643 4858 731 4924 inter
752 4852 796 4922 τό
817 4853 1004 4939 συνᾴδοντα
1024 4852 1147 4938 νόμιμα
1166 4855 1292 4922 relatae
1313 4861 1398 4936 suut,
1421 4855 1515 4941 leges
1537 4857 1622 4924 hunc
1642 4858 1692 4925 rei
1713 4858 1830 4944 legalis
1852 4865 1986 4946 statum,
2015 4859 2070 4946 qui
2091 4863 2174 4926 ante
2196 4855 2267 4923 lle·

384 4962 519 5030 raclium
548 4961 624 5042 luit,
659 4959 838 5046 loquuntur.
890 4956 1032 5024 Praeter
1058 4954 1203 5044 Digesta
1230 4955 1450 5042 codicemque
1484 4957 1569 5024 enim
1595 4957 1837 5027 Nomocanonis
1865 4967 1979 5028 auctor
2006 4967 2042 5026 et
2068 4959 2268 5027 collectione

391 5173 797 5188 W

488 5301 536 5362 8³)
554 5303 601 5352 sla
618 5303 691 5351 enlm
709 5298 756 5350 fol.
774 5299 817 5350 lb.
834 5299 879 5363 A,
897 5301 968 5351 testa
984 5296 1164 5352 aroannam
1180 5298 1208 5350 ln
1225 5297 1391 5352 blbllotbcca
1407 5302 1475 5352 lurla
1493 5298 1640 5351 0rlentalls
1656 5301 1704 5352 llb.
1722 5303 1770 5352 ΙΙΙ.
1788 5314 1846 5365 cap.
1864 5301 1906 5353 lb.
1921 5303 1985 5353 tom.
2003 5299 2051 5352 ΙΙΙ.
2067 5314 2094 5364 p.
2111 5297 2201 5352 m:
2220 5295 2272 5348 tt·

387 5401 488 5448 μεται
505 5383 612 5449 πόνημα
628 5375 697 5436 εἶναι
712 5379 833 5433 Ἰωάννου
851 5381 1151 5441 Κωνπαντινουπόλεων
1171 5383 1221 5434 τοῦ
1244 5380 1299 5434 ἀπὸ
1322 5385 1496 5448 σχολαστικνῖν
1517 5383 1562 5436 ἐπὶ
1585 5383 1775 5436 Ἰουσενννανοῦ
1798 5384 1979 5456 ἐξορισθέντος
1995 5381 2093 5450 δηλαδὴ
2109 5385 2168 5434 τοῦ
2197 5379 2275 5444 ἁγίου

387 5464 530 5531 Rhoplou-
564 5467 595 5518 ln
613 5472 742 5519 contextu
760 5467 851 5531 operltt
868 5467 913 5518 blo
929 5469 1023 5518 umbro
1040 5468 1168 5518 babetur:
1187 5461 1355 5524 ὑποτύπωσιν
1371 5470 1422 5518 τῶν
1438 5465 1599 5534 πεντήκοντα
1615 5467 1717 5518 rtrum.
1785 5469 1835 5530 34)
1852 5470 1884 5520 ln
1899 5469 1982 5520 libro:
2002 5467 2180 5538 όπρόχεερος
2198 5463 2277 5528 adnm

389 5564 416 5614 p.
433 5549 493 5600 m.
561 5551 609 5612 bb)
626 5553 657 5602 ln
675 5552 800 5616 catalogo
817 5549 941 5602 codicum
958 5551 1124 5604 Graecorum
1142 5550 1322 5602 bibliothecae
1338 5552 1477 5604 Malloeam
1494 5553 1694 5604 [laurentianae
1717 5557 1782 5602 ton.
1805 5553 1827 5603 l.
1844 5568 1870 5618 p.
1887 5553 1929 5604 bb.
1947 5559 1976 5604 et
1992 5563 2047 5616 seq.
2114 5551 2173 5610 ³0)
2191 5551 2225 5600 ln
2244 5549 2278 5598 ll-

388 5635 451 5684 bro:
471 5633 521 5684 Dte
539 5634 695 5687 Grrcbtchte
711 5635 764 5686 der·
780 5633 914 5686 Nonetten
930 5649 957 5697 p.
973 5634 1033 5686 wl.
1101 5633 1148 5694 37)
1166 5633 1236 5684 vlde
1253 5633 1364 5685 ilicum
1380 5633 1414 5685 de
1430 5637 1638 5688 collectionibus
1656 5647 1789 5686 canonum
1806 5639 1941 5689 ecclealae
1958 5637 2081 5688 Graecae
2096 5633 2279 5686 reum

388 5717 550 5768 ltttarariurn
568 5717 588 5784 ς.
608 5719 634 5767 ³.
658 5731 683 5778 p.
707 5715 827 5768 lt—al.
846 5723 874 5769 et
889 5715 1025 5768 Ἀνόιδνενι
1043 5721 1106 5770 torn.
1124 5717 1146 5769 1.
1163 5729 1190 5780 p.
1207 5717 1331 5770 xbvlll·
1436 5721 1482 5780 88)
1498 5721 1570 5772 the
1586 5722 1732 5774 ubam
1748 5723 1768 5773 l.
1785 5723 1803 5772 l.
1822 5737 1848 5787 p.
1866 5723 1906 5773 10.
