4802 7060
345 591 401 638 ειν
996 555 1563 630 Pncnnconnnn

352 754 474 823 desinit
494 755 602 818 autem
624 745 687 827 οὐχ
708 743 929 835 εὑρίσκονται,
952 751 1006 812 εει
1027 751 1162 813 nostrae
1183 745 1384 814 collectionis
1406 765 1478 833 cap.
1501 741 1564 810 75.
1589 743 1719 810 Titulus
1741 748 1811 811 est:
1833 739 1890 810 θ’.
1912 745 1983 830 περὶ
2004 744 2064 810 τοῦ
2084 742 2129 826 μὴ
2151 743 2231 826 ἐξεῖ-

350 881 407 924 ναι
428 858 554 926 λαῖκοῖς
576 847 666 927 λιτήν
687 861 790 914 ποιεῖν
810 846 903 924 ἐκτός
924 843 1106 912 ἐπισκόπων
1127 846 1146 926 ri
1168 851 1336 934 κληρικώυ.
1380 885 1423 898 ·-
1467 843 1546 931 Cup.
1574 843 1636 910 11.
1658 867 1690 933 p.
1715 841 1820 934 663,
1847 842 1932 932 quod
1953 845 2067 932 incipit
2088 843 2107 910 ό
2128 843 2235 924 αύτός

350 951 518 1043 βασιλεύς,
540 950 662 1017 desinit
683 956 792 1016 autem
813 951 991 1025 πολιτικοῖς
1012 947 1187 1039 ἄρχουσιν,
1209 957 1262 1017 εει
1282 954 1417 1014 nostrae
1439 947 1644 1014 collectionis
1667 965 1739 1034 cap.
1767 944 1828 1012 12.
1853 945 1982 1012 ΤἰιοΙοε
2004 953 2077 1014 est:
2096 944 2135 1012 ι’.
2157 955 2232 1034 περι

347 1057 510 1140 κληρικιῖιν
531 1050 672 1132 ἐχόντων
694 1075 725 1116 τι
747 1049 826 1136 πρὸς
847 1047 1005 1127 ἀλλήλους
1026 1047 1046 1127 ή
1067 1053 1123 1116 καὶ
1145 1057 1347 1135 ἐπαγομένων
1377 1045 1438 1114 ύπό
1468 1069 1555 1123 τινος
1582 1049 1640 1114 καὶ
1667 1049 1728 1114 τού
1746 1045 1791 1131 μή
1819 1049 1916 1114 πλέον
1938 1047 2110 1129 ὃιμηναίου
2131 1045 2232 1135 ύπερ·

347 1160 472 1246 βαίνειν
493 1152 551 1232 τήν
573 1154 663 1232 δίκην
670 1200 680 1238 ,
701 1155 758 1217 καὶ
780 1157 807 1215 εί
830 1152 1005 1236 φωραθείη
1027 1151 1177 1236 κληρικὸς
1198 1153 1309 1228 ποινῆς
1331 1147 1433 1238 ἄξιος,
1453 1153 1490 1213 τί
1508 1151 1574 1214 θέοι
1595 1149 1763 1232 γίιιεσθαι.
1791 1187 1833 1200 ·-
1879 1150 1960 1235 Cap.
1987 1147 2047 1214 12.
2070 1171 2101 1236 p.
2127 1146 2234 1238 664,

342 1259 429 1348 qnod
452 1255 566 1342 incipit
587 1252 605 1319 ὁ
627 1250 726 1328 αὐτὸς
745 1249 913 1335 βασιλεύς,
937 1251 1061 1319 desinit
1082 1261 1190 1320 autem
1211 1249 1450 1338 ἀναδέδεκται,
1474 1257 1528 1316 εει
1548 1259 1683 1317 nostrae
1704 1250 2000 1337 collectionis‘cap.
2027 1251 2087 1316 13.
2132 1251 2232 1316 Titn-

341 1362 396 1427 lns
419 1367 488 1426 est:
518 1353 573 1421 ια’.
594 1357 665 1436 περὶ
686 1354 742 1430 τῆς
763 1353 828 1416 τῶν
848 1355 1123 1433 ἐκκλησιαστικιύν
1149 1351 1309 1432 ἀκινήτων
1330 1349 1529 1440 πραγμάτων
1550 1347 1742 1430 έκποιήσεως
1762 1353 1842 1432 δίχα
1862 1355 1926 1418 τιόν
1953 1359 1988 1417 ἐν
2010 1349 2232 1418 Κωνσταντι-

341 1457 502 1528 νουπόλει.
526 1494 567 1506 -
611 1451 692 1540 cap,
719 1452 778 1519 13.
802 1475 833 1540 p.
858 1449 961 1542 665,
983 1454 1068 1541 quod
1089 1456 1204 1539 incipit
1226 1452 1245 1519 ὁ
1266 1451 1366 1530 αὐτὸς
1387 1451 1555 1541 βασιλεύς,
1583 1453 1706 1519 desinit
1734 1461 1843 1520 auten
1865 1451 2112 1541 superaspersus
2140 1458 2233 1534 γίνε-

342 1563 447 1640 σθαι,
470 1567 524 1628 εει
545 1563 678 1625 nostrue
700 1553 903 1621 collectionis
926 1574 994 1641 cap.
1015 1554 1076 1620 ll.
1107 1556 1237 1621 'l'itulus
1258 1555 1310 1622 lric
1332 1561 1402 1622 est:
1425 1551 1483 1640 ιβ’.
1506 1555 1576 1636 περὶ
1597 1555 1869 1631 ἐκκλησιαστικών
1890 1550 2097 1640 ἐμφυτεύτων
2118 1548 2231 1644 (εἰσ),

342 1667 418 1729 τίνα
439 1663 489 1727 δεῖ
507 1657 627 1742 τρόπον
648 1653 773 1722 ὃιθόναι
793 1661 850 1720 καὶ
872 1653 1125 1742 ἐμφυτεύεσθαι.
1149 1691 1192 1708 -
1234 1653 1313 1744 Cap.
1341 1655 1401 1722 14.
1424 1677 1455 1743 p.
1480 1653 1582 1736 666,
1618 1655 1703 1742 quod
1725 1654 1837 1741 incipit
1858 1661 1887 1720 εἰ
1907 1657 1942 1721 ot
1964 1653 2060 1742 ύπίρ,
2106 1654 2232 1722 desinit

343 1769 452 1832 autem
473 1759 492 1840 ἢ
514 1759 619 1834 ἄλλως
639 1757 865 1847 ἐκποιεῖοθαι,
886 1765 939 1824 εει
960 1764 1095 1824 nostrae
1117 1758 1316 1824 collectionis
1338 1756 1490 1846 capiti.
1523 1755 1652 1823 Titulus
1674 1763 1745 1822 est:
1768 1752 1821 1838 ιγ’.
1844 1759 1914 1841 περὶ
1936 1758 2001 1822 τῶν
2021 1763 2055 1822 ἐν
2067 1765 2155 1842 χρίει
2170 1758 2232 1835 dq-

342 1870 467 1948 μοσίων
487 1860 507 1940 ἢ
528 1867 637 1946 ἐτέρας
657 1856 802 1941 ἀνάγκης
822 1869 990 1942 γινομένης
1011 1849 1198 1946 ἐκκλησιῶν,
1218 1863 1276 1925 καὶ
1297 1857 1376 1944 πρός
1397 1856 1540 1936 ἀλλήλας
1561 1853 1771 1944 ἐμφυτεύσεις
1791 1867 1894 1923 ποιεῖν
1906 1859 2008 1942 χωρὶς
2029 1859 2095 1924 τῶν
2116 1863 2153 1924 ἐκ
2165 1857 2229 1940 βει-

341 1965 465 2042 σιλικής
486 1961 613 2046 θιορεάς.
658 1996 699 2010 -
744 1961 825 2046 Cap.
853 1962 912 2028 15.
935 1983 967 2048 p.
992 1957 1104 2048 667.,
1131 1962 1216 2048 quod
1238 1962 1351 2048 incipit
1372 1959 1431 2040 τήν
1454 1961 1488 2025 δὲ
1509 1957 1630 2042 ἀγίαν,
1666 1955 1789 2024 desinit
1815 1965 1924 2024 autern
1952 1955 2146 2040 συνάγεται,
2176 1965 2231 2024 εει

341 2070 477 2152 nostrae
499 2059 701 2129 collectionis
723 2078 792 2146 cap.
820 2060 879 2127 16.
903 2062 1032 2128 Titulus
1053 2069 1124 2126 est:
1147 2060 1202 2127 ιδ’.
1225 2062 1374 2148 περὶτοῦ
1396 2065 1481 2139 ἐχειν
1501 2057 1616 2126 ἄδειαν
1637 2055 1695 2137 τήν
1716 2060 1890 2137 ἐκκλησίαν
1909 2056 2142 2146 Ἱεροσολύμων
2161 2080 2232 2124 πω-

341 2151 420 2232 λεῖν.
445 2202 485 2214 -
510 2164 591 2248 Cap.
617 2159 678 2226 16.
703 2182 734 2247 p.
758 2158 860 2248 667,
882 2161 968 2250 quod
989 2161 1102 2248 incipit
1123 2169 1200 2240 εἴτις
1220 2160 1437 2242 κατασκευήν,
1459 2161 1582 2228 desinit
1602 2166 1711 2227 antem
1731 2162 1992 2241 καταλέλειπται,
2016 2166 2071 2228 est
2091 2168 2231 2228 noscas

341 2264 544 2333 collectionis
567 2281 638 2348 cap.
663 2259 725 2327 25.
770 2263 900 2327 Titulus
921 2259 966 2326 ιε’.
988 2266 1058 2351 περὶ
1079 2265 1144 2329 τῶν
1165 2261 1410 2330 διατυπούντων
1432 2269 1467 2330 ἐν
1487 2259 1668 2340 διαθήκαις
1688 2257 1804 2344 πράξιν
1825 2257 1938 2346 εὐσεβῆ
1955 2262 2157 2348 προσελθεῖν
2170 2265 2230 2330 καὶ

341 2365 393 2433 ὅτι
415 2364 621 2450 ἀμελούντων
641 2364 706 2428 τῶν
727 2359 935 2446 κληρονόμων
956 2360 1018 2429 ὑπὸ
1041 2367 1106 2430 τῶν
1126 2363 1214 2429 κατὰ
1233 2363 1347 2454 χώραν
1368 2361 1550 2432 ἐπισκόπων
1571 2357 1909 2444 ἀναγκασθήσονται,
1950 2369 1978 2428 εἰ
2006 2367 2063 2430 καὶ
2090 2361 2136 2430 τά
2162 2361 2229 2446 μά-

340 2471 438 2535 λιστα
457 2465 548 2554 παρά
569 2467 633 2530 τῶν
654 2465 860 2544 διαθεμένων
879 2461 900 2542 ἢ
922 2465 1157 2552 δωρησαμένων
1177 2463 1393 2551 ἀπηγορεύθη
1414 2464 1536 2540 αὐτοῖς.
1564 2501 1598 2513 -
1646 2463 1728 2548 Cup.
1756 2461 1818 2528 17.
1842 2484 1873 2549 p.
1898 2460 2004 2555 668,
2030 2465 2117 2552 quud
2139 2466 2230 2532 inci-

339 2571 392 2658 pit
412 2574 440 2634 at
461 2568 495 2633 δέ
516 2563 668 2654 ληγάτον,
691 2564 811 2631 desinit
833 2571 941 2631 autem
963 2577 1159 2652 προχωρεῖν,
1182 2573 1237 2634 εει
1257 2574 1392 2634 nostrae
1413 2562 1617 2632 collectionis
1639 2581 1710 2649 cap.
1735 2558 1798 2628 26.
1830 2564 1962 2632 Τἰιιι1ιιε
1984 2574 2058 2634 est:
2080 2563 2134 2640 ις’.
2158 2569 2229 2652 περὶ

340 2671 402 2736 τού
424 2665 600 2756 ὡρισμένου
622 2667 738 2752 καιροῦ
755 2668 795 2750 τῇ
815 2667 879 2731 τῶν
898 2663 1048 2748 ληγάτων
1062 2665 1243 2751 ἀπαιτήσει,
1266 2670 1404 2756 καὶπερὶ
1419 2663 1540 2756 τρόπου
1553 2661 1814 2744 ἐκποιήσεωςκαὶ
1830 2668 1923 2748 τιμής
1939 2672 1996 2734 καὶ
2010 2665 2231 2768 ἀπαλλαγῆς,

340 2778 370 2836 ει
391 2767 509 2848 δεήσοι.
534 2807 569 2818 -
616 2771 698 2854 Cap.
724 2765 783 2833 18.
807 2787 838 2853 p.
863 2763 967 2855 669,
988 2767 1072 2854 quud
1094 2768 1209 2856 incipit
1236 2765 1254 2834 ὁ
1281 2765 1383 2845 αύτός
1403 2765 1572 2854 βασιλεύς,
1602 2765 1725 2834 desinit
1746 2772 1855 2833 autom
1875 2767 2064 2850 ἐπισκόπου,
2087 2775 2144 2836 est
2164 2789 2229 2836 ue-

341 2879 434 2940 strae
456 2869 657 2937 collectionis
681 2888 752 2954 cap.
776 2867 839 2934 27.
885 2869 1014 2934 Titulus
1035 2868 1089 2934 hic
1110 2875 1179 2934 est:
1202 2866 1257 2952 ιζ’.
1279 2872 1355 2958 περὶ
1377 2871 1438 2935 τού
1458 2870 1581 2952 μηδένα
1601 2870 1717 2948 κτίζειν
1738 2864 1905 2954 εύκτήρισν
1926 2874 2027 2957 χωρὶς
2048 2867 2228 2936 ἐπισκόπου

341 2977 400 3040 καὶ
426 2979 454 3038 εί
483 2995 527 3054 μη
556 2969 711 3056 πρότερον
732 2967 775 3036 τά
802 2975 848 3048 είς
869 2971 1070 3048 λυχνοκαίαν
1092 2973 1149 3035 καὶ
1171 2973 1372 3058 φιλοκαλίαν
1400 2973 1457 3036 καὶ
1478 2966 1672 3058 ἀποτροπήν
1698 2969 1763 3033 τῶν
1791 2969 2069 3056 προσεθρενόντων
2096 2972 2225 3049 στήται.

339 3109 384 3138 -.-
407 3071 487 3160 Cap.
514 3069 575 3138 19.
597 3093 629 3158 ρ.
654 3068 759 3160 670,
780 3069 865 3158 quud
887 3071 1000 3157 incipit
1030 3075 1058 3136 εέ
1085 3071 1119 3136 δέ
1146 3074 1309 3158 ἔγκλημα,
1343 3071 1466 3140 desinit
1488 3078 1596 3138 autem
1616 3070 1774 3153 γίνεσθαι
1795 3067 1982 3156 πρόσωπον,
2015 3077 2069 3138 εει
2091 3079 2227 3142 nostine

338 3174 548 3244 collectionis
569 3192 639 3261 cap.
664 3171 728 3239 55.
772 3173 903 3240 Titulus
926 3178 999 3239 est:
1021 3168 1075 3250 ιη’.
1100 3173 1252 3258 περὶτοῦ
1273 3171 1390 3253 ἐξεῖναι
1413 3171 1549 3260 ἄρχοντι
1569 3169 1722 3259 κληρικόν
1743 3173 1795 3238 ἐπὶ
1820 3168 1996 3252 ἐγκλήματι
2022 3173 2227 3260 κατηγορού-

339 3300 438 3361 μενον
457 3273 520 3363 πρύ
540 3280 674 3361 κρίσεως
694 3275 754 3339 τού
775 3269 951 3339 ἐπισκόπου
972 3283 1095 3361 κρῖναι·
1138 3279 1166 3338 εἰ
1188 3273 1222 3338 δέ
1241 3271 1424 3358 χρηματική
1447 3279 1513 3354 εἴη,
1542 3272 1634 3350 ἐκτός
1654 3275 1814 3357 ἐγγνητού
1834 3275 1891 3338 καὶ
1912 3270 2021 3362 ὅρκον,
2044 3271 2227 3358 ὁμολογίαι

340 3403 397 3445 πον
423 3385 617 3460 ἐ-ναγαμενυν
648 3375 876 3440 ἐπιτίθεσθαι.
922 3411 964 3424 -
1008 3375 1089 3460 Cap.
1120 3372 1184 3439 20.
1207 3394 1240 3460 p.
1265 3372 1369 3466 671,
1396 3375 1482 3462 quod
1512 3375 1627 3462 incipit
1648 3371 1726 3458 ὑπὲρ
1754 3375 1789 3440 δὲ
1809 3375 1939 3463 πασῶν,
1967 3374 2093 3443 desinit
2115 3384 2225 3444 antem

340 3480 536 3556 θιευλυτούν,
559 3483 614 3543 est
635 3482 768 3543 nostrae
790 3474 993 3542 collectionis
1021 3493 1094 3563 cap.
1125 3471 1189 3541 59.
1233 3475 1361 3542 Titulus
1383 3481 1454 3544 est:
1483 3472 1552 3543 ιθ’.
1574 3479 1646 3566 περὶ
1666 3477 1727 3541 τού
1746 3476 1905 3559 μηδεμίαν
1923 3474 2040 3559 ἐγγύην
2062 3475 2083 3556 ή
2106 3475 2225 3560 ὁμολο-

340 3584 419 3662 γίοιν
440 3577 658 3644 ἀπαιτεῖσθαι
680 3575 841 3661 ἐπισκόπιρ
869 3582 1063 3660 ἐναγομένιρ.
1100 3613 1143 3626 -
1186 3577 1267 3662 Cap.
1291 3573 1353 3641 21.
1376 3598 1407 3664 p.
1432 3575 1537 3662 671,
1565 3577 1651 3665 quod
1672 3577 1787 3664 incipit
1807 3573 1994 3658 ὑπόλοιπον,
2016 3578 2142 3645 desinit
2162 3599 2229 3646 au-

341 3689 411 3748 tem
432 3681 638 3764 ἀσκητηριόις
658 3679 831 3767 γίνεσθαι,
853 3684 908 3746 est
929 3686 1064 3745 nostrae
1086 3677 1287 3744 collectionis
1309 3696 1380 3765 cap.
1405 3676 1469 3744 76.
1515 3679 1645 3746 Titulus
1667 3687 1720 3746 cst
1740 3675 1781 3745 κ’.
1804 3680 1874 3764 περὶ
1896 3680 1955 3743 τού
1982 3677 2026 3762 μή
2047 3679 2137 3746 κατά
2156 3681 2228 3764 βα-

341 3778 436 3863 θμὸν
457 3777 595 3866 πάντως,
617 3776 703 3844 ἀλλά
723 3776 798 3845 κατ’
824 3777 976 3862 ἐπιλογήν
997 3775 1076 3855 τούς
1096 3776 1294 3862 ἡγουμένους
1314 3781 1488 3862 γίνεσθαι·
1517 3781 1623 3846 ταῦτα
1652 3781 1686 3846 dt
1707 3783 1763 3848 καλ
1785 3785 1820 3846 ἐν
1840 3784 2036 3863 γυναικείοις
2055 3805 2231 3862 ponantq-

339 3887 431 3969 ρίοις.
471 3918 506 3930 -
553 3880 631 3965 Cap.
656 3877 719 3944 22.
742 3900 774 3966 ρ.
799 3878 903 3969 671,
933 3879 1017 3968 quod
1038 3881 1153 3966 incipit
1172 3882 1252 3947 πᾶσι
1274 3882 1308 3946 δὲ
1328 3877 1509 3969 καθάπαξ,
1540 3879 1662 3948 desinit
1688 3889 1796 3950 autem
1823 3881 2068 3968 προτιθεμένων
2087 3878 2231 3974 ἀγάγοι,

337 3987 474 4052 nostrae
496 3979 698 4048 collectionis
720 3991 774 4045 est
796 3999 865 4068 cap.
890 3979 954 4048 87.
999 3982 1128 4047 Titulus
1150 3988 1222 4048 est:
1257 3978 1320 4046 κε’.
1343 3983 1413 4066 περὶ
1433 3983 1494 4047 τοῦ
1513 3979 1558 4065 μή
1583 3981 1701 4063 ἐξεῖναι
1721 3983 1820 4066 μηδὲν
1840 3981 2020 4068 κεκρίσθαι
2048 3980 2231 4065 ἢέμπέξαι

339 4082 475 4170 εύλαβεϊ
499 4079 641 4162 σχήματι
671 4078 691 4159 ή
719 4077 808 4166 πάση
835 4085 1086 4166 ἐκκλησιαστική
1114 4079 1315 4150 καταστάσει
1341 4086 1399 4148 καὶ
1427 4083 1483 4162 τής
1509 4081 1638 4162 τούτοις
1670 4081 1861 4170 ὁρισθείσης
1888 4079 2065 4160 κολάσεως.
2108 4083 2232 4172 Atque

339 4185 388 4273 nt,
409 4203 490 4271 quos
511 4183 732 4271 recitavimuS,
753 4183 953 4268 singulorum
974 4183 1187 4272 capitulorum
1209 4185 1296 4250 tituli
1317 4205 1387 4252 cum
1410 4184 1473 4273 his,
1495 4175 1605 4272 quiin
1626 4185 1731 4252 nostri
1752 4185 1825 4251 libri
1846 4183 1954 4252 indice
1976 4183 2145 4266 habentur,
2170 4185 2235 4253 fe-

339 4303 380 4354 re
400 4301 534 4370 semper
555 4285 770 4373 conveniunt,
791 4292 828 4351 ut
849 4292 957 4352 tamen
980 4283 1152 4372 quaedam,
1176 4285 1315 4373 quaein
1336 4287 1419 4354 libro
1442 4294 1555 4353 nostro
1577 4287 1802 4376 reperiuntur,
1829 4285 1864 4352 in
1884 4286 2129 4352 Nomocanonis
2159 4305 2234 4375 ap-

338 4384 480 4474 pendice
502 4383 749 4472 desiderentur,
770 4386 863 4452 velut
883 4406 954 4472 cup.
982 4385 1028 4472 1.,
1049 4385 1134 4472 quod
1156 4405 1227 4455 cunr
1248 4389 1282 4453 in
1304 4395 1417 4454 nostro
1439 4387 1520 4453 libro
1543 4387 1687 4455 secundo
1709 4388 1782 4455 loco
1810 4387 2010 4474 reperiatur,
2035 4387 2132 4455 haec:
2164 4393 2236 4456 καὶ

338 4497 420 4553 ποῖα
440 4486 492 4549 δεῖ
508 4483 591 4550 εἶναι
613 4491 647 4550 ἐν
668 4482 757 4570 αὐτῷ
779 4487 836 4552 καὶ
857 4486 901 4569 μὴ
925 4485 1008 4551 εἶναι
1029 4487 1128 4572 plane
1150 4487 1271 4553 omissa
1292 4494 1378 4554 sunt.
1429 4489 1547 4575 Neque
1575 4487 1653 4554 illud
1683 4490 1784 4555 tacito
1811 4487 1994 4576 praeterire
2016 4487 2104 4577 licet,
2132 4489 2237 4576 quod

338 4589 424 4655 haec
444 4587 552 4672 legum
574 4584 755 4674 appendix,
778 4606 861 4674 quac
882 4587 1106 4654 Nomocanoni
1128 4586 1259 4654 adiecta
1280 4595 1350 4672 est,
1386 4607 1429 4656 ex
1457 4589 1622 4656 codicibus
1649 4590 1897 4678 manuscriptis,
1926 4589 1981 4676 qui
2008 4597 2157 4656 nostrum
2187 4589 2240 4657 li-

338 4689 432 4757 lnrum
451 4688 661 4774 integriorem
681 4687 940 4777 plenioremque,
970 4709 1064 4778 quam
1087 4695 1122 4755 ut
1144 4707 1229 4756 nunc
1252 4689 1407 4779 habetur,
1428 4689 1645 4780 exhibebunt,
1673 4691 1792 4759 hermia
1813 4711 1892 4760 esse
1913 4691 2074 4758 videatur.
2118 4690 2239 4762 certe

339 4789 469 4878 quidem
497 4791 529 4856 in
558 4789 668 4875 capite
690 4787 815 4856 decimo
837 4795 969 4881 quarto,
1004 4791 1089 4879 quod
1110 4792 1144 4858 in
1164 4791 1378 4877 appendicem
1398 4790 1588 4858 duodecimo
1609 4791 1682 4858 loco
1705 4793 1898 4862 manentum
1919 4799 1994 4878 est,
2032 4799 2067 4858 et
2088 4792 2242 4862 Novel-

337 4893 393 4959 lae
419 4887 508 4956 120.
531 4891 701 4978 inscriptio
729 4888 836 4956 relata
857 4897 922 4977 est,
949 4891 1011 4958 hoc
1036 4892 1149 4960 modo:
1193 4889 1211 4956 ό
1241 4889 1341 4968 αὐτὸς
1366 4890 1520 4979 βασιλεὺς
1539 4893 1659 4979 Πέτρῳ
1688 4891 1821 4982 ἐπάρχιρ
1842 4898 2056 4981 πραιτωρίων,
2078 4910 2169 4980 quae
2197 4896 2242 4962 in

339 4991 498 5086 omnibus,
522 5013 605 5079 quos
626 5009 689 5077 ego
713 4988 871 5080 viderim,
892 4999 1028 5060 nostrae
1049 4993 1156 5080 legum
1178 4993 1382 5087 collectionis
1402 4993 1494 5060 libris
1522 5011 1617 5060 manu
1639 4996 1788 5062 exaratis
1815 5015 1880 5063 non
1901 4995 2079 5080 habentur,
2108 4999 2146 5060 et
2170 5001 2244 5064 ta-

335 5112 413 5161 men
433 5093 475 5161 ab
498 5094 590 5160 initio
612 5093 645 5160 in
667 5097 780 5160 nostro
801 5091 885 5160 libro
906 5091 1009 5160 luisse
1030 5093 1233 5181 reliquarum,
1262 5115 1346 5183 quae
1368 5095 1402 5162 in
1423 5101 1570 5162 nostrum
1591 5095 1760 5184 exemplar
1781 5097 1965 5165 translatae
1989 5095 2244 5186 sunt,Novel-

336 5195 440 5263 larum
463 5193 727 5262 constitutionum
749 5192 900 5282 exempla
922 5195 1093 5263 manifesto
1116 5193 1246 5285 docent,
1268 5197 1361 5264 velut
1382 5217 1453 5284 cap.
1481 5193 1526 5278 1.,
1562 5193 1610 5278 6.,
1640 5193 1714 5280 tn,
1747 5197 1820 5280 ta,
1849 5195 1913 5264 27.
1957 5195 2078 5284 ltaque
2097 5199 2248 5266 verisi-

336 5297 413 5364 mile
435 5303 506 5379 est,
529 5297 562 5364 in
584 5295 719 5382 reliquis
741 5314 877 5383 quoque,
900 5316 985 5384 quae
1007 5297 1094 5384 apud
1120 5303 1267 5365 nostrum
1295 5299 1489 5385 scriptorem
1514 5298 1717 5387 referuntur,
1743 5298 1896 5368 Novellis
1923 5297 2249 5392 constitutionibus,

336 5416 422 5484 quae
443 5398 676 5485 inscriptiones
703 5415 767 5463 non
795 5397 936 5486 habeut,
964 5399 1098 5466 easdem
1125 5399 1167 5464 ab
1193 5400 1286 5467 initio
1307 5401 1410 5466 luisse
1438 5397 1624 5486 adscriptas
1651 5399 1833 5488 iniuriaque
1859 5406 2040 5488 temporum
2061 5417 2106 5466 ex
2126 5397 2250 5470 omns

336 5517 435 5566 manu
455 5501 602 5567 exaratis
624 5497 801 5566 excidisse.
845 5499 932 5566 Vide
953 5517 1023 5586 cap.
1051 5497 1124 5587 14,
1146 5496 1219 5582 21,
1244 5499 1322 5586 22,
1346 5497 1409 5566 28.

492 5603 602 5688 Atque
623 5601 706 5668 haec
728 5599 857 5689 quidem
877 5599 1130 5679 Nomocanonis‚
1155 5603 1208 5688 qui
1229 5601 1366 5668 lohauni
1388 5597 1595 5666 Scholastica
1616 5599 1714 5667 tribui
1743 5601 1848 5680 solet,
1875 5603 1994 5684 torma,
2023 5619 2108 5690 quae
2131 5607 2254 5694 apud

338 5699 517 5768 lustellium
530 5701 676 5790 habetur,
698 5721 856 5788 quaenam
870 5700 1012 5786 capitula
1026 5722 1068 5767 ex
1083 5708 1197 5768 nostro
1212 5701 1295 5769 libro
1307 5701 1449 5768 deducta
1464 5701 1594 5790 habeat,
1614 5703 1711 5785 satis,
1731 5713 1767 5771 nt
1779 5705 1904 5792 opinor,
1925 5701 2046 5770 dictum
2058 5711 2120 5770 est.
2149 5703 2255 5775 lt·-

335 5805 415 5882 stat‚
433 5807 478 5884 ut,
494 5801 608 5887 quilius
621 5803 819 5888 temporibus
831 5802 913 5866 haec
926 5801 958 5864 N
961 5801 1167 5870 omocunouis
1185 5803 1288 5871 torma
1301 5801 1468 5890 prodierit,
1483 5801 1597 5888 paucis
1609 5803 1879 5893 demonstremus,
1892 5804 2051 5892 siquidem
2066 5823 2105 5872 ea
2118 5803 2180 5874 tle
2202 5829 2254 5878 re
