4748 7074
342 545 494 635 ,rao
673 601 683 624 ,
900 497 904 509 ’
1126 541 1552 612 nnounoonnux.

416 733 530 814 babet,
551 729 666 817 reliqui
687 701 757 796 tre⁰s
778 727 908 796 codices
929 725 1007 812 μήτε
1028 723 1046 793 ὁ
1066 730 1248 816 παρθένοι.
1307 730 1429 797 Ibidem
1452 727 1532 797 Cod.
1554 729 1661 798 Paris.
1687 726 1802 796 1381.
1823 725 1997 814 πρόσταξιν
2017 728 2156 818 hubent,
2174 730 2232 798 reli·
2331 709 2332 720 ¹

417 835 471 920 qui
501 840 570 899 tres
599 831 730 898 codices
756 829 878 914 πρᾶξαι.
943 829 1066 896 Ibidem
1094 828 1173 895 Cod.
1202 831 1310 897 Paris.
1344 828 1459 896 1381.
1488 827 1629 916 φυγάδες
1665 829 1779 915 habet,
1821 830 1936 916 reliqui
1964 837 2034 896 tres
2062 829 2187 896 codices
2210 838 2234 897 ol

417 930 568 1021 φυγάδες.
625 933 735 1018 Atque
768 929 802 1019 S.
832 928 868 996 6.
898 930 1005 998 codex
1034 930 1140 996 Paris.
1170 929 1284 997 1381.
1320 931 1418 996 habet
1443 928 1641 1017 ἀναμιαέται,
1685 931 1800 1016 reliqui
1833 930 1964 998 codices
1991 929 2232 1014 ἀναλαμβαοέτο

417 1032 540 1100 Ibidem
562 1031 666 1100 codex
687 1034 794 1099 Paris.
820 1029 935 1096 1381.
956 1026 1057 1109 cilici,
1095 1031 1212 1117 reliqui
1230 1031 1360 1098 codices
1383 1027 1467 1096 ἀλλὰ
1488 1034 1553 1095 καί.
1612 1031 1715 1097 Porro
1744 1029 1779 1116 S.
1809 1027 1844 1096 6.
1875 1030 1980 1098 codex
2006 1031 2112 1098 Paris.
2142 1030 2234 1100 1381.

418 1133 515 1217 λόγος
535 1133 642 1212 habet,
664 1123 777 1220 reliquii
798 1133 928 1198 codices
949 1127 1085 1213 ἀλόγως.
1150 1131 1298 1220 Denique
1328 1131 1363 1221 S.
1393 1129 1429 1197 7.
1451 1130 1556 1198 codex
1583 1129 1690 1198 Paris.
1716 1128 1831 1197 1381.
1859 1128 1939 1216 πρὸς
1962 1129 2194 1216 ὁμολογεῖσθαι
2210 1141 2235 1201 ei

418 1243 579 1316 ἐχέτωσαν
591 1235 698 1323 babet,
718 1253 787 1299 cum
808 1233 921 1320 reliqui
935 1231 1065 1298 codices
1086 1235 1368 1317 προσομολογῆσαι
1390 1238 1425 1299 et
1444 1237 1542 1311 ἐχέτω
1563 1233 1693 1298 habent.
1730 1230 1768 1296 lu
1788 1236 1878 1298 tanto
1903 1232 2096 1316 singulorum
2114 1233 2235 1302 codicuu

420 1338 572 1405 dissensu
593 1337 742 1423 optimum
768 1335 856 1400 sactu
877 1336 983 1400 visum
1003 1340 1074 1414 est,
1103 1334 1206 1400 nostri
1227 1334 1325 1400 libelli
1343 1334 1518 1400 editionem
1537 1333 1580 1398 ad
1610 1331 1740 1399 Codicis
1765 1331 1965 1398 Parisieusis
1996 1332 2119 1402 Graeci
2145 1331 2234 1402 rael.

419 1437 515 1504 iidem
535 1436 646 1526 dirigi,
674 1435 752 1524 sed,
781 1453 864 1522 quoe
885 1435 1055 1501 manifesto
1076 1434 1157 1502 vitio
1183 1435 1366 1502 laborarent
1372 1481 1383 1521 ,
1407 1433 1450 1501 ad
1470 1435 1662 1521 reliquorum
1684 1432 1826 1500 codicum
1847 1435 2062 1501 testimouium
2083 1433 2235 1502 emendari

420 1540 536 1625 Neque
564 1539 650 1604 enim
677 1538 711 1602 in
737 1537 826 1602 vitiis
856 1535 1005 1602 tollendis
1032 1535 1221 1623 lacunisque
1255 1535 1446 1622 supplendis
1481 1536 1538 1602 tuli
1573 1541 1727 1620 tantoque
1758 1534 1877 1600 auxilio
1910 1553 2025 1602 carere
2051 1534 2150 1602 volui.
2196 1534 2235 1604 Ile

421 1637 633 1708 translatione
652 1639 772 1704 Latina
792 1637 870 1702 nibil
891 1655 1023 1724 moneo,
1049 1637 1112 1702 nisi
1133 1636 1218 1722 quod
1239 1635 1392 1716 eaedem,
1421 1655 1502 1722 quas
1523 1637 1556 1704 in
1576 1635 1757 1704 Athanasio
1785 1634 1913 1702 edendo
1940 1635 2133 1723 observavi,
2165 1635 2237 1722 legas

420 1742 482 1808 hoc
503 1757 627 1827 quoque
648 1737 719 1805 loco
741 1737 967 1805 observandae
987 1738 1081 1804 visae
1102 1738 1179 1803 sint.
