4824 7048
382 471 811 544 conneciio
873 471 1197 543 cxxxvii
1262 468 1814 544 oirirunoitom.
1968 472 2048 542 223

182 692 235 740 τοις
263 670 310 730 καλ
342 661 538 748 ἀναγνούσταις
571 668 617 729 καλ
651 667 736 729 παντὶ
770 659 906 743 ἁλλριθθ)
933 659 1084 746 όσοιδήπο-
1136 669 1166 721 et
1187 663 1347 722 lectoribus
1370 663 1525 736 cuivisque
1546 665 1614 739 ulii,
1636 667 1686 737 qui
1717 667 1747 724 in
1770 667 1966 740 qualicunque
1993 683 2050 724 sa-

180 751 258 832 τεθθ)
291 751 430 834 εύλοβοῦς
456 747 599 833 τάγματος
633 747 650 832 ή
686 747 831 832 σχήματος
865 749 1083 829 uaesaniam)
1135 765 1187 806 cro
1215 750 1316 806 ordine
1344 751 1393 806 vel
1424 751 1574 806 seltemnte
1604 751 1783 808 constitutus
1820 757 1882 827 est,
1925 769 1964 808 ne
1998 759 2050 808 ta-

180 837 322 918 ναβλίζειν,
350 835 445 918 ήτῶν
461 842 587 899 ’τοιαῦτα
612 834 769 910 παιζόντων
790 833 939 906 κοινωνούς
969 831 1083 913 ήθεω·
1134 833 1213 890 bulis
1235 834 1353 906 ludant,
1388 836 1437 890 vel
1459 851 1574 908 eorum,
1605 835 1655 906 qul
1684 833 1727 890 ita
1747 837 1868 911 ludunt,
1898 837 1972 894 socii
1999 837 2050 893 vel

179 921 261 1005 ρηιὰς
280 927 414 1002 γενέσθαι
440 917 458 997 ή
487 926 525 994 είς
547 919 715 1002 οἱανδήποτε
741 924 814 982 θίαν
841 923 949 1000 ww)
973 925 1083 1001 θεωρή-
1135 923 1319 990 spectatores
1347 921 1435 992 stant,
1471 923 1521 975 aut
1556 920 1592 975 ad
1615 919 1808 991 quodcunque
1844 922 2049 994 spectaculum

180 1033 226 1072 σοι
245 1004 324 1088 χάριν
345 1007 624 1087 attemerare).
671 1011 698 1066 εί
716 1009 748 1066 tt
766 1027 809 1078 τις
830 1004 861 1079 ἐξ
882 1003 978 1066 αὐτῶν
998 1013 1084 1068 τοῦτο
1135 1003 1289 1074 spectandi
1312 1021 1403 1060 cansa
1424 1005 1554 1068 veniant.
1605 1005 1638 1060 Si
1660 1005 1726 1076 quis
1747 1021 1819 1062 vero
1841 1023 1880 1064 ex
1909 1007 1971 1062 illis
1993 1007 2050 1063 hoc

179 1089 366 1173 rpdptotw),
397 1087 542 1170 κελεύομεν
573 1097 674 1152 τοῦτον
703 1091 748 1150 ἐπὶ
770 1103 845 1168 τρεῖς
866 1087 1009 1160 ἐνιαυτούς
1030 1084 1085 1150 πὰ·
1135 1089 1324 1162 commiserit,
1345 1089 1491 1160 iubemus,
1514 1095 1546 1145 nt
1568 1089 1618 1144 ille
1640 1104 1692 1160 per
1713 1095 1774 1144 tres
1795 1107 1888 1146 annos
1911 1093 1947 1147 ab
1970 1090 2050 1150 omni

179 1201 228 1258 σης
247 1175 381 1256 εὐλαβρῦρ
402 1173 557 1257 ὑπουργίας
583 1171 750 1238 κωλύεσθαι
776 1177 823 1236 καὶ
843 1173 1082 1255 μοναστηρίῳῗῦ)
1134 1173 1298 1229 venerabili
1327 1175 1491 1230 illinisierlo
1518 1173 1707 1245 prohibeatur
1737 1180 1767 1230 ei
1788 1175 1819 1232 iu
1840 1175 2050 1233 monasterium

177 1257 374 1342 ἐμβάλλεσθαι.
1134 1256 1292 1316 iniicintur.

256 1373 306 1453 λη’.
314 1376 360 1456 ⁷⁵)
405 1379 523 1456 riperta
535 1377 619 1455 0176)
636 1378 792 1438 ἐπίσκοπον
812 1370 1085 1453 καταναγκάζεσθαι
1220 1377 1292 1460 Cap.
1312 1374 1364 1430 38.
1407 1375 1516 1432 Nullus
1546 1377 1643 1430 antem
1672 1374 1829 1447 episcopus
1857 1376 2050 1447 qualemcun-

175 1458 336 1540 οἱανδήποτε
363 1458 494 1541 κληρικὸν
520 1461 574 1524 ὑπ’
598 1457 686 1524 αύτύν
714 1453 787 1523 όντα
814 1467 865 1522 τοῦ
888 1464 958 1522 ἰδίου
979 1457 1085 1539 κλήρου
1135 1476 1192 1532 qua
1214 1461 1372 1536 clericum,
1402 1461 1452 1532 qui
1473 1460 1529 1516 sub
1551 1460 1617 1532 ipso
1639 1464 1699 1534 est,
1727 1475 1746 1514 e
1767 1461 1846 1518 clero
1869 1476 1924 1518 sno
1946 1462 2050 1520 dimit-

173 1544 312 1610 ἀπολύειν.
1137 1553 1199 1602 tere
1222 1549 1355 1619 cogatur.

252 1659 374 1742 ier-²⁷)
418 1668 501 1726 Πιῖσι
522 1661 605 1739 0178)
624 1676 684 1735 τοῖς
705 1657 870 1733 ἐπισκόποις
893 1665 940 1724 καλ
961 1664 1084 1741 πρεσβυ-
1220 1665 1291 1734 Cap.
1312 1661 1363 1720 39.
1408 1663 1549 1721 Omnibus
1577 1665 1674 1718 nutem
1697 1659 1845 1733 episcopis
1867 1666 1898 1719 et
1918 1665 2048 1736 presby·
2064 1669 2126 1714 Nov-
2142 1671 2198 1716 199.

170 1753 259 1828 ιε’ροις
282 1745 495 1830 ἀπαγορεύομεν
518 1745 612 1829 pilli)
633 1748 757 1829 χωρίζειν
778 1745 897 1826 τινὰθθ)
926 1753 976 1826 τής
1004 1745 1086 1826 ἁγίας
1137 1747 1209 1803 teris
1231 1749 1443 1820 interdicimus,
1465 1763 1503 1802 ne
1524 1763 1695 1818 quemqnam
1719 1763 1738 1801 a
1759 1762 1845 1802 sacra
1866 1749 2050 1806 commuuio·
2067 1747 2121 1792 ‘⁵⁸¹'-
2140 1740 2179 1783 ¹¹·

171 1837 329 1906 κοινωνίας,
350 1836 416 1913 πρὶν
438 1831 510 1912 ²3⁸¹)
533 1836 612 1893 αίτία
633 1835 748 1912 δειχθῇ,
776 1831 816 1892 δι’
839 1827 873 1912 ήν
894 1838 923 1894 oi
942 1835 1085 1910 ε’κκλησια·
1137 1848 1174 1888 ne
1213 1841 1367 1906 separent,
1411 1839 1568 1903 eritequem
1599 1847 1691 1888 cansa
1724 1833 1847 1902 probato
1873 1833 1929 1904 sit,
1959 1849 2051 1906 querc

172 1921 262 1979 στικοὶ
282 1913 694 1997 κανόνεςτοῦτογινίσθαιθθ)
713 1912 917 1996 κελεύουσιθῧ).
948 1921 975 1978 εί
992 1920 1024 1977 tt
1043 1940 1086 1988 τις
1137 1917 1336 1974 ecclesiastici
1359 1933 1487 1974 conones
1511 1917 1569 1973 ltoe
1591 1918 1655 1972 sieri
1676 1916 1805 1972 iubeant.
1849 1919 1882 1972 Si
1904 1919 1970 1988 quis
1991 1935 2051 1976 ou-

170 1997 251 2082 παρά
274 2007 366 2062 ταῦτα
388 2008 439 2082 τῆς
460 2000 543 2081 ἁγίας
568 2004 712 2072 κοινωνίας
733 1998 795 2062 τινὰ
817 2005 933 2082 χωρίσαι
941 2000 998 2078 ⁸⁴),
1019 2007 1085 2062 ἐκεῖ·
1136 2005 1195 2057 tem
1213 2002 1355 2058 adversus
1378 2002 1453 2058 haec
1475 2001 1603 2072 aliquem
1625 2017 1643 2056 e
1664 2017 1752 2058 scura
1774 2001 1976 2058 communione
1997 2019 2051 2059 se-

170 2087 283 2166 νοςμὲν
303 2083 397 2164 nisti)
420 2086 523 2158 ἀδίκως
544 2081 603 2147 ἀπό
626 2092 677 2164 τῆς
697 2087 842 2157 κοινωνίας
863 2085 1083 2166 χωρισθείςθθ),
1136 2088 1302 2158 paraverit,
1331 2087 1382 2144 illo
1404 2087 1540 2161 quidem,
1567 2085 1652 2156 quasi
1675 2086 1786 2142 iniuria
1814 2102 1833 2140 a
1860 2101 1946 2142 sacro
1967 2101 2051 2144 com-

168 2173 307 2250 λυομίνου
328 2177 380 2232 τοῦ
401 2177 546 2252 χωριομοῦ
573 2165 629 2231 ύπό
661 2170 787 2246 μείζονος
809 2175 901 2248 ιἐρίως
929 2177 980 2248 τῆς
1001 2168 1085 2248 ἁγίας
1136 2171 1275 2226 munione
1297 2178 1452 2243 separatus
1480 2172 1537 2242 sit,
1566 2171 1753 2242 separatione
1775 2185 1793 2224 a
1814 2172 1923 2227 maiore
1946 2187 2052 2228 succr-

168 2252 323 2328 ἀξιούσθω
345 2259 502 2328 κοινωνίας,
525 2253 541 2316 ὁ
565 2255 594 2314 oi
615 2253 720 2323 ἀδίκως
740 2257 866 2335 χωρίσας
888 2249 944 2314 ύπό
972 2260 1024 2314 τοῦ
1051 2261 1086 2316 it·
1137 2255 1206 2312 dote
1235 2256 1349 2330 soluto,
1383 2257 1420 2310 od
1452 2271 1566 2312 sacrem
1599 2255 1830 2311 communionem
1866 2257 2052 2328 admittatur3

169 2329 316 2418 ρίωςθῖ),
346 2338 395 2419 ὐφ’
418 2334 507 2419 ivm)
536 2337 738 2414 τίτακταιθθ),
775 2334 1007 2419 χωρισθήσεται,
1035 2336 1084 2418 ἐφ’
1136 2340 1164 2396 is
1192 2345 1310 2414 nutem,
1342 2341 1392 2412 qui
1421 2341 1530 2396 iniuria
1558 2341 1726 2410 separavit,
1764 2341 1800 2394 ob
1829 2355 1883 2414 eo,
1916 2343 1972 2398 sub
1994 2355 2054 2412 quo

168 2421 240 2486 ὅσον
272 2420 374 2506 χρόνω
395 2429 496 2496 ἐκεῖνος
518 2423 689 2500 terronam).
1135 2425 1252 2496 positus
1274 2431 1334 2496 est,
1356 2426 1525 2498 sacerdote,
1547 2425 1686 2496 quamdiu
1707 2425 1752 2480 illi
1774 2426 1935 2500 placuerit,
1959 2443 1977 2481 e
1998 2441 2053 2481 sa-

1137 2524 1188 2565 cro
1210 2511 1414 2566 communione
1433 2510 1627 2580 separabitur.

258 2620 348 2705 p'.⁹¹)
389 2623 475 2686 'Ait’
498 2621 563 2685 ούδδ
584 2625 696 2696 οίκείαις
718 2626 813 2704 χερσὶν
840 2623 1005 2704 elevate)
1029 2627 1087 2686 ἐπί·
1221 2627 1291 2698 (lap.
1313 2625 1365 2680 to.
1407 2627 1521 2682 Verum
1550 2641 1645 2697 neque
1677 2627 1812 2683 menibus
1852 2626 1915 2683 suis
1946 2642 2050 2699 quem-

167 2733 280 2772 σκοπον
300 2705 418 2790 rendili)
443 2705 583 2790 πλήττειν.
611 2714 697 2770 τοῦτο
719 2706 773 2790 γὰρ
794 2705 947 2792 ἀλλότριόν
969 2709 1084 2789 tame)
1137 2726 1224 2783 quani
1245 2718 1403 2783 percutere
1425 2713 1564 2784 episcopo
1585 2713 1683 2768 liceat.
1721 2715 1785 2768 lloc
1807 2713 1885 2770 eninr
1907 2729 1925 2767 ιι
1946 2727 2051 2768 sacer-

166 2798 273 2876 ίερίως.
965 2849 969 2852 .
1137 2796 1207 2853 dote
1228 2797 1356 2853 alienum
1378 2801 1435 2852 est.

254 2905 363 2990 pa'.⁰⁵)
406 2908 485 2982 Είτις
513 2909 597 2986 dlii)
621 2911 774 2983 ἐπίσκοπος
799 2905 875 2972 κατὰ
901 2906 966 2985 τούς
993 2915 1086 2973 erai-
1223 2915 1293 2986 Cap.
1307 2911 1365 2984 di.
1408 2914 1441 2972 Si
1463 2915 1513 2986 qni
1535 2928 1606 2970 vero
1629 2915 1787 2987 episeopus
1810 2914 1974 2972 secundum
1995 2930 2051 2970 ec-

166 2991 337 3066 σιαστικούς
375 2991 498 3068 κανόνας
534 3000 586 3074 τῆς
619 2991 771 3075 ἱερωσύνης
799 2998 947 3075 ἐκβληθεὶς
982 2998 1085 3078 τολμη-
1137 2997 1324 3056 clesiastieos
1347 3013 1476 3056 canones
1498 2999 1663 3056 sacerdotio
1686 3001 1800 3057 ciectus
1822 3001 1989 3073 civitatem,
2013 3015 2051 3056 ex

166 3078 272 3154 σοιθῖ)
301 3081 429 3158 ἐπιβῆναι
450 3085 502 3160 τῆς
529 3075 654 3152 πόλεως,
680 3077 737 3157 ἀφ’
765 3069 855 3158 ήςθθ)
878 3076 1034 3162 ἐξεβλήθη,
1066 3077 1084 3163 ή
1136 3098 1195 3156 que
1217 3085 1332 3141 eiectus
1355 3089 1410 3156 est,
1433 3084 1551 3158 ingredi
1574 3089 1706 3156 conetur,
1729 3086 1776 3140 vel
1799 3102 1866 3142 eum
1889 3085 1997 3156 locum,
2019 3085 2050 3140 iu

167 3166 337 3227 καταλιπεῖν
348 3163 394 3242 ⁹⁹)
416 3160 467 3226 τόν
486 3159 592 3237 τύπον,
624 3169 652 3226 ἐν
674 3154 697 3239 ᾦ
719 3161 874 3244 ἐκελεύσθη
896 3161 1013 3246 διάγειν,
1042 3190 1084 3230 ια-
1135 3182 1192 3240 ριιο
1215 3168 1325 3243 degere
1346 3170 1448 3225 iussus
1470 3173 1531 3242 est,
1560 3169 1743 3242 relinquere,
1772 3172 1851 3228 hunc
1871 3169 2050 3227 monasterio

165 3244 287 3329 λεύομεν
307 3253 410 3310 τοῦτον
431 3251 613 3328 μοναοτηρίω
634 3253 662 3308 ἐν
683 3239 755 3327 ἁλλη
776 3251 897 3330 ἐπαρχία
917 3257 1084 3312 καθεστῶτι
1133 3252 1164 3308 in
1199 3253 1260 3308 elia
1292 3253 1448 3325 provincie
1485 3255 1542 3310 sito
1578 3253 1655 3310 tradi
1688 3255 1837 3328 iubemus,
1886 3259 1936 3327 ut,
1974 3269 2050 3326 quoe

161 3335 397 3414 παραδίδοσθαι,
420 3331 482 3410 ἵνα,
502 3327 577 3411 ἅπερ
590 3331 617 3407 ¹)
640 3337 669 3393 ἐν
689 3338 723 3408 τι)
744 3330 880 3414 ἱερωσύνη
907 3329 1081 3416 ήμαρνενδ),
1132 3337 1165 3394 in
1186 3337 1354 3394 sacerdotio
1377 3337 1520 3414 deliquit,
1553 3337 1584 3394 in
1613 3341 1792 3396 monasterio
1822 3339 1965 3396 emendet.

163 3415 274 3499 διὰγων
295 3421 323 3477 ἐν
342 3416 560 3498 μοναστηρίφῧ)
582 3413 787 3497 διορθῶσηναι.
1436 3469 1441 3476 .

253 3497 354 3582 χχχι)
395 3497 556 3581 Κηηρηηοςς
577 3501 644 3578 ppt)
674 3499 726 3562 οὐ,
753 3496 847 3574 03ch
881 3509 1082 3584 συγχωροημηη
1219 3485 1290 3559 Cap.
1304 3486 1356 3544 19.
1400 3489 1532 3547 Clericus
1553 3493 1652 3546 nutem
1673 3505 1732 3546 non
1747 3490 1834 3546 aliter
1855 3489 1952 3548 creari
1973 3504 2045 3560 per·
2069 3485 2180 3538 911111·

160 3591 410 3669 κηροωηρηγραρ,
448 3591 475 3652 gp
499 3581 538 3666 μὴ
568 3580 723 3665 ψάμμας),
751 3584 872 3665 ἴσχων)
907 3591 954 3648 ,up
985 3585 1083 3670 ὁρμὴ,
1133 3572 1293 3647 mittimus,
1323 3589 1424 3646 quem,
1452 3575 1479 3630 si
1500 3576 1615 3630 litteras
1638 3577 1736 3630 sciant
1765 3581 1795 3631 et
1823 3580 1933 3632 rectam
1960 3575 2048 3632 tidem

159 3674 264 3734 ,dm
284 3673 332 3730 κα)
352 3673 413 3750 χρ),
435 3667 538 3748 amp,
559 3668 679 3751 ἔχων)
708 3673 755 3731 κα)
783 3667 896 3751 pq'ffl)
925 3670 1082 3752 p„„„,„„,
1133 3657 1263 3714 habeant
1290 3659 1440 3730 vitamque
1467 3661 1620 3716 honestam
1648 3660 1759 3734 degant
1787 3665 1818 3715 et
1845 3660 1963 3731 nuptias
1989 3675 2047 3716 ue-

158 3760 250 3837 μίνον
271 3761 311 3833 τῷ
334 3751 412 3834 νόμῳ
433 3778 481 3816 και
502 3765 563 3826 τοῖς
580 3757 672 3827 θείοις
680 3755 708 3834 ⁰)
730 3751 831 3818 κανόσι
851 3751 962 3836 λάβωσι
984 3753 1080 3837 γὰμον.
1131 3742 1290 3884 ήῐῖἰθήξιῇθ
1318 3759 1414 3816 Helui)
1448 3745 1542 3801 ⁸³⁰¹l⁵
1574 3745 1736 3801 ⁰⁸¹¹⁰¹¹lb¹1⁵
1768 3745 1942 3801 1111911119ωὲ
1971 3759 2047 3802 ⁰⁰¹¹·

254 3901 364 3986 pp'.¹⁰)
408 3901 668 3986 ΠρεσβύτερονΗ)
696 3900 730 3967 λ’.
753 3910 887 3968 ἐνιαυτῶν
913 3903 1078 3986 ἐλάτναίθ)
1217 3911 1288 3984 Cap.
1310 3908 1360 3967 49.
1402 3913 1612 3984 Presbyterum
1638 3912 1762 3986 triginta
1789 3913 1876 3968 annis
1904 3912 2046 3970 minorem
2063 3928 2116 3975 cap.
2136 3920 2176 3966 io.

160 3991 302 4070 γίνεσθαι
329 3987 380 4049 ούκ
407 3994 607 4070 ἐπιτρέπομεν,
640 3987 707 4050 ἀλλ’
738 3989 802 4052 ouidi
823 3987 952 4052 διάκονον
972 3987 990 4071 νή
1012 3990 1080 4054 ύπο-
1131 3993 1197 4052 fieri
1219 4012 1278 4053 nou
1299 3997 1446 4070 sinimus,
1475 3998 1529 4054 sed
1557 4013 1653 4068 aeque
1675 3999 1829 4054 diaconum
1851 3997 1899 4053 vel
1921 3999 2048 4055 subdin-

161 4071 300 4134 διάκονον
321 4065 479 4151 ήιτοναῐῧ)
501 4079 560 4135 τῶν
569 4073 614 4154 ¹⁴)
637 4068 701 4143 ae'·‚
724 4072 792 4136 ἀλλ’
815 4073 879 4135 cnidi
900 4071 1084 4157 ἀναγνώστην
1134 4094 1243 4136 conum
1265 4081 1373 4154 viginti
1395 4083 1524 4154 quinque
1545 4083 1630 4139 annis
1652 4083 1804 4156 minorem,
1827 4097 1929 4139 verum
1951 4098 2048 4156 neque

159 4151 362 4232 dinienoeess)
398 4160 455 4218 τῶν
490 4153 565 4219 όκτύ
597 4163 745 4220 ἐνιαυτῶν·
784 4155 967 4220 διακόνισσαν
999 4162 1029 4222 δὲ
1055 4167 1084 4222 δν
1132 4163 1274 4222 lectorem
1296 4165 1390 4240 huno,
1419 4169 1469 4238 qui
1491 4169 1557 4223 octo
1579 4183 1671 4224 annos
1692 4174 1780 4224 notus
1801 4169 1928 4227 nonsit.
1971 4169 2050 4227 llis-

160 4237 238 4321 ἁγίρ
259 4243 390 4320 διοιλησίρ
409 4235 450 4320 μή
472 4249 706 4322 χειροτονεῖσθαι,
729 4236 790 4322 ήτις
810 4238 935 4306 ἑλόντων
951 4247 1027 4308 ἐστὶν
1035 4244 1081 4322 ¹⁶)
1133 4249 1253 4306 eonissa
1285 4257 1384 4307 eutem
1413 4253 1445 4307 in
1474 4257 1579 4308 saneto
1607 4253 1736 4308 ecclesie
1757 4269 1794 4308 ne
1817 4258 1949 4325 creetur,
1971 4266 2048 4324 quae

157 4331 241 4388 ἐτῶν
259 4322 299 4407 μ’.
321 4322 339 4406 ή
358 4331 398 4397 είς
419 4327 566 4407 δευτέρους
586 4319 733 4408 ήλθενῑῖ)
755 4323 870 4409 γάμους.
1133 4334 1331 4409 quadraginta
1351 4337 1438 4394 anuis
1456 4337 1552 4394 minor
1568 4341 1616 4394 est
1632 4337 1681 4394 vel
1700 4336 1738 4394 nd
1758 4338 1907 4396 secundas
1927 4335 2047 4409 nuptias

1132 4420 1278 4492 pervenit.

319 4673 466 4738 99)οἴι11.ου
483 4693 552 4730 uuus
569 4681 655 4732 Paris.
730 4683 777 4743 99)
795 4679 853 4734 οἷον
870 4679 968 4750 δήποτε
985 4683 1025 4736 1ο.
1110 4684 1159 4746 79)
1175 4687 1324 4737 καθεστῶσι
1341 4686 1394 4738 dou
1410 4689 1505 4752 Paris,
1523 4691 1595 4740 inter
1611 4703 1678 4754 qnos
1695 4691 1771 4741 1955.
1855 4687 1902 4748 71)
1919 4689 1982 4740 Vox
1998 4691 2048 4740 τοῦ

153 4749 188 4800 in
206 4745 290 4798 idw-
308 4747 392 4798 deest.
477 4748 525 4807 72)
542 4749 633 4799 Voces
649 4741 666 4817 ἢ
684 4746 721 4808 εἷς
738 4750 896 4818 οἱανδήποτε
915 4753 984 4802 θίαν
1000 4754 1051 4804 τοῦ
1068 4755 1205 4822 θεωρῆσαι
1220 4753 1299 4825 χάριν
1316 4759 1516 4826 παραγενέσθαι
1540 4758 1635 4807 desunt
1658 4758 1726 4820 epod
1743 4757 1784 4806 1ο.
1868 4757 1918 4815 79)
1934 4753 1989 4816 ἁμά
2007 4773 2045 4808 τεν

152 4818 247 4868 ioca.
297 4815 344 4873 74)
362 4813 390 4865 ἐν
406 4815 570 4886 μοναστηρίιγι
588 4816 628 4866 10.
698 4821 749 4879 75)
768 4821 810 4869 10.
827 4835 853 4882 p.
871 4819 931 4868 662.
965 4821 1006 4870 lbi
1023 4821 1089 4871 haee
1106 4827 1149 4871 991
1165 4825 1323 4884 inscriptio:
1358 4821 1387 4874 τ’.
1412 4825 1471 4892 περὶ
1489 4827 1538 4875 τοῦ
1554 4823 1590 4890 μή
1608 4821 1803 4886 ἀναγκάζεσθαι
1821 4820 1962 4874 ἐπίσκοπον
1979 4776 2046 4874 istor

150 4878 284 4952 κληρωτὸν
300 4881 442 4934 ἀπολύεται.
493 4885 541 4943 79)
558 4885 619 4935 Vox
637 4884 664 4935 δι’
681 4887 757 4937 deest
773 4888 842 4950 apud
861 4887 902 4937 Io.
968 4889 1015 4948 77)
1032 4889 1072 4938 1ο.
1091 4903 1117 4952 p.
1134 4891 1196 4940 oio.
1231 4892 1272 4941 lbi
1291 4893 1357 4941 hoec
1375 4897 1416 4942 est
1433 4895 1590 4954 inscriptio:
1607 4894 1655 4956 τῆς
1671 4890 1709 4955 μ’.
1728 4890 1874 4950 διατάξεως.
1925 4894 1972 4952 79)
1988 4896 2046 4942 ro-

152 4961 211 5001 ces
226 4949 294 4999 ποῖοι
305 4949 332 4998 dl
344 4951 440 5001 desunt
451 4953 519 5016 apud
532 4951 571 5002 1ο.
612 4953 659 5013 79)
675 4951 712 5020 μή
729 4955 807 5006 1955.
826 4959 854 5005 et
870 4955 909 5004 Io.
928 4967 981 5006 non
999 4957 1105 5007 habent.
1145 4957 1192 5018 99)
1209 4959 1269 5008 τινὰ
1287 4960 1362 5008 deest
1382 4961 1449 5022 apud
1463 4961 1503 5008 10.
1542 4959 1590 5016 91)
1607 4958 1669 5028 πρὶν
1686 4957 1702 5026 ή
1721 4961 1760 5010 10.
1799 4964 1847 5018 99)
1864 4959 1988 5021 γίνεσθαι
2006 4961 2046 5011 1ο.

152 5018 257 5069 habet.
332 5017 378 5075 89)
395 5017 525 5070 κελεύουσι
542 5019 667 5081 γινίσθαε
686 5023 764 5072 ibae.
784 5049 813 5059 -
832 5019 980 5073 κελεύουσιν
996 5024 1035 5072 10.
1121 5025 1169 5085 oi)
1183 5027 1287 5097 χωρίσει
1305 5029 1380 5078 1955.
1399 5055 1430 5064 -
1444 5027 1549 5094 χωρίσει
1566 5023 1626 5074 τινὰ
1643 5027 1683 5075 Io.
1767 5029 1815 5087 85)
1832 5030 1886 5078 Pro
1904 5023 1936 5084 ὥς
1954 5029 1993 5079 1ο.
2013 5027 2045 5085 ῶς

150 5087 257 5138 habet
307 5084 353 5166 99)
370 5083 502 5164 ἐχωρίσθη
519 5086 564 5136 10.
632 5088 681 5146 87)
698 5091 751 5140 Pro
769 5087 853 5158 ἱερέως
870 5089 910 5138 1ο.
927 5088 1074 5142 ίπισιιόπου
1091 5093 1180 5143 babet.
1256 5096 1304 5154 99)
1321 5097 1374 5145 Pro
1393 5090 1423 5144 ὃν
1440 5095 1493 5142 duo
1512 5093 1607 5159 Paris,
1625 5097 1696 5144 inter
1714 5109 1779 5158 quos
1799 5097 1884 5159 1955,
1902 5090 1921 5161 ᾧ
1940 5098 2046 5146 innitent.

149 5155 211 5213 89)
232 5153 286 5202 Pro
303 5146 351 5208 ve’
371 5148 402 5201 ὃν
418 5154 542 5202 τέτακται
558 5151 599 5204 1⁰·
616 5149 663 5213 ὑφ’
682 5145 715 5206 νύ
732 5152 910 5206 ὑποτέτακται
927 5157 1014 5208 natet
1084 5159 1129 5218 99)
1148 5159 1550 5212 owntdnunnsrnris.et1·.
1644 5163 1867 5225 91)1α.ρ.090.
1902 5167 2046 5226 inscriptio

146 5223 198 5274 ibi
221 5220 292 5270 haee
309 5219 365 5268 ent:
399 5221 447 5286 τῆς
461 5218 498 5281 μ’.
516 5217 661 5279 διατάξεως
731 5223 779 5282 92)
797 5223 1165 5284 ίξεστιν1955.,ίξίοτυ10.
1234 5232 1282 5288 93)
1299 5227 1430 5292 ίπισκόιιηι
1448 5225 1509 5276 τινὰ
1526 5228 1566 5278 10.
1651 5229 1697 5289 oi)
1715 5228 1785 5281 duria
1803 5233 1877 5282 iota.
1912 5235 1974 5281 Vox
1990 5231 2045 5282 ἐστι

148 5292 246 5341 deest
262 5285 332 5350 npnd
350 5283 392 5338 Ῑο.
426 5289 474 5346 95)
491 5287 532 5338 Io.
549 5301 576 5352 p.
592 5289 652 5340 995.
686 5287 729 5338 lbi
746 5291 813 5340 haee
830 5295 873 5340 est
890 5293 1047 5355 inscriptio:
1065 5293 1111 5358 τῆς
1127 5291 1181 5355 με’.
1200 5297 1269 5356 (θον.
1288 5295 1356 5356 μα’.)
1375 5291 1522 5353 διατάξεως.
1555 5297 1601 5355 99)
1619 5295 1647 5346 δὲ
1664 5299 1739 5347 deest
1756 5299 1827 5362 apud
1844 5299 1884 5348 1ο.
1919 5301 1967 5358 97)
1984 5300 2046 5349 τολ-

145 5355 243 5423 μήσει
260 5356 337 5405 1955.
376 5355 422 5405 ste
439 5361 469 5406 et
483 5355 524 5405 Ιο.
626 5357 673 5416 99)
690 5353 740 5416 ἀφ’
758 5347 789 5426 ἧς
806 5357 844 5408 1ο.
945 5361 993 5418 99)
1009 5361 1174 5414 καταλείπειν
1191 5378 1260 5413 ontis
1276 5363 1362 5413 Paris.
1381 5368 1409 5412 et
1426 5363 1465 5411 1ο.
1568 5365 1597 5423 1)
1622 5365 1676 5414 Pro
1700 5361 1767 5436 ὅπερ
1794 5367 1847 5417 θον.
1866 5367 1938 5436 εἴπερ
1956 5369 2043 5418 innuet.

143 5427 183 5484 2)
206 5418 330 5490 ἥμαρτον
350 5421 403 5474 Ob.
488 5423 520 5482 9)
536 5419 565 5472 iv
581 5424 618 5488 aqi
635 5423 798 5495 μοναοτρρίρι
816 5421 912 5489 διοίγων
928 5425 967 5477 1ο.
1062 5429 1092 5490 i)
1109 5430 1149 5480 lo.
1167 5447 1193 5494 p.
1212 5428 1270 5482 682·
1305 5431 1344 5480 lbl
1362 5431 1430 5481 baec
1448 5435 1490 5481 est
1506 5433 1666 5494 inscriptio:
1684 5431 1739 5484 ἀπὸ
1757 5437 1803 5500 τῆς
1819 5433 1877 5498 νβ’.
1895 5434 2043 5493 διατάξεως.

143 5497 182 5554 5)
205 5490 334 5541 sideest
356 5489 456 5552 apro.
523 5489 553 5550 9)
569 5490 657 5542 ἴσασιν
675 5505 743 5542 tinus
762 5495 848 5544 Paris.
933 5495 963 5554 7)
980 5495 1068 5560 δγουσι
1086 5511 1154 5548 nnus
1171 5501 1257 5548 Paris.
1275 5502 1302 5548 et
1318 5498 1359 5547 Io.
1437 5497 1475 5558 ’8)
1492 5496 1528 5564 νὴ
1555 5499 1582 5549 oi
1599 5502 1653 5549 duo
1669 5502 1763 5564 Paris,
1780 5506 1853 5552 inter
1870 5516 1936 5566 quos
1953 5503 2027 5553 1955.
2034 5519 2044 5567 3

143 5558 230 5625 μηδὲ
247 5557 287 5608 1ο.
376 5558 406 5618 9)
424 5553 510 5617 θείοις
526 5557 650 5610 1111955.
668 5560 750 5611 deest
768 5587 802 5598 -
819 5559 864 5612 ml
880 5565 935 5620 τοῖς
951 5561 1042 5614 κανόσι
1057 5569 1112 5623 τοῖς
1129 5565 1215 5623 θείοις
1231 5565 1272 5614 1ο.
1341 5565 1387 5624 10)
1404 5565 1443 5616 1ο.
1462 5581 1488 5630 p.
1506 5568 1566 5616 6³2.
1600 5567 1743 5630 inscriptio
1760 5570 1828 5632 apud
1846 5570 1885 5620 1ο.
1903 5573 1970 5621 haec
1986 5577 2042 5620 est:

141 5622 446 5748 ιιιιιοιον·
694 5625 929 5758 ntea
943 5631 973 5750 ε
988 5635 1145 5750 ann·
1215 5632 1373 5762 ..σοι
1758 5636 1884 5756 ναν

145 5760 227 5816 οὐδὲ
244 5760 353 5815 ίλαττον
370 5757 435 5815 inni
450 5759 515 5815 ίτῶν
532 5761 699 5830 αναγνιύοτην
715 5765 802 5818 babet.
876 5767 922 5826 19)
940 5734 1049 5819 ίλαττύν
1065 5765 1135 5819 ίοτιν
1152 5763 1191 5818 Io.
1277 5767 1325 5829 17)
1341 5755 1425 5837 ἦλθεν
1443 5717 1622 5826 lidbretalo.
1652 5719 1678 5755 οἳ
1780 5723 1844 5756 m
1874 5725 1986 5758 ww,
2017 5719 2041 5754 ο.
