4748 7074
380 573 459 641 21ss
1106 560 1524 642 PROLEG‘OMEN’A
1610 597 1621 616 .

259 829 266 846 ,
379 766 476 845 tegra
503 758 647 848 mansit,
671 755 748 845 sed,
777 762 952 844 praetexto
976 754 998 836 ἤ
1020 757 1076 824 vel
1096 755 1185 845 ἦτοι,
1212 756 1426 822 Basilicomm
1446 755 1538 822 locus
1562 755 1692 824 additus
1714 762 1768 823 cst
1778 751 1824 848 ¹).
1873 753 1989 844 ltaque
2010 756 2085 822 boni
2108 758 2170 824 erit
2187 760 2230 826 in-

382 862 537 948 terpretis
560 879 618 927 eos
639 859 746 948 locos,
772 860 827 946 qui
849 875 892 924 ex
914 858 1066 924 Basilicis
1088 858 1276 944 interpolati
1298 864 1390 944 shut,
1411 865 1531 942 quanta
1551 857 1689 923 maxima
1711 847 1780 923 lieri
1802 857 1922 943 poterit
1943 855 2121 946 diligentia,
2141 859 2232 928 adno-

381 971 470 1048 tare,
501 965 670 1049 ipsamque
690 959 951 1045 interpolationis
978 961 1135 1046 originem
1164 960 1348 1044 fontemque
1370 957 1603 1023 demonstrare.
1625 977 1647 1016 .·
1670 958 1815 1024 Alterum
1842 958 2102 1044 interpolationis
2130 979 2232 1054 genus,
2348 955 2349 960 ’

381 1063 466 1150 quod
487 1083 531 1131 ex
552 1063 835 1130 iureconsultomm
863 1060 1061 1126 Graecorum
1088 1061 1210 1146 glossis
1232 1060 1275 1126 ad
1304 1057 1449 1126 codicum
1476 1059 1761 1144 manuscriptorum
1783 1061 1960 1144 marginem
1981 1059 2121 1126 adiectis
2142 1071 2232 1132 ortum

381 1166 508 1252 habuit,
536 1165 570 1230 in
598 1163 761 1231 Theodori
789 1163 977 1248 fragmentis
1006 1163 1142 1248 reperiri
1164 1160 1392 1248 Nomophylax
1414 1158 1628 1225 Basilicornm
1649 1159 1844 1225 scholiastes
1867 1161 2102 1227 demonstravit
2111 1158 2158 1252 ²),
2177 1168 2232 1256 qni,

383 1285 454 1333 cum
475 1285 565 1354 eam,
599 1284 683 1351 quae
705 1281 748 1329 ex
770 1263 935 1330 Theodori
954 1263 1037 1329 libro
1058 1265 1092 1328 iu
1113 1263 1328 1330 Basilicorum
1349 1267 1423 1327 tom.
1446 1260 1489 1325 11.
1512 1281 1544 1346 p.
1569 1257 1659 1326 586.
1682 1262 1788 1327 relata
1815 1268 1883 1339 est,
1918 1263 2083 1328 Novellae
2104 1259 2167 1330 90.
2188 1269 2233 1333 in·
2348 1275 2349 1288 ¹

384 1369 653 1457 terpretationem
682 1363 970 1451 reprehendisset,
1006 1363 1110 1430 verba
1138 1367 1207 1428 thu
1234 1364 1364 1440 δοῦλος,
1407 1380 1491 1448 quae
1521 1363 1544 1427 l.
1572 1362 1604 1434 l.
1622 1381 1666 1428 ex
1693 1362 1866 1427 Theodoro
1887 1361 2072 1450 laudantur,
2105 1373 2140 1430 ut
2160 1387 2232 1454 quae
2348 1359 2349 1378 ¹

384 1476 486 1535 totam
514 1467 576 1534 loci
608 1465 804 1534 senteutiam
832 1470 1043 1550 pervertant,
1078 1464 1118 1530 ab
1147 1465 1253 1551 aliquo
1282 1463 1360 1528 iuris
1386 1482 1450 1528 nou
1476 1463 1523 1528 ita
1550 1483 1652 1548 guara
1680 1463 1807 1528 homine
1834 1463 1964 1530 adiecta
1991 1483 2069 1531 esse
2097 1471 2235 1561 coniecit,

381 1569 479 1657 idque
499 1573 628 1636 multum
649 1587 688 1634 ac
709 1583 942 1652 saepenumero
963 1565 996 1629 in
1018 1564 1173 1630 Basilicis
1196 1564 1357 1630 accidisse
1389 1560 1641 1655 significavitffj.
1699 1564 1790 1630 ldem
1817 1565 1851 1630 in
1879 1565 1953 1630 aliis
1984 1566 2148 1634 Theodori
2176 1572 2235 1637 lra-

381 1671 539 1756 gmeutis,
560 1687 640 1756 quae
661 1668 693 1732 in
715 1667 868 1734 Basilicis
890 1667 997 1730 relata
1018 1671 1104 1745 sunt,
1130 1664 1292 1732 accidisse
1313 1685 1377 1731 non
1400 1665 1519 1752 dubito,
1541 1665 1616 1752 quin
1637 1665 1706 1731 iure
1728 1667 1904 1754 meritoque
1926 1668 2137 1752 suspicemur.
2174 1669 2236 1741 sou

382 1779 484 1838 totum
497 1772 558 1837 hoc
569 1770 774 1836 coniecturae
790 1785 894 1853 genus
907 1766 1058 1832 lubricam
1074 1771 1154 1833 sane
1169 1772 1223 1831 est
1244 1767 1473 1852 incertumque,
1495 1767 1529 1832 iu
1551 1784 1612 1852 quo
1634 1765 1687 1830 vel
1708 1765 1979 1852 prudentissimus
1993 1769 2129 1855 quisque
2141 1772 2236 1840 idem·
2348 1755 2349 1802 l

383 1893 446 1960 que
461 1871 692 1957 sagacissimus
706 1869 908 1953 antiquitatis
922 1865 1045 1933 vindex
1059 1867 1152 1934 facile
1167 1867 1307 1955 fallatur,
1329 1873 1373 1953 et,
1395 1867 1425 1932 si
1441 1866 1542 1933 semel
1565 1874 1705 1932 erratum
1726 1867 1782 1955 sit,
1803 1869 1942 1934 maxima
1964 1887 2034 1935 cum
2056 1870 2238 1943 difficultate

317 2046 322 2058 ,
345 1997 362 2049 ,·
382 1971 541 2042 medicina
562 1970 709 2037 adhiberi
731 1975 837 2056 queat.
885 1968 1000 2054 ltaque
1021 1988 1113 2036 meas
1135 1967 1175 2034 de
1197 1969 1258 2034 hoc
1280 1969 1538 2053 interpolationis
1559 1985 1683 2051 genere
1705 1969 1908 2054 suspiciones
1929 1970 2098 2036 maximam
2120 1983 2238 2058 partem
2348 2019 2349 2040 ι

273 2083 277 2092 ’
382 2074 482 2140 tacito
503 2069 810 2159 praetermittendas
832 2089 909 2136 esse
931 2071 1060 2157 censui,
1090 2089 1156 2135 non
1177 2087 1239 2155 quo
1262 2070 1430 2155 quicquam
1452 2051 1680 2156 p'raeterirem,
1706 2068 1791 2135 uude
1812 2069 1854 2134 ad
1877 2068 2237 2158 Theodori'iragmeuta
2348 2055 2349 2070 ³

383 2181 419 2242 et
440 2170 641 2241 emendanda
662 2180 696 2238 et
718 2171 830 2237 critica
852 2177 923 2236 arte
947 2177 981 2236 et
1009 2171 1181 2257 disciplina
1208 2170 1419 2256 perpolienda
1440 2169 1559 2257 aliquid
1578 2169 1728 2234 utilitatis
1754 2170 1937 2238 redundare
1958 2171 2143 2263 videretur,
2176 2179 2240 2266 sed,

384 2277 460 2364 quia
485 2275 632 2342 nolebam
661 2273 806 2358 cuiquam
832 2269 936 2336 videri
965 2270 1084 2357 aliquid
1113 2271 1185 2336 sine
1215 2289 1333 2336 caussa
1354 2271 1474 2338 idonea
1494 2270 1671 2359 suspicari,
1699 2272 1955 2359 temeritatisque
1981 2274 2165 2361 nimiaeque
2183 2284 2239 2346 mei
2348 2323 2349 2340 ι

381 2377 485 2464 ipsius
506 2375 643 2442 fiduciae
664 2372 855 2440 contrahere
878 2373 1007 2438 crimen.
1038 2370 1108 2438 Sed
1130 2372 1174 2436 sit
1195 2371 1258 2440 iam
1279 2371 1331 2438 hic
1352 2373 1445 2438 huius
1466 2371 1696 2460 disputationis
1716 2371 1800 2462 aas,
1821 2392 1914 2463 quae,
1936 2373 2011 2442 dum
2032 2375 2147 2443 brevis
2168 2397 2240 2448 esse

382 2477 510 2558 laboro,
530 2477 563 2542 in
585 2477 691 2542 iustae
712 2473 867 2541 orationis
888 2472 1012 2538 modum
1035 2473 1151 2540 crevit.

1022 3135 1603 3222 carnum.

505 3385 559 3454 De
586 3385 725 3452 lontibus
751 3384 783 3450 si
809 3384 990 3472 quaeritur,
1015 3382 1102 3451 uude
1123 3385 1223 3472 haec,
1245 3402 1329 3470 quae
1351 3382 1495 3473 edimus,
1523 3383 1687 3452 Theodori
1709 3383 1890 3470 fragmenta
1910 3387 2027 3456 hausta
2047 3390 2136 3483 sint,
2156 3413 2246 3462 nemo

382 3507 446 3556 nou
466 3487 568 3577 videt,
587 3493 689 3554 totum
709 3486 771 3554 hoc
792 3484 976 3572 disputandi
999 3505 1103 3570 genus
1124 3486 1208 3551 satis
1230 3503 1379 3568 magnam
1401 3483 1523 3552 hahere
1545 3486 1776 3552 difficultatem.
1798 3484 1872 3573 Ego
1886 3489 1968 3554 satis
1989 3490 2117 3560 habebo
2139 3515 2242 3562 eornm

382 3589 517 3658 fontium
539 3590 736 3673 catalogum,
771 3592 890 3674 quauta
917 3588 1057 3654 maxima
1086 3593 1216 3674 potero,
1248 3605 1326 3653 eura
1348 3592 1383 3651 et
1403 3585 1571 3671 diligentia
1593 3605 1799 3676 componere,
1828 3595 1880 3678 et,
1900 3589 2016 3676 quihus
2035 3592 2070 3657 iu
2109 3597 2245 3683 singulis

292 3745 300 3769 ,
334 3756 339 3765 ,
382 3691 549 3762 Theodori
575 3688 766 3772 fragmentis
792 3686 1005 3753 emendandis
1034 3686 1287 3774 supplendisque
1313 3707 1391 3754 usus
1421 3689 1481 3754 sim
1502 3687 1719 3767 adminiculis,
1751 3690 1864 3774 paucis
1886 3682 2066 3777 exponere.
2119 3695 2194 3782 Qua
2213 3699 2243 3764 in

231 3821 236 3836 ·
288 3788 327 3828 ·'
381 3810 419 3858 re
438 3793 486 3858 ita
507 3789 724 3878 versabimur,
753 3793 788 3854 ut
806 3788 953 3872 singulos
976 3789 1082 3856 fontes
1103 3809 1162 3856 suo
1184 3807 1341 3874 quemque
1364 3807 1496 3856 numero
1519 3787 1765 3874 distinguamus.
1816 3843 1817 3852 ,

916 4060 965 4133 Α.
1020 4057 1166 4156 corps
1193 4055 1428 4133 aarum.
1454 4057 1709 4137 Novetmmm.

508 4246 674 4313 Habemus
702 4244 786 4310 hunc
813 4243 925 4310 librum
953 4263 996 4310 ex
1023 4243 1146 4310 duobus
1168 4245 1331 4312 codicibus
1354 4244 1582 4330 manuscriptis
1604 4241 1733 4310 Graece
1755 4243 1889 4334 editum,
1920 4247 2023 4316 altero
2045 4251 2251 4344 Florentino,

381 4351 486 4418 altero
521 4348 662 4414 Veneto.
717 4345 938 4413 Florentinum
966 4346 1134 4432 exemplar
1161 4353 1295 4412 secutus
1324 4352 1378 4412 est
1406 4345 1594 4430 Greportus
1624 4343 1845 4435 Huloander,
1877 4350 2040 4418 Venetam
2073 4353 2250 4422 hienricus

383 4450 606 4534 Scrimperrte.
654 4447 770 4533 ltaque
790 4453 957 4533 utramque
979 4445 1154 4520 editionem
1180 4447 1393 4514 adhibendam
1414 4448 1550 4537 putavi,
1584 4445 1690 4512 adieci
1717 4453 1825 4515 autem
1847 4450 1943 4518 etiam
1965 4455 2135 4542 utriusque
2160 4457 2252 4524 codi-

333 4546 338 4557 '
375 4553 433 4619 eis
454 4552 649 4618 varietatem
671 4549 869 4636 scripturae,
891 4565 911 4612 a
933 4565 999 4634 me,
1021 4548 1095 4613 dum
1116 4549 1150 4613 in
1171 4549 1265 4615 Italia
1287 4549 1520 4628 commorabar,
1544 4555 1717 4614 enotatam.
1766 4548 1805 4614 ln
1827 4549 1888 4618 hoc
1909 4553 1988 4620 libro
2010 4554 2092 4622 haec
2114 4565 2253 4647 recepta

327 4659 458 4737 gsunt
480 4651 644 4718 Theodori
663 4649 859 4736 augmenta:
891 4646 1038 4713 Novella
1063 4645 1157 4714 111.
1206 4650 1326 4736 Incipit
1347 4652 1438 4714 πᾶσα
1458 4645 1579 4732 ἀγωγή.
1630 4646 1762 4714 Desinit
1781 4648 1935 4728 dnarrobc
1954 4655 2146 4725 Βασιλείου.
2201 4658 2253 4726 Ea

381 4753 467 4821 enirn
480 4752 646 4819 Theodori
668 4771 746 4818 esse
769 4748 978 4815 etBieuerus
998 4749 1033 4813 in
1054 4748 1413 4817 historiaNovcllamm
1434 4772 1465 4838 p.
1482 4748 1546 4815 68.
1568 4749 1814 4832 demonstravit,
1836 4760 1871 4819 et
1890 4773 1952 4820 uos
1970 4773 2014 4822 ex
2034 4756 2117 4825 libro
2142 4763 2254 4843 ῥυπῶν

381 4853 579 4923 docebimus.
601 4890 642 4902 —-
684 4850 833 4917 Novella
862 4849 956 4915 114.
1004 4850 1125 4937 Incipit
1154 4852 1418 4927 neocastrum.
1461 4849 1595 4917 Desinit
1616 4849 1706 4939 παρὰ
1727 4851 1786 4917 τοῦ
1805 4853 1971 4937 βασιλέως.
2016 4855 2109 4942 Quae
2134 4862 2253 4930 Theo·

530 5243 561 5303 1)
577 5243 648 5293 Vide
664 5243 798 5293 itettztom
821 5244 849 5292 tn
874 5254 991 5292 excrrrsu
1009 5243 1074 5292 xx:
1087 5241 1121 5291 ad
1142 5240 1283 5304 Theophili
1300 5237 1468 5310 napdopoon
1492 5244 1556 5292 tour.
1573 5243 1607 5292 11.
1630 5257 1656 5306 p.
1674 5243 1749 5293 12³2.
1767 5256 1837 5309 seq,
1865 5246 1976 5298 fratrem
1992 5249 2058 5298 mlht
2075 5261 2140 5300 cum
2159 5254 2257 5314 primis

312 5314 318 5331 ⁸
380 5329 507 5382 dilectum
524 5328 558 5377 de
574 5329 752 5376 Bastlteorum
769 5329 876 5390 origine
894 5335 921 5377 et
939 5331 1007 5377 east.
1024 5341 1050 5389 p.
1068 5327 1125 5386 db„
1143 5327 1283 5374 Bienerum
1301 5327 1329 5374 lu
1346 5326 1431 5375 lthro:
1447 5327 1499 5396 illa
1518 5324 1676 5378 Geschtchte
1691 5329 1743 5378 der
1761 5327 1892 5382 Nonetlen
1911 5331 2139 5394 p.149.‚meln
2160 5339 2260 5386 obser-

271 5384 308 5482 ¹⁸..
379 5413 532 5464 rationibus
549 5413 616 5460 ioris
634 5409 879 5462 Graeco-Romani
896 5427 921 5474 p.
938 5411 981 5461 20.
1098 5409 1304 5466 annnorum.
1328 5410 1370 5459 ed.
1394 5409 1475 5459 Fabr.
1501 5409 1617 5458 tom.11.
1640 5411 1743 5473 phet.
1861 5415 1891 5472 a)
1909 5417 1955 5464 sic
1973 5417 2044 5466 euim
2060 5417 2259 5482 Numophplar

379 5482 866 5560 1.1.τπλὴιοῗμαιμὴτεαιἰτὸντὸν
885 5492 1017 5565 Θεόδωρον
1033 5489 1065 5544 τὸ
1082 5493 1206 5544 τοιοῦτον
1222 5487 1324 5542 ἄτοποι
1341 5491 1477 5559 ἐννοῆσαι,
1494 5491 1604 5560 μήτοιγε
1621 5493 1665 5543 καὶ
1682 5492 1771 5545 εἰπεῖν.
1790 5492 1850 5546 ἀλλ’
1868 5495 1964 5548 danicos
1980 5501 2035 5562 ps,
2057 5501 2262 5566 φιλοσύηομον

349 5605 357 5618 ·
380 5578 459 5643 ὄντα,
477 5574 556 5636 οὕτως
572 5574 686 5648 γράψαι·
710 5572 752 5629 ὅτι
768 5575 823 5628 ἐὰν
846 5573 860 5627 ὁ
882 5575 1011 5647 μάρτυς
1031 5578 1166 5640 λέγεται
1184 5564 1275 5626 εἶναι
1292 5575 1425 5640 δοῦλος,
1446 5573 1568 5626 ἑαυτὸν
1591 5575 1623 5626 dt
1646 5594 1748 5642 φησιν
1769 5567 1863 5629 εἶναι
1883 5579 2076 5653 ἐλεύθερον,
2093 5583 2128 5634 εἰ
2145 5589 2210 5648 μὲν
2228 5587 2260 5640 ἐκ

310 5701 315 5714 .
379 5664 526 5730 γενετῆς,
541 5659 956 5732 μαρτυροίη,ἰκβάλλιται
973 5660 1007 5710 dd
1024 5657 1079 5711 διὰ
1094 5663 1334 5730 παραγραφῆς·
1353 5657 1382 5710 εἰ
1398 5659 1431 5710 dd
1447 5657 1760 5729 durtroidspocrlq,
1793 5661 1954 5714 δεικνύτω
1970 5662 2262 5742 τὴνέλευθερίαι

379 5745 490 5798 αὐτοῦ.
524 5745 698 5815 παραγράψω
720 5743 748 5796 di
769 5761 830 5796 τινα
851 5748 902 5796 τῶν
923 5741 1037 5807 ἀμαθῶν
1059 5742 1176 5809 οἰόμενον
1196 5744 1291 5810 νόμους
1307 5741 1438 5812 γινώσκειν
1454 5741 1486 5794 ab
1509 5743 1580 5796 ἔστι
1601 5744 1738 5824 dodica·
1773 5741 1839 5819 ὅπερ
1856 5747 1900 5800 καὶ
1916 5751 2050 5816 πολλαχοῦ
2066 5752 2119 5802 τῶν
2139 5753 2261 5807 Bucoli-

380 5832 429 5884 aaa
447 5825 600 5900 adplosam.
965 5823 968 5830 ’
1253 5827 1257 5832 ’
