4864 7070
389 571 480 622 anun
1081 540 1556 633 nnonnqonnnn

1636 615 1734 654 bb

1641 670 1684 698 η

388 734 445 819 νζ.
476 737 557 822 περὶ
577 734 641 802 τῶν
661 729 927 820 εὐνοοχιζομένων
946 733 1087 820 καὶπερὶ
1107 731 1197 810 πινῇς
1209 725 1294 824 [leg.

473 830 605 928 ποινῆς)
625 835 689 902 τῶν
710 829 957 912 εὐνοοχιζόντων
969 828 1014 922 1).
1342 834 1410 900 lnc.
1452 828 1589 908 ὁαύτός
1608 828 1768 916 βασιλεύς.

469 1013 473 1018 ¹
926 932 1087 1000 Athones.
1109 929 1233 999 xviii.
1256 929 1293 1000 8.
1342 933 1425 1002 Des.
1466 933 1643 998 Βασιλείον
1662 930 1701 997 τὸ
1721 929 1773 998 ιδ.

285 1097 287 1102 ,
388 1037 445 1120 νη’.
487 1039 557 1123 περὶ
570 1036 630 1102 τοῦ
649 1032 693 1119 μὴ
714 1039 863 1120 παρέχειν
874 1033 984 1113 σχῆμα
1003 1030 1064 1121 πρὸ
1080 1035 1176 1118 τριῶν
1189 1028 1293 1126 (cod.
1784 1024 1788 1035 ⁴

471 1132 652 1226 προτριῶν)
669 1134 796 1222 χρόνων
806 1129 853 1222 1).
1342 1137 1411 1202 Ῑοο.
1455 1141 1484 1201 εἰ
1504 1132 1619 1215 ἀγνοεῖ
1634 1130 1691 1212 τὴν
1712 1129 1820 1212 τύχην.

745 1236 904 1302 Athanas.
924 1228 1048 1298 xviii.
1076 1239 1178 1320 parat·
1201 1238 1232 1314 ᾖ
1258 1234 1292 1300 1.
1342 1237 1425 1306 Des.
1466 1237 1506 1321 τῇ
1526 1240 1665 1325 προτέρα
1686 1234 1811 1300 δίδοται
1834 1231 1924 1318 τύχῃ.

387 1341 457 1414 σθ’.
498 1340 579 1427 περὶ
597 1336 811 1418 καινοτομιῶν
838 1333 894 1414 τῆς
920 1335 971 1400 ἐπὶ
1002 1331 1184 1402 θάλασσαν
1212 1332 1293 1401 ἁπό-

339 1425 342 1434 Ᾰ
424 1447 427 1456 “
471 1455 561 1526 abac
571 1431 619 1527 1).
1343 1439 1411 1506 Ιοο.
1452 1434 1590 1512 ὁαύτὸς
1611 1433 1770 1520 βασιλεύς.

963 1533 1122 1603 Athenas.
1142 1535 1233 1602 xxi.
1256 1534 1293 1603 2.
1343 1539 1425 1606 Des.
1465 1539 1676 1621 νομοθεσίαν.

387 1642 412 1725 ξ
456 1643 526 1724 περὶ
546 1635 698 1722 γυναικὸς
723 1632 1022 1718 σοντερκεδεδούσης
1047 1632 1132 1728 (leg.
1158 1643 1293 1728 ἰντεραε-

471 1730 699 1832 δεοοὺσης)1)·
1341 1741 1410 1809 Ina.
1451 1745 1480 1806 sl
1500 1741 1557 1805 ocal
1586 1734 1750 1816 πολλάκις.

864 1838 935 1923 περὶ
956 1837 1049 1924 διαφ.
1069 1833 1183 1920 ῶναγν.
1203 1843 1235 1918 S.
1257 1836 1292 1908 6.
1342 1841 1424 1910 Des.
1466 1839 1565 1918 αὐτῆς
1584 1839 1750 1923 γενέσθαι.

439 1967 454 1992 ·
514 1957 578 2025 Hic
598 1953 720 2042 codex,
746 1951 832 2020 unde
853 1954 885 2020 in
908 1972 996 2043 eam,
1025 1954 1058 2020 in
1080 1973 1142 2041 qua
1162 1975 1247 2024 nunc
1269 1965 1337 2048 est,
1363 1957 1587 2026 bibliothecam
1608 1957 1787 2023 translatus
1807 1955 1870 2044 sit,
1896 1955 1994 2044 plane
2021 1977 2085 2026 non
2105 1963 2247 2048 constat,

389 2081 462 2128 cum
489 2077 552 2126 nec
582 2055 708 2122 veteris
736 2054 955 2140 proprietarii,
978 2073 1040 2122 nec
1061 2058 1267 2142 possessoris
1288 2060 1473 2145 cuiusquam
1494 2057 1591 2124 ullam
1611 2057 1731 2123 habeat
1751 2055 2029 2142 significationem.
2071 2061 2145 2128 Nec
2166 2079 2250 2127 sane

387 2163 476 2229 lubet
496 2151 643 2224 in'tauta
664 2155 713 2222 rei
733 2154 932 2222 obscuritate
955 2174 998 2223 ex
1018 2157 1078 2246 iis,
1106 2175 1189 2243 quae
1209 2157 1323 2226 Blume
1349 2160 1420 2224 itin.
1441 2159 1512 2225 ital.
1533 2165 1607 2224 tom.
1626 2157 1685 2222 111.
1708 2179 1738 2244 p.
1763 2154 1851 2224 162.
1872 2177 1941 2246 seq.
1962 2159 2159 2250 disputavit,
2179 2181 2244 2228 no-

386 2281 463 2330 vam
485 2259 624 2345 aliquam
645 2255 863 2324 coniecturam
883 2276 1076 2346 proponere,
1097 2277 1167 2324 cum
1188 2259 1221 2325 iu
1242 2259 1304 2326 hoc
1323 2259 1492 2326 divinandi
1511 2252 1740 2344 genereiacile'
1761 2258 1943 2346 decipiaris.
1985 2257 2070 2349 Ego,
2091 2263 2145 2350 qui
2159 2263 2247 2330 hunc

387 2361 533 2428 codicem
544 2357 798 2442 manuscriptum
818 2376 839 2423 a
858 2375 910 2424 me
931 2358 1032 2444 primo
1054 2359 1219 2426 inventum
1240 2378 1318 2426 esse
1344 2361 1539 2448 arbitrarer,
1563 2377 1608 2424 ex
1634 2359 1774 2448 litteriS,
1801 2377 1822 2425 a
1850 2357 1957 2426 Fred.
1977 2359 2066 2446 Anp.
2100 2362 2249 2430 Bieacra

384 2461 429 2530 ad
463 2480 514 2528 me
549 2459 639 2525 datis
664 2477 740 2526 sero
773 2459 930 2548 cognovi,
969 2459 1107 2527 eundem
1132 2467 1168 2527 et
1196 2461 1390 2550 Roeatcllio,
1430 2461 1486 2548 qui
1518 2478 1602 2526 nunc
1633 2458 1718 2545 apud
1751 2459 1985 2529 Berolinenses
2022 2465 2248 2532 antecessoris

385 2579 518 2629 munere
544 2559 702 2648 iungibn,
722 2558 890 2626 indefesso
917 2559 1029 2627 harum
1055 2579 1161 2628 renum
1189 2563 1432 2649 investigatam,
1461 2561 1570 2648 paullo
1591 2567 1669 2628 ante
1691 2561 1879 2626 innotuisse.
1922 2562 1975 2629 lta
2001 2563 2057 2652 ht,
2078 2571 2125 2654 ut,
2145 2583 2240 2652 qaam

386 2663 446 2732 tihi
473 2661 600 2727 laudem
627 2661 697 2726 iure
719 2661 898 2747 quaesitam
925 2679 1002 2727 esse
1029 2661 1164 2745 credas,
1192 2663 1233 2728 ab
1263 2663 1337 2728 aliis
1364 2667 1572 2750 praeceptam
1593 2679 1671 2728 esse
1692 2681 1789 2728 serus
1811 2663 1984 2749 intelligas.
2003 2701 2046 2714 -
2066 2666 2162 2733 Hunc
2183 2685 2246 2752 ego

385 2763 531 2843 codicem
551 2762 586 2826 in
608 2761 694 2828 uotis
714 2760 758 2828 ad
771 2760 1037 2828 ‘Athanasiauum
1057 2781 1138 2848 opus
1159 2763 1291 2850 scriptis
1311 2761 1420 2850 „vad
1442 2761 1512 2828 B.“
1537 2763 1665 2830 nomine
1693 2763 1866 2848 designare
1887 2764 1973 2851 apud
1999 2767 2138 2834 οοίωιιω
2165 2785 2249 2835 con-

390 2864 481 2932 stitui
501 2881 615 2929 meum.

465 2983 473 3015 a
511 2963 569 3028 vi.
613 2957 732 3028 oxonii
752 2962 947 3030 bibliotheca
967 2969 1037 3052 est,
1063 2982 1146 3050 quae
1174 2963 1354 3030 Bodleiano
1381 2969 1589 3051 nuncupatur.
1632 2963 1671 3030 ln
1692 2983 1734 3031 ea
1754 2964 1858 3032 adhuc
1879 2965 2005 3034 delituit
2026 2968 2143 3055 ingens
2165 2968 2246 3036 iuris

385 3063 524 3134 Romani
545 3063 733 3152 desanaus,
756 3080 848 3148 quem
870 3063 911 3128 V.
935 3059 1020 3129 (ilar.
1041 3061 1227 3130 Eduardaa
1250 3064 1461 3152 Zachariae,
1491 3084 1562 3131 cum
1583 3064 1733 3150 Angliam
1754 3067 1881 3156 adiret,
1901 3069 2038 3157 invenit,
2059 3071 2247 3138 inventum-

387 3185 451 3255 que
472 3183 594 3232 mecnm
616 3165 871 3230 communicavit.
913 3162 1012 3230 Cuius
1033 3183 1096 3252 ego
1118 3165 1276 3244 beneficii,
1299 3171 1437 3252 quantas
1449 3166 1605 3232 mammas
1617 3185 1759 3253 possum,
1779 3169 1901 3248 gratias
1922 3187 1985 3255 ago
1999 3171 2138 3255 insignis
2159 3191 2244 3238 can-

387 3260 585 3353 doris'viro,
615 3284 707 3352 quem
729 3282 799 3330 cum
821 3264 863 3332 de
885 3264 967 3332 lacie
989 3285 1053 3334 non
1074 3285 1222 3356 nossem,
1241 3269 1284 3335 V.
1306 3267 1356 3332 ill.
1380 3263 1477 3333 (ἔασι.
1508 3265 1695 3332 ldaenelo'uo
1716 3272 1751 3332 et
1771 3265 1877 3334 Frcd.
1898 3270 1986 3355 Αιιρ.
2008 3269 2175 3338 Βὶεηοταο
2195 3273 2248 3340 ei-

386 3368 541 3454 iecerunt,
562 3372 598 3432 ut
618 3366 689 3432 eius
710 3365 999 3452 animumhenigna
1020 3368 1165 3435 oratione
1186 3367 1228 3437 ad
1248 3369 1332 3436 hanc
1354 3386 1434 3452 erga
1454 3385 1505 3434 me
1526 3366 1785 3434 benevolentiam
1799 3369 1982 3458 allicerent,
2000 3372 2126 3460 virique
2146 3391 2248 3460 prae-

389 3467 585 3534 stantissimi
618 3465 788 3533 amicitiam
815 3466 891 3532 mihi
924 3469 1142 3536 conciliarent.
1184 3469 1248 3536 Hic
1280 3474 1334 3536 est
1365 3467 1470 3534 codex
1503 3485 1633 3534 numero
1668 3465 1790 3536 3399.
1817 3468 1912 3537 hodie
1947 3471 2094 3557 signatus
2102 3470 2158 3565 1),
2191 3475 2248 3562 qui

391 3570 466 3636 olim
476 3565 618 3634 Scldein'
637 3560 750 3656 luite).
775 3565 851 3654 Est,
871 3567 978 3634 iudice
999 3569 1225 3658 Zachariaco,
1246 3569 1367 3638 saeculi
1388 3567 1503 3634 decimi
1523 3567 1578 3634 vel
1599 3575 1689 3636 certe
1710 3567 1837 3656 quidem
1856 3571 2032 3660 undecimi,
2053 3581 2247 3662 constatque

385 3669 473 3734 foliis
490 3663 576 3733 196.
599 3666 670 3734 eius
691 3667 822 3746 formae,
844 3687 937 3754 quam
959 3671 994 3734 ia
1016 3673 1135 3756 quarto
1156 3689 1276 3738 vocare
1298 3671 1416 3750 solent,
1438 3668 1697 3734 membranaceis.
1740 3669 1850 3738 Habet
1870 3673 2123 3758 genusprochiri
2136 3693 2158 3741 a
2173 3675 2250 3741 Ba-

386 3769 460 3836 silio
482 3767 637 3852 coniecti,
664 3767 725 3834 scd
754 3787 797 3835 ex
818 3771 919 3834 variis
941 3769 1020 3836 iuris
1042 3767 1161 3838 Graeci
1182 3771 1340 3858 fontibus,
1367 3771 1573 3857 inprimisque
1594 3788 1637 3836 ex
1658 3769 1727 3836 iure
1758 3770 1927 3840 Iustiniani
1948 3773 2078 3841 adaucti
2108 3781 2142 3841 ei
2173 3796 2246 3843 am·

386 3869 529 3958 pliiicati.
570 3869 665 3936 Initio
694 3867 817 3934 codicis
838 3869 960 3956 aliquot
981 3871 1051 3938 eius
1073 3873 1182 3957 operis
1204 3872 1288 3938 tituli
1310 3871 1554 3961 desiderantur,
1581 3888 1687 3956 neque
1716 3873 1801 3938 enim
1829 3892 1888 3960 per
1916 3874 2063 3942 iniuriam
2090 3877 2245 3963 temporis

385 3970 487 4058 licuit,
507 3974 543 4034 ut
563 3969 690 4054 integer
709 3969 762 4034 hic
784 3969 888 4038 codex
909 3969 951 4036 ad
973 3989 1034 4037 nos
1056 3973 1256 4058 perveniret.
1299 3972 1416 4059 Incipit
1437 3991 1458 4038 a
1479 3971 1584 4038 medio
1606 3970 1698 4037 tinio
1714 3968 1771 4062 6.3
1792 3971 1983 4060 reliquorum
2005 3975 2166 4043 titulorum
2187 3995 2244 4044 or·
2330 3995 2331 3999 ’
2423 4033 2424 4046 ,

291 4150 296 4158 ⁴
385 4069 493 4138 dinem
528 4069 709 4155 seriemque
742 4089 826 4136 nunc
859 4069 1097 4160 enarrabimus,
1137 4073 1198 4140 sed
1232 4073 1371 4160 prochiri
1405 4072 1570 4151 Basiliani
1599 4071 1692 4138 varia
1727 4071 1869 4140 lectione
1902 4074 2049 4142 adiecta:
2088 4074 2125 4155 ζ.
2173 4081 2245 4165 περὶ

384 4170 440 4248 τῆς
474 4170 532 4234 τοῦ
564 4169 703 4253 βαθμοῦ
730 4176 915 4254 συγγενείας
929 4166 976 4260 1).
1004 4208 1045 4222 --
1072 4172 1110 4252 η’.
1153 4177 1222 4258 περὶ
1255 4175 1383 4239 δικαιόυ
1415 4171 1554 4260 προικός.
1584 4211 1623 4222 -
1651 4170 1701 4238 θ’.
1742 4177 1813 4262 περὶ
1841 4177 2027 4254 ἐκδικήσεως
2054 4173 2185 4263 προικός
2193 4174 2243 4266 11).
2274 4227 2278 4236 .

385 4307 425 4318 -
448 4266 478 4334 ι’.
519 4272 589 4356 περὶ
616 4270 741 4356 δωρεῶν
766 4269 885 4354 μεταξὺ
911 4269 1028 4359 ἀνδρὸς
1053 4276 1110 4340 καὶ
1136 4272 1297 4356 γυναικός.
1319 4313 1361 4325 -
1389 4271 1443 4340 ια’.
1485 4277 1555 4364 περὶ
1584 4270 1705 4350 λύσεως
1729 4273 1839 4358 γάμον
1864 4279 1921 4343 καὶ
1947 4278 2011 4342 τῶν
2037 4280 2150 4342 αἰτιῶν
2176 4277 2242 4344 αὐ-

383 4371 452 4446 τοῦ.
472 4407 511 4418 -
532 4367 584 4453 ιβ.
626 4377 696 4459 περὶ
719 4373 842 4456 δωρεῶν
850 4369 896 4463 11).
921 4409 960 4420 -
978 4370 1030 4456 ιγ’.
1071 4377 1141 4460 περὶ
1161 4372 1345 4462 ἀνατροπῆς
1364 4376 1496 4462 δωρεῶν.
1518 4413 1557 4424 -
1577 4371 1628 4439 ιδ.
1670 4377 1739 4460 περὶ
1761 4373 1904 4461 πράσεως
1919 4379 1983 4442 aui
2004 4374 2244 4466 αγορασιας.-

383 4472 454 4556 περὶ
474 4467 610 4552 μετῶξης
630 4475 687 4537 καὶ
707 4474 776 4556 περὶ
796 4469 1002 4556 πραγμάτων,
1024 4463 1069 4539 ῶν
1089 4471 1110 4551 ἡ
1130 4476 1300 4542 δεσποτεία
1320 4477 1559 4565 φιλονεικοῡται
1572 4468 1637 4566 ¹⁰).
1659 4513 1698 4524 -
1719 4479 1789 4563 περὶ
1809 4473 2028 4564 ἐμφντεὺσεως
2037 4473 2099 4567 11).
2128 4515 2167 4528 -
2189 4476 2242 4553 ις’.

382 4573 454 4655 περὶ
475 4571 604 4635 δανείου
623 4573 680 4636 καὶ
700 4568 852 4662 ἐνεχύροο
872 4576 928 4638 καὶ
950 4572 1058 4639 τόκον.
1074 4570 1128 4667 11)
1150 4613 1188 4626 -
1210 4575 1257 4656 ιζ.
1299 4577 1369 4660 περὶ
1388 4575 1580 4658 μισδῶσεως
1607 4577 1664 4642 καὶ
1684 4574 1911 4657 ἐκμισδῶσεως
1929 4571 1991 4666 11).
2014 4613 2054 4626 -
2075 4573 2128 4674 (η’.
2170 4581 2243 4664 περὶ

479 4755 483 4764 .
586 4762 587 4766 ,

483 4894 510 4959 1)
539 4895 598 4946 lina
621 4896 698 4956 eaput
718 4895 790 4946 cant.
812 4899 853 4947 nia
876 4899 997 4950 exhibet:
1020 4898 1081 4971 περὶ
1096 4899 1148 4950 τῶν
1165 4895 1362 4964 ιύιονχιζόντιιι
1379 4899 1422 4950 aot
1437 4898 1497 4970 περὶ
1513 4899 1563 4951 τοῦ
1579 4897 1789 4972 δλενδιροῦοθσι
1805 4896 1866 4958 τοὺς
1883 4896 2106 4965 circumstabimus
2121 4901 2165 4952 καὶ
2182 4903 2245 4974 περὶ

382 4980 428 5045 τῆς
445 4981 536 5046 ποινῆς
552 4979 604 5030 τῶν
620 4973 816 5040 managaim»
837 4981 903 5033 τιτλ.
922 4981 966 5050 ιη’.
984 5002 1038 5044 ιιιφ.
1056 4981 1089 5051 η’.
1190 4985 1222 5044 2)
1240 4985 1319 5035 Addit
1334 4987 1406 5035 aaut.
1422 4984 1470 5052 τῆς
1490 4980 1533 5050 ιη’.
1552 5001 1605 5042 κιο.
1622 4981 1656 5049 η’.
1758 4981 1787 5049 8)
1803 4979 1997 5044 Ροεειίπόψενς
2013 4987 2084 5036 eant.
2102 4985 2179 5037 addit
2194 4987 2245 5053 τῆς

382 5060 431 5112 ια’.
449 5079 502 5122 κιο.
514 5061 566 5160 ρ’..
655 5062 686 5122 4)
703 5062 782 5112 Addit
799 5069 870 5114 nont.
888 5084 941 5124 κεν.
960 5064 995 5118 α’.
1013 5058 1047 5118 τ’.
1064 5065 1119 5132 ay',
1136 5069 1279 5120 manifesto
1296 5072 1463 5132 argumento,
1480 5079 1552 5133 enm,
1570 5069 1615 5130 qui
1632 5069 1698 5118 haec
1713 5081 1747 5118 ex
1764 5069 1942 5120 athanasiana
1960 5081 2042 5132 opere
2063 5073 2245 5136 excerpserit.

381 5144 497 5194 libellum
519 5146 579 5216 περὶ
601 5145 672 5206 douo.
691 5141 782 5210 διαγν.
799 5149 827 5198 in
844 5161 893 5198 sno
915 5152 995 5200 etiam
1012 5152 1080 5202 libro
1097 5155 1244 5216 reperisse,
1269 5163 1302 5202 ac
1317 5161 1366 5213 pro
1384 5153 1425 5202 nt.
1443 5153 1489 5202 2³.
1508 5152 1626 5201 eitrsdem
1644 5153 1736 5215 operis
1752 5153 1882 5203 babuisse.
1965 5155 1996 5212 b)
2015 5152 2142 5218 Gatalopi
2158 5155 2246 5204 libra-

382 5239 447 5278 rum
456 5234 706 5297 manaueriptoram
716 5230 834 5296 inpiae
842 5233 871 5282 et
879 5232 1037 5298 Hiberniae,
1048 5235 1166 5288 exoniae
1176 5235 1262 5299 isan,
1271 5234 1317 5285 iol.
1327 5234 1388 5284 iot.
1406 5237 1453 5286 Aa
1471 5231 1592 5302 „³39st
1607 5235 1747 5298 (Bodlei.)
1761 5233 1809 5286 ii.
1827 5235 1938 5299 (διαὶ.)
1954 5239 2145 5301 αγαοπιιὶατίε
2157 5240 2246 5289 daim

381 5309 540 5375 acaustoe
555 5327 636 5377 quam
645 5313 700 5384 43,
716 5327 834 5381 quoram
843 5314 872 5363 7.
885 5316 966 5366 atae
974 5317 1120 5384 praelibata,
1138 5321 1252 5370 auctare
1268 5317 1487 5382 clamitantium,
1504 5331 1554 5370 aera
1564 5319 1652 5371 Ιιιοηι
1661 5319 1848 5384 Imperatore.
1859 5316 2002 5382 Συγγίιειιί
2013 5318 2084 5372 ἐστιν
2100 5323 2128 5372 ct
2145 5317 2242 5372 caet.“

380 5393 409 5457 6)
428 5393 549 5446 loannis·
559 5396 675 5449 actaea.
683 5398 841 5450 bibliotheca
858 5400 885 5448 tn
895 5400 1141 5452 Bodleianamanno
1157 5403 1235 5453 ioan.
1245 5405 1378 5467 migravit.
1412 5403 1480 5452 Vide
1498 5403 1640 5454 taboram
1653 5405 1820 5456 Badtetanae
1837 5403 2010 5456 bibliothecae
2026 5417 2043 5456 a
2059 5405 2220 5457 Bernard
2226 5417 2245 5456 ο

381 5477 514 5540 catalogis
531 5471 648 5538 clopedera
664 5485 838 5535 bibliothecae
855 5487 1044 5546 praepositam.
1146 5487 1175 5552 7)
1192 5488 1242 5536 liic
1258 5487 1350 5536 titurius
1368 5487 1484 5549 prochiri
1502 5488 1626 5536 Basiliani
1642 5499 1697 5536 nou
1723 5493 1773 5537 est.
1807 5488 1908 5540 Titulus
1929 5490 1955 5540 7.
1979 5491 2097 5554 proohtri
2118 5491 2161 5540 eat
2181 5489 2243 5560 περὶ

380 5560 553 5625 anelontem
574 5559 669 5624 γάμον.
702 5569 770 5618 Vide
793 5567 885 5618 Μία)
900 5569 987 5632 praef.
1005 5569 1037 5618 ad
1055 5570 1214 5634 liarnrenop.
1232 5585 1258 5633 p.
1275 5570 1322 5619 ΙΧ.
1340 5569 1490 5620 camvill.
1509 5570 1577 5618 thes.
1595 5572 1769 5636 hleermann„
1786 5575 1815 5621 et
1835 5572 1961 5624 ll'ttiium
1977 5577 2005 5624 tn
2021 5573 2094 5624 Mus.
2111 5571 2245 5624 Rbcaaao

300 5663 309 5686 ι
379 5645 421 5694 ed·
440 5643 569 5696 Niebuhr.
587 5648 650 5696 lain.
667 5645 713 5696 lv.
729 5664 754 5712 p·
770 5650 816 5702 4⁵.
927 5651 955 5717 Β)
974 5652 1051 5702 Addit
1072 5656 1215 5716 proaliiron
1240 5652 1283 5702 nal
1300 5654 1350 5702 τῶν
1375 5654 1461 5722 βαρῶν
1483 5648 1574 5717 αὐτῆς.
1684 5652 1712 5716 il)
1732 5654 1829 5708 Procli.
1854 5657 1916 5726 περὶ
1940 5657 1991 5706 τῶν
2013 5653 2040 5706 ἐν
2062 5651 2112 5724 ζωῇ
2134 5653 2244 5726 δωρεῶν.

381 5725 430 5789 10)
453 5729 535 5794 liaeo,
557 5739 626 5791 quae
644 5735 735 5792 sauata
752 5735 811 5804 περὶ
831 5731 941 5800 andtilo
957 5737 991 5787 ad
1007 5737 1210 5802 φιλονιικοῦται,
1227 5739 1254 5788 iu
1275 5739 1403 5800 prochiro
1420 5737 1523 5786 destant.
1625 5734 1669 5800 ii)
1686 5739 1735 5790 iiie
1751 5745 1794 5792 est
1809 5740 1899 5790 titulus
1914 5738 2031 5804 proohlrl
2048 5737 2091 5789 lo.
2142 5782 2148 5799 ‚
2195 5737 2244 5802 ta)

304 5868 312 5879 ,
380 5811 469 5870 verba
485 5812 528 5862 καὶ
545 5809 624 5870 τόκου
641 5813 735 5863 destini
751 5817 778 5866 ia
795 5822 927 5878 prochiro.
1036 5819 1082 5883 1³)
1101 5820 1191 5872 Verba
1207 5822 1251 5872 ml
1267 5819 1448 5883 ἐκμισαδσειις
1463 5820 1558 5872 desunt
1574 5822 1601 5872 in
1625 5822 1762 5886 prochiro.
