<?xml version="1.0" encoding="UTF-8"?>
<!DOCTYPE html PUBLIC "-//W3C//DTD XHTML 1.0 Transitional//EN"
    "http://www.w3.org/TR/xhtml1/DTD/xhtml1-transitional.dtd">
<html xmlns="http://www.w3.org/1999/xhtml" xml:lang="en" lang="en">
 <head>
  <title>
</title>
<meta http-equiv="Content-Type" content="text/html;charset=utf-8" />
  <meta name='ocr-system' content='tesseract 3.04.00' />
  <meta name='ocr-capabilities' content='ocr_page ocr_carea ocr_par ocr_line ocrx_word'/>
</head>
<body>
  <div class='ocr_page' id='page_1' title='image "./anekdotaexcodic00theogoog/anekdotaexcodic00theogoog_0664.png"; bbox 0 0 4760 7042; ppageno 0'>
   <div class='ocr_carea' id='block_1_1' title="bbox 741 579 1478 654">
    <p class='ocr_par' dir='ltr' id='par_1_1' title="bbox 741 579 1478 654">
     <span class='ocr_line' id='line_1_1' title="bbox 741 579 1478 654; baseline -0.009 -2"><span class='ocrx_word' id='word_1_1' title='bbox 741 585 880 654; x_wconf 87' lang='lat' dir='ltr'>XXV</span> <span class='ocrx_word' id='word_1_2' title='bbox 930 579 1478 654; x_wconf 79' lang='lat' dir='ltr'>cautruuouou.</span> 
     </span>
    </p>
   </div>
   <div class='ocr_carea' id='block_1_2' title="bbox 165 771 1110 4984">
    <p class='ocr_par' dir='ltr' id='par_1_2' title="bbox 165 771 1110 4984">
     <span class='ocr_line' id='line_1_2' title="bbox 182 771 1084 858; baseline -0.007 -17"><span class='ocrx_word' id='word_1_3' title='bbox 182 777 262 856; x_wconf 59' lang='grc' dir='ltr'>τλθὸ)</span> <span class='ocrx_word' id='word_1_4' title='bbox 295 777 360 858; x_wconf 78' lang='grc' dir='ltr'>ἡμῖν</span> <span class='ocrx_word' id='word_1_5' title='bbox 387 777 456 840; x_wconf 74' lang='grc' dir='ltr'>οἴσει</span> <span class='ocrx_word' id='word_1_6' title='bbox 483 773 624 856; x_wconf 83' lang='grc' dir='ltr'>καρπούς,</span> <span class='ocrx_word' id='word_1_7' title='bbox 651 777 697 836; x_wconf 84' lang='grc' dir='ltr'>καλ</span> <span class='ocrx_word' id='word_1_8' title='bbox 719 773 736 854; x_wconf 81' lang='grc' dir='ltr'><em>ἡ</em></span> <span class='ocrx_word' id='word_1_9' title='bbox 758 772 953 856; x_wconf 58' lang='lat' dir='ltr'>rodbertum)</span> <span class='ocrx_word' id='word_1_10' title='bbox 982 771 1019 836; x_wconf 87' lang='grc' dir='ltr'>τά</span> <span class='ocrx_word' id='word_1_11' title='bbox 1048 780 1084 836; x_wconf 88' lang='grc' dir='ltr'>σι’-</span> 
     </span>
     <span class='ocr_line' id='line_1_3' title="bbox 180 857 1085 942; baseline -0.008 -17"><span class='ocrx_word' id='word_1_12' title='bbox 180 877 236 925; x_wconf 79' lang='grc' dir='ltr'>κεῖα</span> <span class='ocrx_word' id='word_1_13' title='bbox 259 859 359 938; x_wconf 85' lang='grc' dir='ltr'>δάσει,</span> <span class='ocrx_word' id='word_1_14' title='bbox 392 869 443 942; x_wconf 78' lang='grc' dir='ltr'>της</span> <span class='ocrx_word' id='word_1_15' title='bbox 464 865 571 924; x_wconf 76' lang='grc' dir='ltr'><em>ἐκείνων</em></span> <span class='ocrx_word' id='word_1_16' title='bbox 591 860 673 940; x_wconf 71' lang='grc' dir='ltr'>τύχης</span> <span class='ocrx_word' id='word_1_17' title='bbox 694 857 745 938; x_wconf 78' lang='grc' dir='ltr'>την</span> <span class='ocrx_word' id='word_1_18' title='bbox 766 859 905 934; x_wconf 86' lang='grc' dir='ltr'>εύμένιιαν</span> <span class='ocrx_word' id='word_1_19' title='bbox 933 866 984 920; x_wconf 83' lang='grc' dir='ltr'>τοῦ</span> <span class='ocrx_word' id='word_1_20' title='bbox 1012 864 1085 919; x_wconf 84' lang='grc' dir='ltr'>θεοῦ</span> 
     </span>
     <span class='ocr_line' id='line_1_4' title="bbox 180 939 1084 1026; baseline -0.006 -17"><span class='ocrx_word' id='word_1_21' title='bbox 180 945 251 1026; x_wconf 87' lang='grc' dir='ltr'>πρός</span> <span class='ocrx_word' id='word_1_22' title='bbox 265 947 417 1026; x_wconf 62' lang='grc' dir='ltr'>πάσανθθ)</span> <span class='ocrx_word' id='word_1_23' title='bbox 439 947 580 1007; x_wconf 76' lang='grc' dir='ltr'><em>πολιτείαν</em></span> <span class='ocrx_word' id='word_1_24' title='bbox 601 941 821 1024; x_wconf 75' lang='grc' dir='ltr'>άναγούσης99).</span> <span class='ocrx_word' id='word_1_25' title='bbox 850 941 923 1005; x_wconf 64' lang='lat' dir='ltr'>dut&amp;</span> <span class='ocrx_word' id='word_1_26' title='bbox 945 947 991 1003; x_wconf 76' lang='grc' dir='ltr'>καί</span> <span class='ocrx_word' id='word_1_27' title='bbox 1012 939 1084 1004; x_wconf 87' lang='grc' dir='ltr'>αύτό</span> 
     </span>
     <span class='ocr_line' id='line_1_5' title="bbox 181 1023 1086 1112; baseline -0.006 -20"><span class='ocrx_word' id='word_1_28' title='bbox 181 1057 208 1112; x_wconf 87' lang='grc' dir='ltr'>γε</span> <span class='ocrx_word' id='word_1_29' title='bbox 217 1031 252 1092; x_wconf 86' lang='grc' dir='ltr'>τὸ</span> <span class='ocrx_word' id='word_1_30' title='bbox 263 1030 522 1111; x_wconf 76' lang='grc' dir='ltr'>κοινὸνσχηματων</span> <span class='ocrx_word' id='word_1_31' title='bbox 536 1025 700 1109; x_wconf 79' lang='grc' dir='ltr'>ἀνθρώπων</span> <span class='ocrx_word' id='word_1_32' title='bbox 714 1023 931 1108; x_wconf 81' lang='grc' dir='ltr'>μέδεσιμάτερον</span> <span class='ocrx_word' id='word_1_33' title='bbox 945 1026 1024 1088; x_wconf 82' lang='grc' dir='ltr'>ἔσται</span> <span class='ocrx_word' id='word_1_34' title='bbox 1038 1028 1086 1087; x_wconf 87' lang='grc' dir='ltr'>καλ</span> 
     </span>
     <span class='ocr_line' id='line_1_6' title="bbox 180 1108 1085 1194; baseline -0.007 -18"><span class='ocrx_word' id='word_1_35' title='bbox 180 1113 253 1194; x_wconf 66' lang='grc' dir='ltr'>ζήσει</span> <span class='ocrx_word' id='word_1_36' title='bbox 264 1117 290 1194; x_wconf 83' lang='lat'>¹)</span> <span class='ocrx_word' id='word_1_37' title='bbox 310 1111 429 1188; x_wconf 71' lang='lat' dir='ltr'>utiliter,</span> <span class='ocrx_word' id='word_1_38' title='bbox 450 1111 501 1192; x_wconf 72' lang='grc' dir='ltr'>τὴν</span> <span class='ocrx_word' id='word_1_39' title='bbox 513 1116 622 1174; x_wconf 83' lang='grc' dir='ltr'>ἐκείνων</span> <span class='ocrx_word' id='word_1_40' title='bbox 634 1117 661 1192; x_wconf 80' lang='lat'>²)</span> <span class='ocrx_word' id='word_1_41' title='bbox 676 1108 874 1193; x_wconf 72' lang='grc' dir='ltr'>αἰσχυνόμενον</span> <span class='ocrx_word' id='word_1_42' title='bbox 887 1108 1085 1190; x_wconf 74' lang='grc' dir='ltr'><em>καθαρότητα.</em></span> 
     </span>
     <span class='ocr_line' id='line_1_7' title="bbox 179 1194 1085 1280; baseline -0.008 -19"><span class='ocrx_word' id='word_1_43' title='bbox 179 1197 254 1261; x_wconf 76' lang='grc' dir='ltr'>ω’στε</span> <span class='ocrx_word' id='word_1_44' title='bbox 280 1204 332 1280; x_wconf 85' lang='grc' dir='ltr'>μία</span> <span class='ocrx_word' id='word_1_45' title='bbox 361 1195 502 1278; x_wconf 87' lang='grc' dir='ltr'>σύμπνοια</span> <span class='ocrx_word' id='word_1_46' title='bbox 523 1194 683 1276; x_wconf 64' lang='grc' dir='ltr'>γενήσεται,</span> <span class='ocrx_word' id='word_1_47' title='bbox 717 1195 831 1258; x_wconf 87' lang='grc' dir='ltr'>πάντων</span> <span class='ocrx_word' id='word_1_48' title='bbox 858 1195 930 1275; x_wconf 85' lang='grc' dir='ltr'>ὁμοῦ</span> <span class='ocrx_word' id='word_1_49' title='bbox 951 1195 1014 1255; x_wconf 81' lang='grc' dir='ltr'>α’ντὶ</span> <span class='ocrx_word' id='word_1_50' title='bbox 1035 1199 1085 1272; x_wconf 74' lang='grc' dir='ltr'>τῆς</span> 
     </span>
     <span class='ocr_line' id='line_1_8' title="bbox 178 1279 1084 1362; baseline -0.009 -16"><span class='ocrx_word' id='word_1_51' title='bbox 178 1288 276 1355; x_wconf 87' lang='grc' dir='ltr'>κακίας</span> <span class='ocrx_word' id='word_1_52' title='bbox 295 1279 389 1362; x_wconf 93' lang='grc' dir='ltr'>πάσης</span> <span class='ocrx_word' id='word_1_53' title='bbox 419 1287 476 1343; x_wconf 75' lang='grc' dir='ltr'>τῶν</span> <span class='ocrx_word' id='word_1_54' title='bbox 495 1279 648 1342; x_wconf 75' lang='grc' dir='ltr'>καλλιόνων</span> <span class='ocrx_word' id='word_1_55' title='bbox 677 1281 706 1340; x_wconf 78' lang='grc' dir='ltr'>τὲ</span> <span class='ocrx_word' id='word_1_56' title='bbox 734 1283 781 1341; x_wconf 81' lang='grc' dir='ltr'>καὶ</span> <span class='ocrx_word' id='word_1_57' title='bbox 807 1279 966 1359; x_wconf 83' lang='grc' dir='ltr'>ὁσιωτέριον</span> <span class='ocrx_word' id='word_1_58' title='bbox 975 1280 1004 1356; x_wconf 85' lang='lat'>³)</span> <span class='ocrx_word' id='word_1_59' title='bbox 1028 1286 1084 1340; x_wconf 81' lang='grc' dir='ltr'>ἐπι·</span> 
     </span>
     <span class='ocr_line' id='line_1_9' title="bbox 179 1362 1086 1456; baseline -0.007 -28"><span class='ocrx_word' id='word_1_60' title='bbox 179 1363 357 1448; x_wconf 87' lang='grc' dir='ltr'>τηδευμάτων</span> <span class='ocrx_word' id='word_1_61' title='bbox 378 1365 615 1456; x_wconf 84' lang='grc' dir='ltr'>άντεισαγομένων</span> <span class='ocrx_word' id='word_1_62' title='bbox 642 1364 707 1442; x_wconf 61' lang='lat' dir='ltr'>eii)</span> <span class='ocrx_word' id='word_1_63' title='bbox 738 1367 783 1425; x_wconf 81' lang='lat' dir='ltr'>nai</span> <span class='ocrx_word' id='word_1_64' title='bbox 805 1362 1005 1444; x_wconf 85' lang='grc' dir='ltr'>ἐμπρεπὸντων</span> <span class='ocrx_word' id='word_1_65' title='bbox 1026 1375 1086 1434; x_wconf 83' lang='grc' dir='ltr'>τοῖς</span> 
     </span>
     <span class='ocr_line' id='line_1_10' title="bbox 178 1445 1084 1530; baseline -0.008 -17"><span class='ocrx_word' id='word_1_66' title='bbox 178 1450 349 1530; x_wconf 88' lang='grc' dir='ltr'>πράγμασιν,</span> <span class='ocrx_word' id='word_1_67' title='bbox 371 1445 443 1528; x_wconf 82' lang='grc' dir='ltr'>ὅπερ</span> <span class='ocrx_word' id='word_1_68' title='bbox 465 1447 544 1528; x_wconf 74' lang='grc' dir='ltr'>ἡμεῖς</span> <span class='ocrx_word' id='word_1_69' title='bbox 566 1449 755 1527; x_wconf 79' lang='grc' dir='ltr'>ἐπιζητοῦντες</span> <span class='ocrx_word' id='word_1_70' title='bbox 775 1454 892 1528; x_wconf 77' lang='grc' dir='ltr'>πρᾶγμα</span> <span class='ocrx_word' id='word_1_71' title='bbox 913 1445 1084 1527; x_wconf 88' lang='grc' dir='ltr'>πράττομεν,</span> 
     </span>
     <span class='ocr_line' id='line_1_11' title="bbox 178 1528 1083 1615; baseline -0.006 -19"><span class='ocrx_word' id='word_1_72' title='bbox 178 1533 437 1615; x_wconf 82' lang='grc' dir='ltr'>τόσγενενομικαμεν</span> <span class='ocrx_word' id='word_1_73' title='bbox 449 1532 489 1610; x_wconf 79' lang='lat'>⁵),</span> <span class='ocrx_word' id='word_1_74' title='bbox 502 1529 633 1614; x_wconf 76' lang='grc' dir='ltr'>χρηστόν.</span> <span class='ocrx_word' id='word_1_75' title='bbox 649 1528 928 1608; x_wconf 69' lang='grc' dir='ltr'>(Οτιμ.6.)έ1”άκεε”νό</span> <span class='ocrx_word' id='word_1_76' title='bbox 946 1555 976 1612; x_wconf 85' lang='grc' dir='ltr'>γε</span> <span class='ocrx_word' id='word_1_77' title='bbox 990 1529 1045 1611; x_wconf 78' lang='grc' dir='ltr'>μὴν</span> <span class='ocrx_word' id='word_1_78' title='bbox 1054 1535 1083 1606; x_wconf 76' lang='grc'>6)</span> 
     </span>
     <span class='ocr_line' id='line_1_12' title="bbox 178 1612 1085 1698; baseline -0.007 -18"><span class='ocrx_word' id='word_1_79' title='bbox 178 1627 249 1680; x_wconf 86' lang='grc' dir='ltr'>πᾶσι</span> <span class='ocrx_word' id='word_1_80' title='bbox 271 1615 510 1698; x_wconf 61' lang='grc' dir='ltr'>φυλάττεσθαιῗ)</span> <span class='ocrx_word' id='word_1_81' title='bbox 532 1613 699 1696; x_wconf 75' lang='grc' dir='ltr'>βουλόμεθα</span> <span class='ocrx_word' id='word_1_82' title='bbox 721 1615 850 1696; x_wconf 76' lang='grc' dir='ltr'>τρόποις,</span> <span class='ocrx_word' id='word_1_83' title='bbox 873 1612 963 1688; x_wconf 73' lang='grc' dir='ltr'>ὥστε,</span> <span class='ocrx_word' id='word_1_84' title='bbox 986 1621 1013 1676; x_wconf 80' lang='grc' dir='ltr'>εἰ</span> <span class='ocrx_word' id='word_1_85' title='bbox 1031 1637 1085 1694; x_wconf 84' lang='grc' dir='ltr'>φα-</span> 
     </span>
     <span class='ocr_line' id='line_1_13' title="bbox 177 1696 1087 1783; baseline -0.005 -19"><span class='ocrx_word' id='word_1_86' title='bbox 177 1707 234 1783; x_wconf 83' lang='grc' dir='ltr'>νείη</span> <span class='ocrx_word' id='word_1_87' title='bbox 257 1701 338 1779; x_wconf 57' lang='lat' dir='ltr'>uqi)</span> <span class='ocrx_word' id='word_1_88' title='bbox 367 1711 424 1764; x_wconf 77' lang='grc' dir='ltr'>τῶν</span> <span class='ocrx_word' id='word_1_89' title='bbox 452 1696 666 1782; x_wconf 82' lang='grc' dir='ltr'>εύλαβεστάτων</span> <span class='ocrx_word' id='word_1_90' title='bbox 692 1709 821 1781; x_wconf 83' lang='grc' dir='ltr'>μοναχών</span> <span class='ocrx_word' id='word_1_91' title='bbox 847 1699 886 1772; x_wconf 78' lang='grc' dir='ltr'>είς</span> <span class='ocrx_word' id='word_1_92' title='bbox 913 1723 940 1762; x_wconf 91' lang='grc' dir='ltr'>τι</span> <span class='ocrx_word' id='word_1_93' title='bbox 962 1706 1018 1760; x_wconf 81' lang='grc' dir='ltr'>τῶν</span> <span class='ocrx_word' id='word_1_94' title='bbox 1039 1721 1087 1759; x_wconf 87' lang='grc' dir='ltr'>κα-</span> 
     </span>
     <span class='ocr_line' id='line_1_14' title="bbox 178 1781 1088 1866; baseline -0.007 -18"><span class='ocrx_word' id='word_1_95' title='bbox 178 1791 300 1866; x_wconf 86' lang='grc' dir='ltr'>πηλείων</span> <span class='ocrx_word' id='word_1_96' title='bbox 328 1782 589 1865; x_wconf 79' lang='grc' dir='ltr'>ἀναστρεφόμενος,</span> <span class='ocrx_word' id='word_1_97' title='bbox 608 1790 724 1848; x_wconf 81' lang='grc' dir='ltr'>,τοῦτον</span> <span class='ocrx_word' id='word_1_98' title='bbox 754 1781 842 1856; x_wconf 81' lang='grc' dir='ltr'>εὐθὺς</span> <span class='ocrx_word' id='word_1_99' title='bbox 868 1787 1088 1862; x_wconf 74' lang='grc' dir='ltr'>παραδίδοσθαι</span> 
     </span>
     <span class='ocr_line' id='line_1_15' title="bbox 176 1865 1089 1948; baseline -0.004 -16"><span class='ocrx_word' id='word_1_100' title='bbox 176 1885 239 1942; x_wconf 83' lang='grc' dir='ltr'>τοῖς</span> <span class='ocrx_word' id='word_1_101' title='bbox 264 1877 321 1932; x_wconf 81' lang='grc' dir='ltr'>τῶν</span> <span class='ocrx_word' id='word_1_102' title='bbox 347 1867 443 1932; x_wconf 88' lang='grc' dir='ltr'>τόπων</span> <span class='ocrx_word' id='word_1_103' title='bbox 473 1873 588 1941; x_wconf 84' lang='grc' dir='ltr'>ἐκδίκως</span> <span class='ocrx_word' id='word_1_104' title='bbox 623 1866 642 1948; x_wconf 77' lang='grc' dir='ltr'><em>ἢ</em></span> <span class='ocrx_word' id='word_1_105' title='bbox 664 1875 791 1930; x_wconf 78' lang='grc' dir='ltr'>ἐνταῦθα</span> <span class='ocrx_word' id='word_1_106' title='bbox 817 1882 876 1941; x_wconf 77' lang='grc' dir='ltr'>τοῖς</span> <span class='ocrx_word' id='word_1_107' title='bbox 898 1865 1089 1940; x_wconf 71' lang='grc' dir='ltr'>ἐνδοξοτάτοις</span> 
     </span>
     <span class='ocr_line' id='line_1_16' title="bbox 176 1952 1089 2036; baseline -0.003 -21"><span class='ocrx_word' id='word_1_108' title='bbox 176 1952 312 2036; x_wconf 76' lang='grc' dir='ltr'>ἐπάρχοις</span> <span class='ocrx_word' id='word_1_109' title='bbox 340 1959 398 2015; x_wconf 76' lang='grc' dir='ltr'>τῶν</span> <span class='ocrx_word' id='word_1_110' title='bbox 426 1959 509 2034; x_wconf 83' lang='grc' dir='ltr'>ἐεριύν</span> <span class='ocrx_word' id='word_1_111' title='bbox 537 1953 770 2034; x_wconf 64' lang='grc' dir='ltr'>πραιταρέωνθ),</span> <span class='ocrx_word' id='word_1_112' title='bbox 798 1954 1033 2033; x_wconf 77' lang='grc' dir='ltr'>σωφρονίζεσθαί</span> <span class='ocrx_word' id='word_1_113' title='bbox 1058 1973 1089 2012; x_wconf 86' lang='grc' dir='ltr'>τι</span> 
     </span>
     <span class='ocr_line' id='line_1_17' title="bbox 175 2035 1089 2120; baseline -0.007 -20"><span class='ocrx_word' id='word_1_114' title='bbox 175 2035 397 2120; x_wconf 84' lang='grc' dir='ltr'>διελεγχόμειον,</span> <span class='ocrx_word' id='word_1_115' title='bbox 436 2035 653 2117; x_wconf 59' lang='grc' dir='ltr'>μηνύεσθαῑθ)</span> <span class='ocrx_word' id='word_1_116' title='bbox 685 2037 824 2117; x_wconf 63' lang='lat' dir='ltr'>seiron)</span> <span class='ocrx_word' id='word_1_117' title='bbox 861 2043 902 2113; x_wconf 78' lang='grc' dir='ltr'>τῷ</span> <span class='ocrx_word' id='word_1_118' title='bbox 937 2035 1089 2114; x_wconf 79' lang='grc' dir='ltr'>ἡγουμένῳ,</span> 
     </span>
     <span class='ocr_line' id='line_1_18' title="bbox 175 2118 1090 2202; baseline -0.004 -18"><span class='ocrx_word' id='word_1_119' title='bbox 175 2118 253 2184; x_wconf 69' lang='grc' dir='ltr'>οἷστε</span> <span class='ocrx_word' id='word_1_120' title='bbox 282 2120 370 2184; x_wconf 80' lang='grc' dir='ltr'>αὐτόν</span> <span class='ocrx_word' id='word_1_121' title='bbox 398 2119 600 2194; x_wconf 66' lang='grc' dir='ltr'>ἐξελαύνεσθαι</span> <span class='ocrx_word' id='word_1_122' title='bbox 627 2128 677 2183; x_wconf 84' lang='grc' dir='ltr'>τοῦ</span> <span class='ocrx_word' id='word_1_123' title='bbox 702 2123 894 2202; x_wconf 85' lang='grc' dir='ltr'>μοναστηρίον</span> <span class='ocrx_word' id='word_1_124' title='bbox 924 2118 976 2182; x_wconf 88' lang='grc' dir='ltr'>τόν</span> <span class='ocrx_word' id='word_1_125' title='bbox 996 2126 1090 2180; x_wconf 84' lang='grc' dir='ltr'>ταῦτα</span> 
     </span>
     <span class='ocr_line' id='line_1_19' title="bbox 175 2202 1089 2288; baseline -0.008 -18"><span class='ocrx_word' id='word_1_126' title='bbox 175 2204 434 2288; x_wconf 77' lang='grc' dir='ltr'>πλημμελήσαντα,</span> <span class='ocrx_word' id='word_1_127' title='bbox 470 2202 516 2267; x_wconf 86' lang='grc' dir='ltr'>οἶα</span> <span class='ocrx_word' id='word_1_128' title='bbox 536 2203 586 2268; x_wconf 81' lang='grc' dir='ltr'>τόν</span> <span class='ocrx_word' id='word_1_129' title='bbox 607 2211 635 2266; x_wconf 88' lang='grc' dir='ltr'>ἐν</span> <span class='ocrx_word' id='word_1_130' title='bbox 655 2203 771 2285; x_wconf 82' lang='grc' dir='ltr'>αέσχύνη</span> <span class='ocrx_word' id='word_1_131' title='bbox 791 2209 852 2286; x_wconf 82' lang='grc' dir='ltr'>βίον</span> <span class='ocrx_word' id='word_1_132' title='bbox 873 2211 924 2284; x_wconf 80' lang='grc' dir='ltr'>τῆς</span> <span class='ocrx_word' id='word_1_133' title='bbox 945 2203 1089 2284; x_wconf 75' lang='grc' dir='ltr'>άγγελικης</span> 
     </span>
     <span class='ocr_line' id='line_1_20' title="bbox 176 2285 1090 2372; baseline -0.003 -20"><span class='ocrx_word' id='word_1_134' title='bbox 176 2290 283 2372; x_wconf 87' lang='grc' dir='ltr'>ταύτης</span> <span class='ocrx_word' id='word_1_135' title='bbox 319 2285 526 2362; x_wconf 75' lang='grc' dir='ltr'>καταστάσεως</span> <span class='ocrx_word' id='word_1_136' title='bbox 558 2285 758 2370; x_wconf 77' lang='grc' dir='ltr'>άλλαξάμενον.</span> <span class='ocrx_word' id='word_1_137' title='bbox 809 2293 855 2349; x_wconf 81' lang='grc' dir='ltr'>δεῖ</span> <span class='ocrx_word' id='word_1_138' title='bbox 881 2285 937 2368; x_wconf 82' lang='grc' dir='ltr'>γάρ</span> <span class='ocrx_word' id='word_1_139' title='bbox 973 2290 1090 2349; x_wconf 79' lang='grc' dir='ltr'>διπλοῦν</span> 
     </span>
     <span class='ocr_line' id='line_1_21' title="bbox 176 2369 1090 2456; baseline -0.008 -18"><span class='ocrx_word' id='word_1_140' title='bbox 176 2384 264 2438; x_wconf 84' lang='grc' dir='ltr'>τοῦτο</span> <span class='ocrx_word' id='word_1_141' title='bbox 285 2370 319 2436; x_wconf 87' lang='grc' dir='ltr'>τό</span> <span class='ocrx_word' id='word_1_142' title='bbox 342 2373 421 2455; x_wconf 80' lang='grc' dir='ltr'>ἔργον</span> <span class='ocrx_word' id='word_1_143' title='bbox 447 2387 506 2446; x_wconf 77' lang='grc' dir='ltr'>τοῖς</span> <span class='ocrx_word' id='word_1_144' title='bbox 526 2388 660 2456; x_wconf 80' lang='grc' dir='ltr'>μοναχοῑς</span> <span class='ocrx_word' id='word_1_145' title='bbox 681 2369 863 2435; x_wconf 84' lang='grc' dir='ltr'>καθεστάναι</span> <span class='ocrx_word' id='word_1_146' title='bbox 886 2369 974 2452; x_wconf 87' lang='grc' dir='ltr'>(άπερ</span> <span class='ocrx_word' id='word_1_147' title='bbox 995 2373 1090 2432; x_wconf 75' lang='grc' dir='ltr'>καλεῖν</span> 
     </span>
     <span class='ocr_line' id='line_1_22' title="bbox 176 2451 1090 2542; baseline -0.007 -21"><span class='ocrx_word' id='word_1_148' title='bbox 176 2456 345 2542; x_wconf 84' lang='grc' dir='ltr'>ἐργόχειρα),</span> <span class='ocrx_word' id='word_1_149' title='bbox 365 2461 484 2537; x_wconf 82' lang='grc' dir='ltr'>μελετᾶν</span> <span class='ocrx_word' id='word_1_150' title='bbox 504 2461 551 2520; x_wconf 78' lang='grc' dir='ltr'>καὶ</span> <span class='ocrx_word' id='word_1_151' title='bbox 572 2455 752 2537; x_wconf 81' lang='grc' dir='ltr'>ἐργάζεσθαι.</span> <span class='ocrx_word' id='word_1_152' title='bbox 787 2451 895 2518; x_wconf 76' lang='grc' dir='ltr'>διάνοια</span> <span class='ocrx_word' id='word_1_153' title='bbox 922 2453 976 2536; x_wconf 86' lang='grc' dir='ltr'>γάρ</span> <span class='ocrx_word' id='word_1_154' title='bbox 996 2452 1090 2536; x_wconf 86' lang='grc' dir='ltr'>μάτην</span> 
     </span>
     <span class='ocr_line' id='line_1_23' title="bbox 178 2536 1090 2626; baseline -0.004 -22"><span class='ocrx_word' id='word_1_155' title='bbox 178 2541 357 2626; x_wconf 79' lang='grc' dir='ltr'>σχολάζοντα</span> <span class='ocrx_word' id='word_1_156' title='bbox 386 2542 465 2603; x_wconf 82' lang='grc' dir='ltr'>οὐδὲν</span> <span class='ocrx_word' id='word_1_157' title='bbox 498 2539 555 2603; x_wconf 77' lang='grc' dir='ltr'>τῶν</span> <span class='ocrx_word' id='word_1_158' title='bbox 589 2542 712 2624; x_wconf 79' lang='grc' dir='ltr'>ἀγαθῶν</span> <span class='ocrx_word' id='word_1_159' title='bbox 745 2539 886 2603; x_wconf 84' lang='grc' dir='ltr'>άποτέκοι.</span> <span class='ocrx_word' id='word_1_160' title='bbox 928 2538 999 2620; x_wconf 73' lang='grc' dir='ltr'>ὑπὲρ</span> <span class='ocrx_word' id='word_1_161' title='bbox 1028 2536 1090 2601; x_wconf 89' lang='grc' dir='ltr'>τού-</span> 
     </span>
     <span class='ocr_line' id='line_1_24' title="bbox 175 2621 1090 2705; baseline -0.007 -14"><span class='ocrx_word' id='word_1_162' title='bbox 175 2649 238 2691; x_wconf 85' lang='grc' dir='ltr'>των</span> <span class='ocrx_word' id='word_1_163' title='bbox 259 2628 288 2687; x_wconf 71' lang='grc' dir='ltr'>δὲ</span> <span class='ocrx_word' id='word_1_164' title='bbox 308 2624 390 2688; x_wconf 84' lang='grc' dir='ltr'>τόνδε</span> <span class='ocrx_word' id='word_1_165' title='bbox 411 2631 527 2705; x_wconf 88' lang='grc' dir='ltr'>τίθεμεν</span> <span class='ocrx_word' id='word_1_166' title='bbox 547 2623 599 2687; x_wconf 89' lang='grc' dir='ltr'>τὸν</span> <span class='ocrx_word' id='word_1_167' title='bbox 620 2621 706 2703; x_wconf 89' lang='grc' dir='ltr'>νόμον</span> <span class='ocrx_word' id='word_1_168' title='bbox 727 2629 776 2686; x_wconf 83' lang='grc' dir='ltr'>ἐπί</span> <span class='ocrx_word' id='word_1_169' title='bbox 793 2648 824 2686; x_wconf 86' lang='grc' dir='ltr'>τε</span> <span class='ocrx_word' id='word_1_170' title='bbox 845 2621 949 2704; x_wconf 88' lang='grc' dir='ltr'>ταύτης</span> <span class='ocrx_word' id='word_1_171' title='bbox 967 2629 1019 2702; x_wconf 81' lang='grc' dir='ltr'>τῆς</span> <span class='ocrx_word' id='word_1_172' title='bbox 1039 2627 1090 2704; x_wconf 82' lang='grc' dir='ltr'>βα-</span> 
     </span>
     <span class='ocr_line' id='line_1_25' title="bbox 176 2707 1089 2792; baseline -0.007 -18"><span class='ocrx_word' id='word_1_173' title='bbox 176 2715 283 2784; x_wconf 87' lang='grc' dir='ltr'>σιλίδος</span> <span class='ocrx_word' id='word_1_174' title='bbox 304 2707 414 2783; x_wconf 85' lang='grc' dir='ltr'>πόλεως</span> <span class='ocrx_word' id='word_1_175' title='bbox 434 2715 609 2792; x_wconf 82' lang='grc' dir='ltr'>κρατοῦντα,</span> <span class='ocrx_word' id='word_1_176' title='bbox 632 2713 682 2770; x_wconf 87' lang='grc' dir='ltr'>ἐπί</span> <span class='ocrx_word' id='word_1_177' title='bbox 699 2735 729 2773; x_wconf 88' lang='grc' dir='ltr'>τε</span> <span class='ocrx_word' id='word_1_178' title='bbox 748 2715 805 2772; x_wconf 80' lang='grc' dir='ltr'>τῶν</span> <span class='ocrx_word' id='word_1_179' title='bbox 832 2715 925 2770; x_wconf 76' lang='grc' dir='ltr'>ἐθνῶν</span> <span class='ocrx_word' id='word_1_180' title='bbox 947 2707 1089 2768; x_wconf 84' lang='grc' dir='ltr'>ἁπάντων.</span> 
     </span>
     <span class='ocr_line' id='line_1_26' title="bbox 174 2787 1087 2877; baseline -0.008 -19"><span class='ocrx_word' id='word_1_181' title='bbox 174 2800 223 2858; x_wconf 81' lang='grc' dir='ltr'>καλ</span> <span class='ocrx_word' id='word_1_182' title='bbox 246 2793 300 2877; x_wconf 82' lang='grc' dir='ltr'>γάρ</span> <span class='ocrx_word' id='word_1_183' title='bbox 329 2792 362 2872; x_wconf 77' lang='grc' dir='ltr'>δὴ</span> <span class='ocrx_word' id='word_1_184' title='bbox 390 2791 464 2874; x_wconf 85' lang='grc' dir='ltr'>πρὸς</span> <span class='ocrx_word' id='word_1_185' title='bbox 484 2792 604 2856; x_wconf 78' lang='grc' dir='ltr'>ἕκαστον</span> <span class='ocrx_word' id='word_1_186' title='bbox 624 2787 836 2872; x_wconf 58' lang='grc' dir='ltr'>ὁσιάτατονίί)</span> <span class='ocrx_word' id='word_1_187' title='bbox 864 2799 920 2853; x_wconf 78' lang='grc' dir='ltr'>των</span> <span class='ocrx_word' id='word_1_188' title='bbox 948 2814 1087 2872; x_wconf 80' lang='grc' dir='ltr'>πατριάρ-</span> 
     </span>
     <span class='ocr_line' id='line_1_27' title="bbox 173 2874 1087 2962; baseline -0.007 -20"><span class='ocrx_word' id='word_1_189' title='bbox 173 2887 233 2962; x_wconf 67' lang='lat' dir='ltr'>poio</span> <span class='ocrx_word' id='word_1_190' title='bbox 254 2883 475 2957; x_wconf 83' lang='grc' dir='ltr'>καταπέμπομεν</span> <span class='ocrx_word' id='word_1_191' title='bbox 506 2874 594 2940; x_wconf 83' lang='grc' dir='ltr'>αὐτόν</span> <span class='ocrx_word' id='word_1_192' title='bbox 614 2875 663 2939; x_wconf 87' lang='grc' dir='ltr'>ἐπ’</span> <span class='ocrx_word' id='word_1_193' title='bbox 686 2877 830 2958; x_wconf 78' lang='grc' dir='ltr'>άσφαλείρ</span> <span class='ocrx_word' id='word_1_194' title='bbox 856 2877 940 2956; x_wconf 57' lang='lat' dir='ltr'>atu)</span> <span class='ocrx_word' id='word_1_195' title='bbox 968 2879 1015 2937; x_wconf 79' lang='grc' dir='ltr'>καί</span> <span class='ocrx_word' id='word_1_196' title='bbox 1037 2898 1087 2955; x_wconf 84' lang='grc' dir='ltr'>φν-</span> 
     </span>
     <span class='ocr_line' id='line_1_28' title="bbox 174 2957 1088 3042; baseline -0.007 -16"><span class='ocrx_word' id='word_1_197' title='bbox 174 2967 249 3042; x_wconf 84' lang='grc' dir='ltr'>λακῇ</span> <span class='ocrx_word' id='word_1_198' title='bbox 270 2969 305 3040; x_wconf 74' lang='grc' dir='ltr'>τῇ</span> <span class='ocrx_word' id='word_1_199' title='bbox 326 2957 529 3040; x_wconf 83' lang='grc' dir='ltr'>προσηκούσῃ·</span> <span class='ocrx_word' id='word_1_200' title='bbox 556 2966 583 3023; x_wconf 87' lang='grc' dir='ltr'>οἱ</span> <span class='ocrx_word' id='word_1_201' title='bbox 602 2963 632 3022; x_wconf 78' lang='grc' dir='ltr'>δὲ</span> <span class='ocrx_word' id='word_1_202' title='bbox 653 2961 781 3039; x_wconf 61' lang='lat' dir='ltr'>dudm)</span> <span class='ocrx_word' id='word_1_203' title='bbox 804 2958 870 3035; x_wconf 82' lang='grc' dir='ltr'>τούς</span> <span class='ocrx_word' id='word_1_204' title='bbox 892 2959 946 3040; x_wconf 80' lang='grc' dir='ltr'>ὑφ’</span> <span class='ocrx_word' id='word_1_205' title='bbox 969 2957 1088 3032; x_wconf 73' lang='grc' dir='ltr'>ἑαυτούς</span> 
     </span>
     <span class='ocr_line' id='line_1_29' title="bbox 173 3039 1086 3128; baseline -0.001 -21"><span class='ocrx_word' id='word_1_206' title='bbox 173 3046 440 3128; x_wconf 67' lang='grc' dir='ltr'>μητροπολίταςῑ4)</span> <span class='ocrx_word' id='word_1_207' title='bbox 463 3048 670 3124; x_wconf 61' lang='grc' dir='ltr'>ἐκπέμψουσιν</span> <span class='ocrx_word' id='word_1_208' title='bbox 692 3054 787 3110; x_wconf 80' lang='grc' dir='ltr'>ἐκεῖνοι</span> <span class='ocrx_word' id='word_1_209' title='bbox 808 3046 837 3107; x_wconf 75' lang='grc' dir='ltr'>δὲ</span> <span class='ocrx_word' id='word_1_210' title='bbox 857 3058 917 3117; x_wconf 83' lang='grc' dir='ltr'>τοῖς</span> <span class='ocrx_word' id='word_1_211' title='bbox 938 3039 1086 3122; x_wconf 54' lang='lat' dir='ltr'>alituum)</span> 
     </span>
     <span class='ocr_line' id='line_1_30' title="bbox 176 3125 1086 3209; baseline -0.005 -16"><span class='ocrx_word' id='word_1_212' title='bbox 176 3130 273 3193; x_wconf 88' lang='grc' dir='ltr'>άπασι</span> <span class='ocrx_word' id='word_1_213' title='bbox 286 3130 330 3209; x_wconf 71' lang='lat'>¹⁴⁴)</span> <span class='ocrx_word' id='word_1_214' title='bbox 352 3125 592 3208; x_wconf 63' lang='lat' dir='ltr'>oeaodoovanss)</span> <span class='ocrx_word' id='word_1_215' title='bbox 615 3129 794 3204; x_wconf 79' lang='grc' dir='ltr'>ἐπισκόποις,</span> <span class='ocrx_word' id='word_1_216' title='bbox 815 3133 863 3192; x_wconf 80' lang='grc' dir='ltr'>καλ</span> <span class='ocrx_word' id='word_1_217' title='bbox 885 3126 932 3191; x_wconf 87' lang='grc' dir='ltr'>διά</span> <span class='ocrx_word' id='word_1_218' title='bbox 952 3135 1009 3192; x_wconf 82' lang='grc' dir='ltr'>τῶν</span> <span class='ocrx_word' id='word_1_219' title='bbox 1030 3134 1086 3190; x_wconf 85' lang='grc' dir='ltr'>ἐπι·</span> 
     </span>
     <span class='ocr_line' id='line_1_31' title="bbox 176 3211 1088 3296; baseline -0.004 -20"><span class='ocrx_word' id='word_1_220' title='bbox 176 3211 294 3277; x_wconf 89' lang='grc' dir='ltr'>σκόπων</span> <span class='ocrx_word' id='word_1_221' title='bbox 314 3219 407 3276; x_wconf 82' lang='grc' dir='ltr'>ταῦτα</span> <span class='ocrx_word' id='word_1_222' title='bbox 417 3215 461 3294; x_wconf 81' lang='lat'>¹⁸)</span> <span class='ocrx_word' id='word_1_223' title='bbox 489 3225 549 3285; x_wconf 79' lang='grc' dir='ltr'>τοῖς</span> <span class='ocrx_word' id='word_1_224' title='bbox 569 3213 787 3296; x_wconf 81' lang='grc' dir='ltr'>εύλαβεστάτοις</span> <span class='ocrx_word' id='word_1_225' title='bbox 807 3228 941 3296; x_wconf 83' lang='grc' dir='ltr'>μοναχοῖς</span> <span class='ocrx_word' id='word_1_226' title='bbox 960 3215 1007 3274; x_wconf 76' lang='grc' dir='ltr'>καὶ</span> <span class='ocrx_word' id='word_1_227' title='bbox 1028 3225 1088 3283; x_wconf 78' lang='grc' dir='ltr'>τοῖς</span> 
     </span>
     <span class='ocr_line' id='line_1_32' title="bbox 174 3295 1088 3382; baseline -0.002 -23"><span class='ocrx_word' id='word_1_228' title='bbox 174 3298 338 3380; x_wconf 77' lang='grc' dir='ltr'>ἡγουμένοις</span> <span class='ocrx_word' id='word_1_229' title='bbox 359 3297 454 3360; x_wconf 77' lang='grc' dir='ltr'>αὐτῶν</span> <span class='ocrx_word' id='word_1_230' title='bbox 474 3295 618 3378; x_wconf 66' lang='grc' dir='ltr'>γενήσεται</span> <span class='ocrx_word' id='word_1_231' title='bbox 639 3296 756 3382; x_wconf 88' lang='grc' dir='ltr'>φανερά.</span> <span class='ocrx_word' id='word_1_232' title='bbox 784 3304 895 3377; x_wconf 87' lang='grc' dir='ltr'>δίδομεν</span> <span class='ocrx_word' id='word_1_233' title='bbox 915 3299 945 3359; x_wconf 80' lang='lat' dir='ltr'>ot</span> <span class='ocrx_word' id='word_1_234' title='bbox 966 3295 1016 3376; x_wconf 78' lang='grc' dir='ltr'>τὴν</span> <span class='ocrx_word' id='word_1_235' title='bbox 1036 3303 1088 3358; x_wconf 82' lang='grc' dir='ltr'>τοῦ</span> 
     </span>
     <span class='ocr_line' id='line_1_33' title="bbox 175 3379 1087 3464; baseline -0.005 -19"><span class='ocrx_word' id='word_1_236' title='bbox 175 3379 346 3463; x_wconf 87' lang='grc' dir='ltr'>πράγματος</span> <span class='ocrx_word' id='word_1_237' title='bbox 366 3381 565 3464; x_wconf 83' lang='grc' dir='ltr'>παρατήρησιν</span> <span class='ocrx_word' id='word_1_238' title='bbox 575 3382 620 3461; x_wconf 77' lang='lat'>¹⁰)</span> <span class='ocrx_word' id='word_1_239' title='bbox 646 3384 679 3446; x_wconf 91' lang='grc' dir='ltr'>ού</span> <span class='ocrx_word' id='word_1_240' title='bbox 709 3379 797 3464; x_wconf 89' lang='grc' dir='ltr'>μόνον</span> <span class='ocrx_word' id='word_1_241' title='bbox 809 3386 855 3460; x_wconf 84' lang='lat'>²⁰)</span> <span class='ocrx_word' id='word_1_242' title='bbox 882 3389 924 3461; x_wconf 80' lang='grc' dir='ltr'>τῷ</span> <span class='ocrx_word' id='word_1_243' title='bbox 946 3380 1087 3463; x_wconf 80' lang='grc' dir='ltr'>ἡγουμένῳ</span> 
     </span>
     <span class='ocr_line' id='line_1_34' title="bbox 172 3463 1088 3548; baseline -0.005 -20"><span class='ocrx_word' id='word_1_244' title='bbox 172 3474 264 3548; x_wconf 76' lang='grc' dir='ltr'>μονης</span> <span class='ocrx_word' id='word_1_245' title='bbox 277 3463 397 3546; x_wconf 75' lang='grc' dir='ltr'>ἑκάστης</span> <span class='ocrx_word' id='word_1_246' title='bbox 419 3465 482 3528; x_wconf 69' lang='grc' dir='ltr'>οὐδὲ</span> <span class='ocrx_word' id='word_1_247' title='bbox 502 3471 544 3542; x_wconf 81' lang='grc' dir='ltr'>τῷ</span> <span class='ocrx_word' id='word_1_248' title='bbox 565 3465 782 3547; x_wconf 76' lang='grc' dir='ltr'>θεοφιλεστάτη)</span> <span class='ocrx_word' id='word_1_249' title='bbox 792 3469 838 3547; x_wconf 77' lang='lat'>²¹)</span> <span class='ocrx_word' id='word_1_250' title='bbox 857 3464 1002 3544; x_wconf 83' lang='grc' dir='ltr'>ἐπισκόπῳ</span> <span class='ocrx_word' id='word_1_251' title='bbox 1023 3463 1088 3526; x_wconf 81' lang='grc' dir='ltr'>ούδλ</span> 
     </span>
     <span class='ocr_line' id='line_1_35' title="bbox 172 3545 1088 3632; baseline -0.005 -18"><span class='ocrx_word' id='word_1_252' title='bbox 172 3564 237 3624; x_wconf 86' lang='grc' dir='ltr'>τοῖς</span> <span class='ocrx_word' id='word_1_253' title='bbox 263 3548 431 3622; x_wconf 86' lang='grc' dir='ltr'>ὁσιωτάτοις</span> <span class='ocrx_word' id='word_1_254' title='bbox 457 3553 697 3631; x_wconf 86' lang='grc' dir='ltr'>μητροπολίτας,</span> <span class='ocrx_word' id='word_1_255' title='bbox 730 3551 795 3614; x_wconf 74' lang='grc' dir='ltr'>οὐδὲ</span> <span class='ocrx_word' id='word_1_256' title='bbox 828 3565 889 3624; x_wconf 84' lang='grc' dir='ltr'>τοῖς</span> <span class='ocrx_word' id='word_1_257' title='bbox 922 3545 1088 3632; x_wconf 78' lang='grc' dir='ltr'>ἁγιωτάτοις</span> 
     </span>
     <span class='ocr_line' id='line_1_36' title="bbox 172 3629 1088 3718; baseline -0.005 -19"><span class='ocrx_word' id='word_1_258' title='bbox 172 3633 374 3717; x_wconf 87' lang='grc' dir='ltr'>πατριάρχας,</span> <span class='ocrx_word' id='word_1_259' title='bbox 395 3634 463 3696; x_wconf 80' lang='grc' dir='ltr'>ἀλλ’</span> <span class='ocrx_word' id='word_1_260' title='bbox 486 3640 616 3696; x_wconf 84' lang='grc' dir='ltr'>ἐνταῦθα</span> <span class='ocrx_word' id='word_1_261' title='bbox 642 3637 692 3718; x_wconf 68' lang='grc' dir='ltr'>μὲν</span> <span class='ocrx_word' id='word_1_262' title='bbox 712 3649 773 3709; x_wconf 84' lang='grc' dir='ltr'>τοῖς</span> <span class='ocrx_word' id='word_1_263' title='bbox 793 3632 983 3709; x_wconf 79' lang='grc' dir='ltr'>ἐνδοξοτάτοις</span> <span class='ocrx_word' id='word_1_264' title='bbox 1003 3629 1088 3712; x_wconf 86' lang='grc' dir='ltr'>ἐπάρ·</span> 
     </span>
     <span class='ocr_line' id='line_1_37' title="bbox 172 3717 1089 3801; baseline -0.003 -19"><span class='ocrx_word' id='word_1_265' title='bbox 172 3743 236 3801; x_wconf 84' lang='grc' dir='ltr'>χοις</span> <span class='ocrx_word' id='word_1_266' title='bbox 257 3727 314 3782; x_wconf 81' lang='grc' dir='ltr'>τῶν</span> <span class='ocrx_word' id='word_1_267' title='bbox 336 3725 418 3800; x_wconf 73' lang='grc' dir='ltr'>ἱερῶν</span> <span class='ocrx_word' id='word_1_268' title='bbox 438 3721 631 3800; x_wconf 86' lang='grc' dir='ltr'>πραιτωρέων,</span> <span class='ocrx_word' id='word_1_269' title='bbox 668 3721 728 3796; x_wconf 80' lang='grc' dir='ltr'>ἵνα,</span> <span class='ocrx_word' id='word_1_270' title='bbox 761 3719 881 3792; x_wconf 82' lang='grc' dir='ltr'>εέτινος</span> <span class='ocrx_word' id='word_1_271' title='bbox 907 3717 941 3781; x_wconf 87' lang='grc' dir='ltr'>τό</span> <span class='ocrx_word' id='word_1_272' title='bbox 969 3723 1089 3799; x_wconf 84' lang='grc' dir='ltr'>πρᾶγμα</span> 
     </span>
     <span class='ocr_line' id='line_1_38' title="bbox 172 3797 1089 3887; baseline 0 -23"><span class='ocrx_word' id='word_1_273' title='bbox 172 3808 291 3885; x_wconf 76' lang='grc' dir='ltr'>δεηθείη</span> <span class='ocrx_word' id='word_1_274' title='bbox 312 3808 508 3884; x_wconf 66' lang='grc' dir='ltr'>σφοδροτέρας</span> <span class='ocrx_word' id='word_1_275' title='bbox 529 3801 771 3887; x_wconf 71' lang='grc' dir='ltr'>ἐπανορθώσεως,</span> <span class='ocrx_word' id='word_1_276' title='bbox 790 3801 987 3886; x_wconf 85' lang='grc' dir='ltr'>μανθάνοντες</span> <span class='ocrx_word' id='word_1_277' title='bbox 1007 3797 1089 3882; x_wconf 86' lang='grc' dir='ltr'>παρά</span> 
     </span>
     <span class='ocr_line' id='line_1_39' title="bbox 172 3886 1088 3970; baseline -0.003 -21"><span class='ocrx_word' id='word_1_278' title='bbox 172 3886 473 3967; x_wconf 60' lang='lat' dir='ltr'>venustatorum)</span> <span class='ocrx_word' id='word_1_279' title='bbox 497 3886 608 3970; x_wconf 78' lang='grc' dir='ltr'>ἀνδρῶν</span> <span class='ocrx_word' id='word_1_280' title='bbox 634 3889 836 3968; x_wconf 61' lang='lat' dir='ltr'>tautecurt-⁹2),</span> <span class='ocrx_word' id='word_1_281' title='bbox 858 3894 886 3951; x_wconf 90' lang='grc' dir='ltr'>ἐν</span> <span class='ocrx_word' id='word_1_282' title='bbox 907 3888 935 3949; x_wconf 74' lang='grc' dir='ltr'>δὲ</span> <span class='ocrx_word' id='word_1_283' title='bbox 956 3899 1020 3959; x_wconf 84' lang='grc' dir='ltr'>ταῖς</span> <span class='ocrx_word' id='word_1_284' title='bbox 1041 3891 1088 3947; x_wconf 87' lang='grc' dir='ltr'>ἐπ·</span> 
     </span>
     <span class='ocr_line' id='line_1_40' title="bbox 172 3967 1089 4056; baseline -0.004 -22"><span class='ocrx_word' id='word_1_285' title='bbox 172 3977 290 4053; x_wconf 82' lang='grc' dir='ltr'>αρχίαις</span> <span class='ocrx_word' id='word_1_286' title='bbox 316 3985 375 4045; x_wconf 77' lang='grc' dir='ltr'>τοῖς</span> <span class='ocrx_word' id='word_1_287' title='bbox 401 3977 508 4036; x_wconf 84' lang='grc' dir='ltr'>ἐκείνων</span> <span class='ocrx_word' id='word_1_288' title='bbox 536 3968 728 4056; x_wconf 53' lang='grc' dir='ltr'>άρχονσιλέ),</span> <span class='ocrx_word' id='word_1_289' title='bbox 760 3971 901 4055; x_wconf 87' lang='grc' dir='ltr'>πρότερον</span> <span class='ocrx_word' id='word_1_290' title='bbox 922 3967 1004 4050; x_wconf 87' lang='grc' dir='ltr'>παρά</span> <span class='ocrx_word' id='word_1_291' title='bbox 1031 3976 1089 4031; x_wconf 77' lang='grc' dir='ltr'>τῶν</span> 
     </span>
     <span class='ocr_line' id='line_1_41' title="bbox 172 4051 1089 4138; baseline -0.001 -22"><span class='ocrx_word' id='word_1_292' title='bbox 172 4051 413 4135; x_wconf 85' lang='grc' dir='ltr'>θεοφιλεστάτων</span> <span class='ocrx_word' id='word_1_293' title='bbox 434 4053 596 4121; x_wconf 82' lang='grc' dir='ltr'>ἐπισκόπων</span> <span class='ocrx_word' id='word_1_294' title='bbox 617 4053 651 4120; x_wconf 86' lang='grc' dir='ltr'>τό</span> <span class='ocrx_word' id='word_1_295' title='bbox 673 4064 813 4138; x_wconf 74' lang='grc' dir='ltr'>πρακτέον</span> <span class='ocrx_word' id='word_1_296' title='bbox 826 4053 1024 4138; x_wconf 81' lang='grc' dir='ltr'>μανθάνουσιν</span> <span class='ocrx_word' id='word_1_297' title='bbox 1033 4053 1089 4134; x_wconf 79' lang='lat'><strong>²⁵).</strong></span> 
     </span>
     <span class='ocr_line' id='line_1_42' title="bbox 171 4137 1090 4222; baseline -0.002 -22"><span class='ocrx_word' id='word_1_298' title='bbox 171 4142 225 4200; x_wconf 73' lang='grc' dir='ltr'>καὶ</span> <span class='ocrx_word' id='word_1_299' title='bbox 252 4139 349 4219; x_wconf 60' lang='grc' dir='ltr'>εέηἳθ)</span> <span class='ocrx_word' id='word_1_300' title='bbox 377 4137 423 4201; x_wconf 86' lang='grc' dir='ltr'>διά</span> <span class='ocrx_word' id='word_1_301' title='bbox 452 4138 566 4203; x_wconf 85' lang='grc' dir='ltr'>πάντων</span> <span class='ocrx_word' id='word_1_302' title='bbox 593 4145 641 4203; x_wconf 82' lang='grc' dir='ltr'>καλ</span> <span class='ocrx_word' id='word_1_303' title='bbox 668 4155 729 4214; x_wconf 84' lang='grc' dir='ltr'>τοῖς</span> <span class='ocrx_word' id='word_1_304' title='bbox 757 4148 840 4222; x_wconf 85' lang='grc' dir='ltr'>ἱεροῖς</span> <span class='ocrx_word' id='word_1_305' title='bbox 865 4137 966 4202; x_wconf 89' lang='grc' dir='ltr'>κανόσι</span> <span class='ocrx_word' id='word_1_306' title='bbox 975 4139 1021 4213; x_wconf 78' lang='lat'>²⁷)</span> <span class='ocrx_word' id='word_1_307' title='bbox 1042 4139 1090 4199; x_wconf 80' lang='grc' dir='ltr'>καλ</span> 
     </span>
     <span class='ocr_line' id='line_1_43' title="bbox 171 4219 1089 4306; baseline -0.002 -22"><span class='ocrx_word' id='word_1_308' title='bbox 171 4235 238 4296; x_wconf 82' lang='grc' dir='ltr'>τοῖς</span> <span class='ocrx_word' id='word_1_309' title='bbox 264 4221 407 4302; x_wconf 81' lang='grc' dir='ltr'>ἡμετέροις</span> <span class='ocrx_word' id='word_1_310' title='bbox 436 4221 532 4304; x_wconf 85' lang='grc' dir='ltr'>νόμοις</span> <span class='ocrx_word' id='word_1_311' title='bbox 557 4228 604 4286; x_wconf 83' lang='grc' dir='ltr'>καλ</span> <span class='ocrx_word' id='word_1_312' title='bbox 632 4230 660 4286; x_wconf 87' lang='grc' dir='ltr'>ἐν</span> <span class='ocrx_word' id='word_1_313' title='bbox 687 4239 751 4299; x_wconf 85' lang='grc' dir='ltr'>ταῖς</span> <span class='ocrx_word' id='word_1_314' title='bbox 771 4228 917 4306; x_wconf 77' lang='grc' dir='ltr'>ἐπαρχίας</span> <span class='ocrx_word' id='word_1_315' title='bbox 943 4219 1089 4284; x_wconf 79' lang='grc' dir='ltr'>ἀνεύθυνα</span> 
     </span>
     <span class='ocr_line' id='line_1_44' title="bbox 173 4299 1110 4392; baseline -0.003 -23"><span class='ocrx_word' id='word_1_316' title='bbox 173 4304 217 4369; x_wconf 84' lang='grc' dir='ltr'>τά</span> <span class='ocrx_word' id='word_1_317' title='bbox 238 4305 312 4390; x_wconf 87' lang='grc' dir='ltr'>πρὸς</span> <span class='ocrx_word' id='word_1_318' title='bbox 339 4304 444 4390; x_wconf 54' lang='lat' dir='ltr'>torm)</span> <span class='ocrx_word' id='word_1_319' title='bbox 465 4305 551 4378; x_wconf 82' lang='grc' dir='ltr'>θεόν,</span> <span class='ocrx_word' id='word_1_320' title='bbox 580 4311 627 4370; x_wconf 84' lang='grc' dir='ltr'>καλ</span> <span class='ocrx_word' id='word_1_321' title='bbox 653 4307 712 4392; x_wconf 86' lang='grc' dir='ltr'>πρὸ</span> <span class='ocrx_word' id='word_1_322' title='bbox 734 4306 869 4372; x_wconf 80' lang='grc' dir='ltr'>ἁπάντων</span> <span class='ocrx_word' id='word_1_323' title='bbox 895 4314 930 4390; x_wconf 78' lang='grc' dir='ltr'>τῇ</span> <span class='ocrx_word' id='word_1_324' title='bbox 949 4299 1110 4388; x_wconf 78' lang='grc' dir='ltr'>βασιλεέρ,“</span> 
     </span>
     <span class='ocr_line' id='line_1_45' title="bbox 169 4388 1088 4475; baseline -0.002 -22"><span class='ocrx_word' id='word_1_325' title='bbox 169 4389 217 4464; x_wconf 76' lang='grc' dir='ltr'>ὥς</span> <span class='ocrx_word' id='word_1_326' title='bbox 250 4388 363 4466; x_wconf 89' lang='grc' dir='ltr'>ούδενός</span> <span class='ocrx_word' id='word_1_327' title='bbox 392 4399 448 4456; x_wconf 76' lang='grc' dir='ltr'>τῶν</span> <span class='ocrx_word' id='word_1_328' title='bbox 475 4395 630 4475; x_wconf 75' lang='grc' dir='ltr'>θειοτέραν</span> <span class='ocrx_word' id='word_1_329' title='bbox 660 4397 707 4456; x_wconf 80' lang='grc' dir='ltr'>καί</span> <span class='ocrx_word' id='word_1_330' title='bbox 738 4399 795 4456; x_wconf 72' lang='grc' dir='ltr'>τῶν</span> <span class='ocrx_word' id='word_1_331' title='bbox 821 4389 1021 4473; x_wconf 80' lang='grc' dir='ltr'>φνλάττεσθαι</span> <span class='ocrx_word' id='word_1_332' title='bbox 1049 4393 1088 4452; x_wconf 89' lang='grc' dir='ltr'>δι-</span> 
     </span>
     <span class='ocr_line' id='line_1_46' title="bbox 167 4475 1086 4558; baseline -0.002 -20"><span class='ocrx_word' id='word_1_333' title='bbox 167 4479 264 4538; x_wconf 87' lang='grc' dir='ltr'>καίων</span> <span class='ocrx_word' id='word_1_334' title='bbox 273 4479 319 4552; x_wconf 77' lang='lat'>²⁹)</span> <span class='ocrx_word' id='word_1_335' title='bbox 347 4475 556 4558; x_wconf 85' lang='grc' dir='ltr'>άμελονμίναν,</span> <span class='ocrx_word' id='word_1_336' title='bbox 585 4475 653 4539; x_wconf 77' lang='grc' dir='ltr'>ἀλλ’</span> <span class='ocrx_word' id='word_1_337' title='bbox 681 4476 760 4558; x_wconf 82' lang='grc' dir='ltr'>ἡμῶν</span> <span class='ocrx_word' id='word_1_338' title='bbox 787 4475 834 4540; x_wconf 86' lang='grc' dir='ltr'>διά</span> <span class='ocrx_word' id='word_1_339' title='bbox 862 4475 976 4540; x_wconf 88' lang='grc' dir='ltr'>πάντων</span> <span class='ocrx_word' id='word_1_340' title='bbox 1001 4499 1086 4539; x_wconf 86' lang='grc' dir='ltr'>σπιν-</span> 
     </span>
     <span class='ocr_line' id='line_1_47' title="bbox 169 4555 1087 4644; baseline 0 -22"><span class='ocrx_word' id='word_1_341' title='bbox 169 4555 289 4622; x_wconf 88' lang='grc' dir='ltr'>σάντων</span> <span class='ocrx_word' id='word_1_342' title='bbox 309 4557 361 4642; x_wconf 76' lang='grc' dir='ltr'>τὴν</span> <span class='ocrx_word' id='word_1_343' title='bbox 381 4559 474 4644; x_wconf 79' lang='grc' dir='ltr'>κοινὴν</span> <span class='ocrx_word' id='word_1_344' title='bbox 494 4565 638 4624; x_wconf 87' lang='grc' dir='ltr'>πολιτείαν</span> <span class='ocrx_word' id='word_1_345' title='bbox 658 4567 709 4642; x_wconf 82' lang='grc' dir='ltr'>τῆς</span> <span class='ocrx_word' id='word_1_346' title='bbox 728 4567 780 4624; x_wconf 80' lang='grc' dir='ltr'>τοῦ</span> <span class='ocrx_word' id='word_1_347' title='bbox 800 4557 924 4644; x_wconf 87' lang='grc' dir='ltr'>μεγάλου</span> <span class='ocrx_word' id='word_1_348' title='bbox 945 4569 1018 4626; x_wconf 84' lang='grc' dir='ltr'>θεοῦ</span> <span class='ocrx_word' id='word_1_349' title='bbox 1039 4561 1087 4623; x_wconf 83' lang='grc' dir='ltr'>καλ</span> 
     </span>
     <span class='ocr_line' id='line_1_48' title="bbox 170 4642 1088 4728; baseline -0.004 -20"><span class='ocrx_word' id='word_1_350' title='bbox 170 4652 308 4728; x_wconf 75' lang='grc' dir='ltr'>σωτῆρος</span> <span class='ocrx_word' id='word_1_351' title='bbox 328 4645 409 4728; x_wconf 77' lang='grc' dir='ltr'>ἡμῶν</span> <span class='ocrx_word' id='word_1_352' title='bbox 429 4646 521 4726; x_wconf 84' lang='grc' dir='ltr'>Ἰησοῦ</span> <span class='ocrx_word' id='word_1_353' title='bbox 543 4651 675 4724; x_wconf 83' lang='grc' dir='ltr'>Χριστοῦ</span> <span class='ocrx_word' id='word_1_354' title='bbox 697 4649 913 4728; x_wconf 85' lang='grc' dir='ltr'>φιλανθροπέας</span> <span class='ocrx_word' id='word_1_355' title='bbox 933 4642 1088 4710; x_wconf 81' lang='grc' dir='ltr'>ἀπολαύειν</span> 
     </span>
     <span class='ocr_line' id='line_1_49' title="bbox 166 4727 1089 4813; baseline -0.001 -21"><span class='ocrx_word' id='word_1_356' title='bbox 166 4727 223 4792; x_wconf 82' lang='grc' dir='ltr'>διά</span> <span class='ocrx_word' id='word_1_357' title='bbox 243 4739 294 4811; x_wconf 78' lang='grc' dir='ltr'>τῆς</span> <span class='ocrx_word' id='word_1_358' title='bbox 314 4737 372 4794; x_wconf 77' lang='grc' dir='ltr'>τῶν</span> <span class='ocrx_word' id='word_1_359' title='bbox 392 4731 520 4813; x_wconf 78' lang='grc' dir='ltr'>εὐλαβεόν</span> <span class='ocrx_word' id='word_1_360' title='bbox 540 4730 652 4810; x_wconf 71' lang='grc' dir='ltr'>ἀνδρῶν</span> <span class='ocrx_word' id='word_1_361' title='bbox 678 4727 895 4811; x_wconf 87' lang='grc' dir='ltr'>καθαρότητος,</span> <span class='ocrx_word' id='word_1_362' title='bbox 926 4728 959 4812; x_wconf 79' lang='grc' dir='ltr'>ἢν</span> <span class='ocrx_word' id='word_1_363' title='bbox 969 4733 1015 4813; x_wconf 84' lang='lat'>³⁰)</span> <span class='ocrx_word' id='word_1_364' title='bbox 1037 4753 1089 4812; x_wconf 84' lang='grc' dir='ltr'>φιν·</span> 
     </span>
     <span class='ocr_line' id='line_1_50' title="bbox 165 4811 1090 4899; baseline 0 -21"><span class='ocrx_word' id='word_1_365' title='bbox 165 4811 292 4888; x_wconf 82' lang='grc' dir='ltr'>λάξονσι</span> <span class='ocrx_word' id='word_1_366' title='bbox 306 4819 353 4878; x_wconf 81' lang='grc' dir='ltr'>καλ</span> <span class='ocrx_word' id='word_1_367' title='bbox 365 4820 484 4899; x_wconf 63' lang='lat' dir='ltr'>parazol</span> <span class='ocrx_word' id='word_1_368' title='bbox 498 4818 546 4877; x_wconf 84' lang='grc' dir='ltr'>καλ</span> <span class='ocrx_word' id='word_1_369' title='bbox 559 4818 681 4896; x_wconf 79' lang='grc' dir='ltr'>κληρικολ</span> <span class='ocrx_word' id='word_1_370' title='bbox 694 4816 797 4892; x_wconf 59' lang='lat' dir='ltr'>natm)</span> <span class='ocrx_word' id='word_1_371' title='bbox 811 4821 969 4892; x_wconf 87' lang='grc' dir='ltr'>ἐπίσκοποι,</span> <span class='ocrx_word' id='word_1_372' title='bbox 980 4817 1090 4896; x_wconf 79' lang='grc' dir='ltr'>μείζους</span> 
     </span>
     <span class='ocr_line' id='line_1_51' title="bbox 166 4897 1091 4984; baseline -0.002 -21"><span class='ocrx_word' id='word_1_373' title='bbox 166 4901 204 4963; x_wconf 72' lang='grc' dir='ltr'>τί</span> <span class='ocrx_word' id='word_1_374' title='bbox 219 4903 265 4962; x_wconf 83' lang='grc' dir='ltr'>καλ</span> <span class='ocrx_word' id='word_1_375' title='bbox 279 4897 422 4977; x_wconf 82' lang='grc' dir='ltr'>ελάττονς,</span> <span class='ocrx_word' id='word_1_376' title='bbox 443 4907 500 4964; x_wconf 76' lang='grc' dir='ltr'>τῶν</span> <span class='ocrx_word' id='word_1_377' title='bbox 513 4905 594 4984; x_wconf 76' lang='grc' dir='ltr'>ἱερῶν</span> <span class='ocrx_word' id='word_1_378' title='bbox 605 4902 828 4984; x_wconf 56' lang='lat' dir='ltr'>popinquum)</span> <span class='ocrx_word' id='word_1_379' title='bbox 843 4898 977 4976; x_wconf 85' lang='grc' dir='ltr'>κανόνων,</span> <span class='ocrx_word' id='word_1_380' title='bbox 990 4908 1048 4964; x_wconf 78' lang='grc' dir='ltr'>τῶν</span> <span class='ocrx_word' id='word_1_381' title='bbox 1058 4921 1091 4962; x_wconf 90' lang='grc' dir='ltr'>τι</span> 
     </span>
    </p>
   </div>
   <div class='ocr_carea' id='block_1_3' title="bbox 1968 581 2042 651">
    <p class='ocr_par' dir='ltr' id='par_1_3' title="bbox 1968 581 2042 651">
     <span class='ocr_line' id='line_1_52' title="bbox 1968 581 2042 651; baseline -0.014 0"><span class='ocrx_word' id='word_1_382' title='bbox 1968 581 2042 651; x_wconf 79' lang='grc'>191</span> 
     </span>
    </p>
   </div>
   <div class='ocr_carea' id='block_1_4' title="bbox 1134 773 2104 4728">
    <p class='ocr_par' dir='ltr' id='par_1_4' title="bbox 1134 773 2104 4728">
     <span class='ocr_line' id='line_1_53' title="bbox 1135 773 2087 854; baseline 0 -22"><span class='ocrx_word' id='word_1_383' title='bbox 1135 791 1254 846; x_wconf 81' lang='lat' dir='ltr'>remque</span> <span class='ocrx_word' id='word_1_384' title='bbox 1270 773 1354 831; x_wconf 88' lang='lat' dir='ltr'>nobis</span> <span class='ocrx_word' id='word_1_385' title='bbox 1365 777 1469 849; x_wconf 77' lang='lat' dir='ltr'>fruges</span> <span class='ocrx_word' id='word_1_386' title='bbox 1482 775 1607 832; x_wconf 86' lang='lat' dir='ltr'>laturam</span> <span class='ocrx_word' id='word_1_387' title='bbox 1622 791 1757 848; x_wconf 86' lang='lat' dir='ltr'>mareque</span> <span class='ocrx_word' id='word_1_388' title='bbox 1768 794 1822 834; x_wconf 84' lang='lat' dir='ltr'>sua</span> <span class='ocrx_word' id='word_1_389' title='bbox 1837 777 1981 848; x_wconf 86' lang='lat' dir='ltr'>daturum,</span> <span class='ocrx_word' id='word_1_390' title='bbox 2002 775 2045 832; x_wconf 90' lang='lat' dir='ltr'>il·</span> <span class='ocrx_word' id='word_1_391' title='bbox 2067 805 2087 854; x_wconf 82' lang='lat'>&#39;.</span> 
     </span>
     <span class='ocr_line' id='line_1_54' title="bbox 1134 861 2044 931; baseline 0 -15"><span class='ocrx_word' id='word_1_392' title='bbox 1134 861 1227 917; x_wconf 86' lang='lat' dir='ltr'>lorum</span> <span class='ocrx_word' id='word_1_393' title='bbox 1238 861 1373 931; x_wconf 88' lang='lat' dir='ltr'>precibus</span> <span class='ocrx_word' id='word_1_394' title='bbox 1383 863 1435 916; x_wconf 81' lang='lat' dir='ltr'>liei</span> <span class='ocrx_word' id='word_1_395' title='bbox 1444 861 1676 916; x_wconf 87' lang='lat' dir='ltr'>benevolentiam</span> <span class='ocrx_word' id='word_1_396' title='bbox 1684 863 1737 917; x_wconf 91' lang='lat' dir='ltr'>toti</span> <span class='ocrx_word' id='word_1_397' title='bbox 1750 863 1864 918; x_wconf 88' lang='lat' dir='ltr'>civitati</span> <span class='ocrx_word' id='word_1_398' title='bbox 1878 862 2044 917; x_wconf 87' lang='lat' dir='ltr'>conciliau-</span> 
     </span>
     <span class='ocr_line' id='line_1_55' title="bbox 1136 945 2045 1015; baseline 0.001 -16"><span class='ocrx_word' id='word_1_399' title='bbox 1136 945 1224 1000; x_wconf 82' lang='lat' dir='ltr'>tibus.</span> <span class='ocrx_word' id='word_1_400' title='bbox 1246 947 1358 1000; x_wconf 84' lang='lat' dir='ltr'>Verum</span> <span class='ocrx_word' id='word_1_401' title='bbox 1372 949 1402 1000; x_wconf 88' lang='lat' dir='ltr'>et</span> <span class='ocrx_word' id='word_1_402' title='bbox 1424 945 1488 1015; x_wconf 88' lang='lat' dir='ltr'>ipse</span> <span class='ocrx_word' id='word_1_403' title='bbox 1510 946 1669 1000; x_wconf 90' lang='lat' dir='ltr'>communis</span> <span class='ocrx_word' id='word_1_404' title='bbox 1691 945 1837 1002; x_wconf 86' lang='lat' dir='ltr'>hominurn</span> <span class='ocrx_word' id='word_1_405' title='bbox 1860 951 1956 1002; x_wconf 85' lang='lat' dir='ltr'>status</span> <span class='ocrx_word' id='word_1_406' title='bbox 1977 961 2045 1002; x_wconf 84' lang='lat' dir='ltr'>ma-</span> 
     </span>
     <span class='ocr_line' id='line_1_56' title="bbox 1135 1029 2042 1102; baseline 0 -18"><span class='ocrx_word' id='word_1_407' title='bbox 1135 1029 1226 1085; x_wconf 89' lang='lat' dir='ltr'>iorem</span> <span class='ocrx_word' id='word_1_408' title='bbox 1248 1029 1444 1084; x_wconf 85' lang='lat' dir='ltr'>reverentiam</span> <span class='ocrx_word' id='word_1_409' title='bbox 1467 1029 1592 1100; x_wconf 87' lang='lat' dir='ltr'>babebit,</span> <span class='ocrx_word' id='word_1_410' title='bbox 1613 1029 1778 1100; x_wconf 84' lang='lat' dir='ltr'>meliusque</span> <span class='ocrx_word' id='word_1_411' title='bbox 1798 1033 1890 1102; x_wconf 84' lang='lat' dir='ltr'>vivet,</span> <span class='ocrx_word' id='word_1_412' title='bbox 1914 1046 1978 1086; x_wconf 85' lang='lat' dir='ltr'>cum</span> <span class='ocrx_word' id='word_1_413' title='bbox 2001 1029 2042 1085; x_wconf 83' lang='lat' dir='ltr'>il-</span> 
     </span>
     <span class='ocr_line' id='line_1_57' title="bbox 1135 1113 2046 1183; baseline 0.002 -15"><span class='ocrx_word' id='word_1_414' title='bbox 1135 1113 1228 1168; x_wconf 88' lang='lat' dir='ltr'>lorum</span> <span class='ocrx_word' id='word_1_415' title='bbox 1262 1115 1418 1183; x_wconf 87' lang='lat' dir='ltr'>puritatem</span> <span class='ocrx_word' id='word_1_416' title='bbox 1450 1119 1629 1168; x_wconf 87' lang='lat' dir='ltr'>revereatur.</span> <span class='ocrx_word' id='word_1_417' title='bbox 1688 1115 1790 1183; x_wconf 77' lang='lat' dir='ltr'>Imque</span> <span class='ocrx_word' id='word_1_418' title='bbox 1826 1131 1884 1170; x_wconf 86' lang='lat' dir='ltr'>una</span> <span class='ocrx_word' id='word_1_419' title='bbox 1917 1115 2046 1170; x_wconf 84' lang='lat' dir='ltr'>omnium</span> 
     </span>
     <span class='ocr_line' id='line_1_58' title="bbox 1137 1197 2046 1268; baseline 0.002 -16"><span class='ocrx_word' id='word_1_420' title='bbox 1137 1199 1330 1256; x_wconf 78' lang='lat' dir='ltr'><strong>consonantia</strong></span> <span class='ocrx_word' id='word_1_421' title='bbox 1352 1198 1418 1266; x_wconf 87' lang='lat' dir='ltr'>erit,</span> <span class='ocrx_word' id='word_1_422' title='bbox 1440 1213 1505 1253; x_wconf 90' lang='lat' dir='ltr'>eum</span> <span class='ocrx_word' id='word_1_423' title='bbox 1527 1213 1578 1268; x_wconf 90' lang='lat' dir='ltr'>pro</span> <span class='ocrx_word' id='word_1_424' title='bbox 1601 1197 1678 1252; x_wconf 91' lang='lat' dir='ltr'>omni</span> <span class='ocrx_word' id='word_1_425' title='bbox 1699 1199 1810 1254; x_wconf 88' lang='lat' dir='ltr'>malitia</span> <span class='ocrx_word' id='word_1_426' title='bbox 1828 1201 1949 1256; x_wconf 86' lang='lat' dir='ltr'>meliora</span> <span class='ocrx_word' id='word_1_427' title='bbox 1970 1215 2046 1255; x_wconf 84' lang='lat' dir='ltr'>san-</span> 
     </span>
     <span class='ocr_line' id='line_1_59' title="bbox 1135 1281 2045 1355; baseline 0.004 -19"><span class='ocrx_word' id='word_1_428' title='bbox 1135 1283 1285 1351; x_wconf 88' lang='lat' dir='ltr'>ctioraque</span> <span class='ocrx_word' id='word_1_429' title='bbox 1306 1282 1404 1336; x_wconf 89' lang='lat' dir='ltr'>studia</span> <span class='ocrx_word' id='word_1_430' title='bbox 1425 1281 1659 1355; x_wconf 85' lang='lat' dir='ltr'>introducantur,</span> <span class='ocrx_word' id='word_1_431' title='bbox 1677 1297 1741 1338; x_wconf 91' lang='lat' dir='ltr'>cum</span> <span class='ocrx_word' id='word_1_432' title='bbox 1763 1283 1909 1352; x_wconf 80' lang='lat' dir='ltr'>rebusque</span> <span class='ocrx_word' id='word_1_433' title='bbox 1931 1299 2045 1340; x_wconf 88' lang='lat' dir='ltr'>conve·</span> 
     </span>
     <span class='ocr_line' id='line_1_60' title="bbox 1136 1367 2045 1439; baseline 0.001 -18"><span class='ocrx_word' id='word_1_434' title='bbox 1136 1367 1227 1421; x_wconf 88' lang='lat' dir='ltr'>niant.</span> <span class='ocrx_word' id='word_1_435' title='bbox 1249 1367 1331 1432; x_wconf 82' lang='lat' dir='ltr'>Quod</span> <span class='ocrx_word' id='word_1_436' title='bbox 1346 1382 1433 1436; x_wconf 89' lang='lat' dir='ltr'>quum</span> <span class='ocrx_word' id='word_1_437' title='bbox 1451 1381 1634 1436; x_wconf 82' lang='lat' dir='ltr'>quaeramus,</span> <span class='ocrx_word' id='word_1_438' title='bbox 1657 1381 1726 1438; x_wconf 84' lang='lat' dir='ltr'>rem,</span> <span class='ocrx_word' id='word_1_439' title='bbox 1749 1367 1790 1422; x_wconf 91' lang='lat' dir='ltr'>nti</span> <span class='ocrx_word' id='word_1_440' title='bbox 1805 1368 1916 1438; x_wconf 89' lang='lat' dir='ltr'>opinati</span> <span class='ocrx_word' id='word_1_441' title='bbox 1933 1383 2045 1439; x_wconf 86' lang='lat' dir='ltr'>sumus,</span> 
     </span>
     <span class='ocr_line' id='line_1_61' title="bbox 1134 1447 2047 1524; baseline 0.003 -20"><span class='ocrx_word' id='word_1_442' title='bbox 1134 1451 1236 1504; x_wconf 89' lang='lat' dir='ltr'>utilem</span> <span class='ocrx_word' id='word_1_443' title='bbox 1259 1451 1392 1508; x_wconf 83' lang='lat' dir='ltr'>tacimus.</span> <span class='ocrx_word' id='word_1_444' title='bbox 1422 1449 1568 1524; x_wconf 76' lang='lat' dir='ltr'>(napo.)</span> <span class='ocrx_word' id='word_1_445' title='bbox 1589 1450 1667 1506; x_wconf 92' lang='lat' dir='ltr'>lllud</span> <span class='ocrx_word' id='word_1_446' title='bbox 1689 1466 1803 1521; x_wconf 85' lang='lat' dir='ltr'>quoque</span> <span class='ocrx_word' id='word_1_447' title='bbox 1824 1447 1958 1508; x_wconf 85' lang='lat' dir='ltr'>omnibus</span> <span class='ocrx_word' id='word_1_448' title='bbox 1979 1467 2047 1507; x_wconf 88' lang='lat' dir='ltr'>mo-</span> 
     </span>
     <span class='ocr_line' id='line_1_62' title="bbox 1137 1534 2047 1607; baseline 0.002 -19"><span class='ocrx_word' id='word_1_449' title='bbox 1137 1534 1183 1590; x_wconf 89' lang='lat' dir='ltr'>dis</span> <span class='ocrx_word' id='word_1_450' title='bbox 1206 1535 1319 1589; x_wconf 83' lang='lat' dir='ltr'>servari</span> <span class='ocrx_word' id='word_1_451' title='bbox 1340 1535 1491 1607; x_wconf 91' lang='lat' dir='ltr'>volumus,</span> <span class='ocrx_word' id='word_1_452' title='bbox 1518 1538 1561 1606; x_wconf 87' lang='lat' dir='ltr'>ut,</span> <span class='ocrx_word' id='word_1_453' title='bbox 1582 1535 1609 1590; x_wconf 87' lang='lat' dir='ltr'>si</span> <span class='ocrx_word' id='word_1_454' title='bbox 1630 1535 1696 1604; x_wconf 85' lang='lat' dir='ltr'>quis</span> <span class='ocrx_word' id='word_1_455' title='bbox 1724 1551 1761 1590; x_wconf 84' lang='lat' dir='ltr'>ex</span> <span class='ocrx_word' id='word_1_456' title='bbox 1790 1535 2047 1590; x_wconf 78' lang='lat' dir='ltr'>reverendissimis</span> 
     </span>
     <span class='ocr_line' id='line_1_63' title="bbox 1136 1619 2048 1689; baseline 0 -15"><span class='ocrx_word' id='word_1_457' title='bbox 1136 1619 1287 1674; x_wconf 84' lang='lat' dir='ltr'>monacbis</span> <span class='ocrx_word' id='word_1_458' title='bbox 1309 1619 1339 1673; x_wconf 92' lang='lat' dir='ltr'>in</span> <span class='ocrx_word' id='word_1_459' title='bbox 1362 1619 1461 1689; x_wconf 83' lang='lat' dir='ltr'>aliqua</span> <span class='ocrx_word' id='word_1_460' title='bbox 1482 1634 1520 1673; x_wconf 83' lang='lat' dir='ltr'>ex</span> <span class='ocrx_word' id='word_1_461' title='bbox 1542 1619 1685 1689; x_wconf 88' lang='lat' dir='ltr'>cauponis</span> <span class='ocrx_word' id='word_1_462' title='bbox 1707 1620 1821 1674; x_wconf 87' lang='lat' dir='ltr'>versari</span> <span class='ocrx_word' id='word_1_463' title='bbox 1844 1621 1967 1687; x_wconf 85' lang='lat' dir='ltr'>dicatur,</span> <span class='ocrx_word' id='word_1_464' title='bbox 1997 1619 2048 1674; x_wconf 84' lang='lat' dir='ltr'>hic</span> 
     </span>
     <span class='ocr_line' id='line_1_64' title="bbox 1137 1702 2049 1776; baseline 0.001 -20"><span class='ocrx_word' id='word_1_465' title='bbox 1137 1704 1237 1757; x_wconf 84' lang='lat' dir='ltr'>statim</span> <span class='ocrx_word' id='word_1_466' title='bbox 1265 1702 1470 1758; x_wconf 81' lang='lat' dir='ltr'>defensoribus</span> <span class='ocrx_word' id='word_1_467' title='bbox 1498 1703 1630 1758; x_wconf 81' lang='lat' dir='ltr'>civitatis</span> <span class='ocrx_word' id='word_1_468' title='bbox 1658 1703 1806 1773; x_wconf 85' lang='lat' dir='ltr'>tradatur,</span> <span class='ocrx_word' id='word_1_469' title='bbox 1833 1708 1883 1758; x_wconf 89' lang='lat' dir='ltr'>aut</span> <span class='ocrx_word' id='word_1_470' title='bbox 1905 1705 1953 1760; x_wconf 89' lang='lat' dir='ltr'>bic</span> <span class='ocrx_word' id='word_1_471' title='bbox 1976 1703 2049 1776; x_wconf 75' lang='lat' dir='ltr'>glo-</span> 
     </span>
     <span class='ocr_line' id='line_1_65' title="bbox 1138 1785 2049 1860; baseline -0.001 -17"><span class='ocrx_word' id='word_1_472' title='bbox 1138 1785 1310 1843; x_wconf 89' lang='lat' dir='ltr'>riosissimis</span> <span class='ocrx_word' id='word_1_473' title='bbox 1343 1803 1492 1842; x_wconf 86' lang='lat' dir='ltr'>sacrorum</span> <span class='ocrx_word' id='word_1_474' title='bbox 1523 1787 1732 1858; x_wconf 85' lang='lat' dir='ltr'>praetoriorum</span> <span class='ocrx_word' id='word_1_475' title='bbox 1763 1789 1939 1860; x_wconf 80' lang='lat' dir='ltr'>praelectis,</span> <span class='ocrx_word' id='word_1_476' title='bbox 1973 1803 2049 1842; x_wconf 89' lang='lat' dir='ltr'>con-</span> 
     </span>
     <span class='ocr_line' id='line_1_66' title="bbox 1138 1871 2049 1944; baseline -0.001 -17"><span class='ocrx_word' id='word_1_477' title='bbox 1138 1871 1294 1941; x_wconf 85' lang='lat' dir='ltr'>victusque</span> <span class='ocrx_word' id='word_1_478' title='bbox 1316 1872 1495 1944; x_wconf 76' lang='lat' dir='ltr'>castigetur,</span> <span class='ocrx_word' id='word_1_479' title='bbox 1517 1871 1605 1942; x_wconf 89' lang='lat' dir='ltr'>idque</span> <span class='ocrx_word' id='word_1_480' title='bbox 1627 1873 1725 1926; x_wconf 82' lang='lat' dir='ltr'>abbati</span> <span class='ocrx_word' id='word_1_481' title='bbox 1747 1872 1908 1944; x_wconf 85' lang='lat' dir='ltr'>indicetur,</span> <span class='ocrx_word' id='word_1_482' title='bbox 1930 1875 1961 1927; x_wconf 93' lang='lat' dir='ltr'>ut</span> <span class='ocrx_word' id='word_1_483' title='bbox 1981 1886 2049 1928; x_wconf 87' lang='lat' dir='ltr'>mo-</span> 
     </span>
     <span class='ocr_line' id='line_1_67' title="bbox 1140 1956 2050 2027; baseline 0.002 -17"><span class='ocrx_word' id='word_1_484' title='bbox 1140 1956 1269 2010; x_wconf 88' lang='lat' dir='ltr'>nasterio</span> <span class='ocrx_word' id='word_1_485' title='bbox 1292 1971 1373 2026; x_wconf 88' lang='lat' dir='ltr'>eum,</span> <span class='ocrx_word' id='word_1_486' title='bbox 1395 1957 1445 2026; x_wconf 93' lang='lat' dir='ltr'>qui</span> <span class='ocrx_word' id='word_1_487' title='bbox 1466 1956 1541 2012; x_wconf 88' lang='lat' dir='ltr'>baec</span> <span class='ocrx_word' id='word_1_488' title='bbox 1563 1956 1695 2027; x_wconf 88' lang='lat' dir='ltr'>deliquit,</span> <span class='ocrx_word' id='word_1_489' title='bbox 1717 1957 1855 2026; x_wconf 79' lang='lat' dir='ltr'>expellat,</span> <span class='ocrx_word' id='word_1_490' title='bbox 1877 1961 1977 2026; x_wconf 89' lang='lat' dir='ltr'>utpote</span> <span class='ocrx_word' id='word_1_491' title='bbox 1999 1956 2050 2026; x_wconf 92' lang='lat' dir='ltr'>qui</span> 
     </span>
     <span class='ocr_line' id='line_1_68' title="bbox 1140 2040 2050 2113; baseline 0.002 -19"><span class='ocrx_word' id='word_1_492' title='bbox 1140 2040 1324 2095; x_wconf 85' lang='lat' dir='ltr'>inhonestam</span> <span class='ocrx_word' id='word_1_493' title='bbox 1333 2041 1420 2096; x_wconf 89' lang='lat' dir='ltr'>vitam</span> <span class='ocrx_word' id='word_1_494' title='bbox 1430 2056 1495 2094; x_wconf 90' lang='lat' dir='ltr'>cum</span> <span class='ocrx_word' id='word_1_495' title='bbox 1510 2041 1646 2113; x_wconf 77' lang='lat' dir='ltr'>angelico</span> <span class='ocrx_word' id='word_1_496' title='bbox 1659 2041 1715 2095; x_wconf 86' lang='lat' dir='ltr'>ltoc</span> <span class='ocrx_word' id='word_1_497' title='bbox 1726 2045 1806 2094; x_wconf 85' lang='lat' dir='ltr'>statu</span> <span class='ocrx_word' id='word_1_498' title='bbox 1820 2043 2050 2096; x_wconf 78' lang='lat' dir='ltr'>commutaverit.</span> 
     </span>
     <span class='ocr_line' id='line_1_69' title="bbox 1139 2123 2049 2198; baseline -0.001 -17"><span class='ocrx_word' id='word_1_499' title='bbox 1139 2123 1257 2194; x_wconf 80' lang='lat' dir='ltr'>Duplex</span> <span class='ocrx_word' id='word_1_500' title='bbox 1279 2124 1355 2180; x_wconf 88' lang='lat' dir='ltr'>enim</span> <span class='ocrx_word' id='word_1_501' title='bbox 1377 2125 1434 2180; x_wconf 91' lang='lat' dir='ltr'>hoc</span> <span class='ocrx_word' id='word_1_502' title='bbox 1456 2139 1530 2195; x_wconf 91' lang='lat' dir='ltr'>opus</span> <span class='ocrx_word' id='word_1_503' title='bbox 1544 2126 1700 2180; x_wconf 87' lang='lat' dir='ltr'>monachos</span> <span class='ocrx_word' id='word_1_504' title='bbox 1713 2139 1803 2197; x_wconf 81' lang='lat' dir='ltr'>agere</span> <span class='ocrx_word' id='word_1_505' title='bbox 1819 2129 1934 2194; x_wconf 91' lang='lat' dir='ltr'>oportet</span> <span class='ocrx_word' id='word_1_506' title='bbox 1955 2124 2049 2198; x_wconf 82' lang='lat' dir='ltr'>(quae</span> 
     </span>
     <span class='ocr_line' id='line_1_70' title="bbox 1139 2207 2050 2281; baseline 0.001 -18"><span class='ocrx_word' id='word_1_507' title='bbox 1139 2207 1292 2264; x_wconf 84' lang='lat' dir='ltr'>manuaria</span> <span class='ocrx_word' id='word_1_508' title='bbox 1313 2223 1402 2278; x_wconf 89' lang='lat' dir='ltr'>opera</span> <span class='ocrx_word' id='word_1_509' title='bbox 1422 2209 1524 2265; x_wconf 90' lang='lat' dir='ltr'>vocari</span> <span class='ocrx_word' id='word_1_510' title='bbox 1553 2209 1702 2280; x_wconf 80' lang='lat' dir='ltr'>possunt),</span> <span class='ocrx_word' id='word_1_511' title='bbox 1730 2214 1763 2264; x_wconf 93' lang='lat' dir='ltr'>ut</span> <span class='ocrx_word' id='word_1_512' title='bbox 1790 2209 1982 2281; x_wconf 84' lang='lat' dir='ltr'>meditentur,</span> <span class='ocrx_word' id='word_1_513' title='bbox 2012 2223 2050 2264; x_wconf 88' lang='lat' dir='ltr'>ao</span> 
     </span>
     <span class='ocr_line' id='line_1_71' title="bbox 1139 2292 2049 2364; baseline 0.001 -17"><span class='ocrx_word' id='word_1_514' title='bbox 1139 2292 1283 2348; x_wconf 87' lang='lat' dir='ltr'>laborent.</span> <span class='ocrx_word' id='word_1_515' title='bbox 1329 2292 1419 2348; x_wconf 87' lang='lat' dir='ltr'>Mens</span> <span class='ocrx_word' id='word_1_516' title='bbox 1447 2294 1524 2348; x_wconf 88' lang='lat' dir='ltr'>enim</span> <span class='ocrx_word' id='word_1_517' title='bbox 1546 2294 1642 2349; x_wconf 85' lang='lat' dir='ltr'>otiosa</span> <span class='ocrx_word' id='word_1_518' title='bbox 1663 2293 1736 2348; x_wconf 91' lang='lat' dir='ltr'>nibil</span> <span class='ocrx_word' id='word_1_519' title='bbox 1763 2293 1832 2348; x_wconf 91' lang='lat' dir='ltr'>boni</span> <span class='ocrx_word' id='word_1_520' title='bbox 1858 2293 1963 2364; x_wconf 88' lang='lat' dir='ltr'>pariat.</span> <span class='ocrx_word' id='word_1_521' title='bbox 2003 2293 2049 2348; x_wconf 82' lang='lat' dir='ltr'>Ile</span> 
     </span>
     <span class='ocr_line' id='line_1_72' title="bbox 1140 2375 2052 2450; baseline 0 -18"><span class='ocrx_word' id='word_1_522' title='bbox 1140 2377 1188 2432; x_wconf 88' lang='lat' dir='ltr'>his</span> <span class='ocrx_word' id='word_1_523' title='bbox 1210 2381 1306 2432; x_wconf 87' lang='lat' dir='ltr'>autent</span> <span class='ocrx_word' id='word_1_524' title='bbox 1327 2375 1439 2432; x_wconf 89' lang='lat' dir='ltr'>hancce</span> <span class='ocrx_word' id='word_1_525' title='bbox 1460 2378 1558 2450; x_wconf 80' lang='lat' dir='ltr'>legem</span> <span class='ocrx_word' id='word_1_526' title='bbox 1580 2379 1730 2450; x_wconf 87' lang='lat' dir='ltr'>ponimus,</span> <span class='ocrx_word' id='word_1_527' title='bbox 1757 2394 1833 2448; x_wconf 76' lang='lat' dir='ltr'>(puae</span> <span class='ocrx_word' id='word_1_528' title='bbox 1862 2383 1922 2432; x_wconf 85' lang='lat' dir='ltr'>tatu</span> <span class='ocrx_word' id='word_1_529' title='bbox 1943 2377 1974 2432; x_wconf 90' lang='lat' dir='ltr'>in</span> <span class='ocrx_word' id='word_1_530' title='bbox 1996 2391 2052 2432; x_wconf 86' lang='lat' dir='ltr'>re-</span> 
     </span>
     <span class='ocr_line' id='line_1_73' title="bbox 1140 2461 2050 2534; baseline 0.001 -19"><span class='ocrx_word' id='word_1_531' title='bbox 1140 2462 1193 2534; x_wconf 77' lang='lat' dir='ltr'>gia</span> <span class='ocrx_word' id='word_1_532' title='bbox 1221 2461 1277 2517; x_wconf 85' lang='lat' dir='ltr'>ltac</span> <span class='ocrx_word' id='word_1_533' title='bbox 1306 2461 1442 2534; x_wconf 82' lang='lat' dir='ltr'>civitate,</span> <span class='ocrx_word' id='word_1_534' title='bbox 1480 2478 1563 2532; x_wconf 86' lang='lat' dir='ltr'>quam</span> <span class='ocrx_word' id='word_1_535' title='bbox 1593 2463 1681 2518; x_wconf 87' lang='lat' dir='ltr'>etiam</span> <span class='ocrx_word' id='word_1_536' title='bbox 1710 2463 1788 2518; x_wconf 92' lang='lat' dir='ltr'>inter</span> <span class='ocrx_word' id='word_1_537' title='bbox 1815 2477 1915 2518; x_wconf 87' lang='lat' dir='ltr'>omnes</span> <span class='ocrx_word' id='word_1_538' title='bbox 1942 2467 2050 2534; x_wconf 81' lang='lat' dir='ltr'>gentes</span> 
     </span>
     <span class='ocr_line' id='line_1_74' title="bbox 1139 2544 2051 2618; baseline -0.002 -18"><span class='ocrx_word' id='word_1_539' title='bbox 1139 2545 1246 2600; x_wconf 83' lang='lat' dir='ltr'>valeat.</span> <span class='ocrx_word' id='word_1_540' title='bbox 1295 2544 1345 2600; x_wconf 88' lang='lat' dir='ltr'>Ad</span> <span class='ocrx_word' id='word_1_541' title='bbox 1374 2561 1608 2618; x_wconf 88' lang='lat' dir='ltr'>unumquemque</span> <span class='ocrx_word' id='word_1_542' title='bbox 1643 2547 1719 2602; x_wconf 84' lang='lat' dir='ltr'>enirn</span> <span class='ocrx_word' id='word_1_543' title='bbox 1746 2547 1965 2602; x_wconf 87' lang='lat' dir='ltr'>sanctissimum</span> <span class='ocrx_word' id='word_1_544' title='bbox 1992 2561 2051 2616; x_wconf 85' lang='lat' dir='ltr'>pa-</span> 
     </span>
     <span class='ocr_line' id='line_1_75' title="bbox 1140 2629 2050 2704; baseline -0.001 -19"><span class='ocrx_word' id='word_1_545' title='bbox 1140 2629 1298 2686; x_wconf 85' lang='lat' dir='ltr'>triarcham</span> <span class='ocrx_word' id='word_1_546' title='bbox 1320 2645 1384 2684; x_wconf 88' lang='lat' dir='ltr'>eam</span> <span class='ocrx_word' id='word_1_547' title='bbox 1406 2630 1557 2703; x_wconf 85' lang='lat' dir='ltr'>mittimus,</span> <span class='ocrx_word' id='word_1_548' title='bbox 1579 2635 1612 2687; x_wconf 91' lang='lat' dir='ltr'>ut</span> <span class='ocrx_word' id='word_1_549' title='bbox 1633 2631 1802 2704; x_wconf 76' lang='lat' dir='ltr'>diligenter,</span> <span class='ocrx_word' id='word_1_550' title='bbox 1824 2635 1862 2702; x_wconf 86' lang='lat' dir='ltr'>et,</span> <span class='ocrx_word' id='word_1_551' title='bbox 1884 2639 1972 2702; x_wconf 90' lang='lat' dir='ltr'>prout</span> <span class='ocrx_word' id='word_1_552' title='bbox 1993 2629 2050 2684; x_wconf 90' lang='lat' dir='ltr'>dc-</span> 
     </span>
     <span class='ocr_line' id='line_1_76' title="bbox 1140 2713 2051 2788; baseline 0.001 -19"><span class='ocrx_word' id='word_1_553' title='bbox 1140 2719 1202 2785; x_wconf 88' lang='lat' dir='ltr'>cet,</span> <span class='ocrx_word' id='word_1_554' title='bbox 1234 2713 1433 2788; x_wconf 84' lang='lat' dir='ltr'>custodiatur,</span> <span class='ocrx_word' id='word_1_555' title='bbox 1465 2715 1496 2769; x_wconf 92' lang='lat' dir='ltr'>bi</span> <span class='ocrx_word' id='word_1_556' title='bbox 1525 2721 1622 2771; x_wconf 86' lang='lat' dir='ltr'>autem</span> <span class='ocrx_word' id='word_1_557' title='bbox 1652 2716 1690 2770; x_wconf 89' lang='lat' dir='ltr'>ad</span> <span class='ocrx_word' id='word_1_558' title='bbox 1718 2717 1970 2786; x_wconf 86' lang='lat' dir='ltr'>metropolitanos,</span> <span class='ocrx_word' id='word_1_559' title='bbox 1999 2715 2051 2784; x_wconf 88' lang='lat' dir='ltr'>qui</span> 
     </span>
     <span class='ocr_line' id='line_1_77' title="bbox 1139 2798 2051 2872; baseline 0.001 -19"><span class='ocrx_word' id='word_1_560' title='bbox 1139 2799 1195 2853; x_wconf 86' lang='lat' dir='ltr'>sub</span> <span class='ocrx_word' id='word_1_561' title='bbox 1217 2799 1291 2870; x_wconf 89' lang='lat' dir='ltr'>ipsis</span> <span class='ocrx_word' id='word_1_562' title='bbox 1314 2798 1466 2854; x_wconf 87' lang='lat' dir='ltr'>constituti</span> <span class='ocrx_word' id='word_1_563' title='bbox 1494 2805 1579 2872; x_wconf 90' lang='lat' dir='ltr'>sunt,</span> <span class='ocrx_word' id='word_1_564' title='bbox 1609 2800 1689 2856; x_wconf 87' lang='lat' dir='ltr'>illam</span> <span class='ocrx_word' id='word_1_565' title='bbox 1719 2801 1851 2870; x_wconf 78' lang='lat' dir='ltr'>mittent3</span> <span class='ocrx_word' id='word_1_566' title='bbox 1884 2801 1927 2855; x_wconf 91' lang='lat' dir='ltr'>illi</span> <span class='ocrx_word' id='word_1_567' title='bbox 1952 2803 2051 2854; x_wconf 85' lang='lat' dir='ltr'>autem</span> 
     </span>
     <span class='ocr_line' id='line_1_78' title="bbox 1139 2883 2051 2955; baseline 0 -17"><span class='ocrx_word' id='word_1_568' title='bbox 1139 2898 1204 2938; x_wconf 91' lang='lat' dir='ltr'>cum</span> <span class='ocrx_word' id='word_1_569' title='bbox 1225 2883 1347 2952; x_wconf 88' lang='lat' dir='ltr'>reliquis</span> <span class='ocrx_word' id='word_1_570' title='bbox 1364 2885 1497 2939; x_wconf 87' lang='lat' dir='ltr'>omnibus</span> <span class='ocrx_word' id='word_1_571' title='bbox 1520 2884 1668 2955; x_wconf 84' lang='lat' dir='ltr'>episeopis</span> <span class='ocrx_word' id='word_1_572' title='bbox 1690 2886 1954 2954; x_wconf 88' lang='lat' dir='ltr'>communicabunt,</span> <span class='ocrx_word' id='word_1_573' title='bbox 1977 2897 2051 2954; x_wconf 85' lang='lat' dir='ltr'>per-</span> 
     </span>
     <span class='ocr_line' id='line_1_79' title="bbox 1138 2967 2051 3038; baseline 0 -16"><span class='ocrx_word' id='word_1_574' title='bbox 1138 2982 1195 3037; x_wconf 87' lang='lat' dir='ltr'>que</span> <span class='ocrx_word' id='word_1_575' title='bbox 1217 2969 1371 3038; x_wconf 86' lang='lat' dir='ltr'>episcopos</span> <span class='ocrx_word' id='word_1_576' title='bbox 1399 2967 1473 3024; x_wconf 83' lang='lat' dir='ltr'>haec</span> <span class='ocrx_word' id='word_1_577' title='bbox 1498 2969 1755 3025; x_wconf 83' lang='lat' dir='ltr'>reverendissimis</span> <span class='ocrx_word' id='word_1_578' title='bbox 1779 2969 1932 3024; x_wconf 86' lang='lat' dir='ltr'>monachis</span> <span class='ocrx_word' id='word_1_579' title='bbox 1953 2969 2051 3024; x_wconf 86' lang='lat' dir='ltr'>abba·</span> 
     </span>
     <span class='ocr_line' id='line_1_80' title="bbox 1137 3051 2051 3122; baseline 0 -15"><span class='ocrx_word' id='word_1_580' title='bbox 1137 3051 1275 3122; x_wconf 90' lang='lat' dir='ltr'>tibusque</span> <span class='ocrx_word' id='word_1_581' title='bbox 1297 3067 1396 3108; x_wconf 90' lang='lat' dir='ltr'>eorum</span> <span class='ocrx_word' id='word_1_582' title='bbox 1417 3053 1576 3108; x_wconf 78' lang='lat' dir='ltr'>manifesta</span> <span class='ocrx_word' id='word_1_583' title='bbox 1597 3055 1675 3110; x_wconf 87' lang='lat' dir='ltr'>dent.</span> <span class='ocrx_word' id='word_1_584' title='bbox 1717 3055 1814 3110; x_wconf 89' lang='lat' dir='ltr'>llnius</span> <span class='ocrx_word' id='word_1_585' title='bbox 1836 3068 1905 3108; x_wconf 86' lang='lat' dir='ltr'>vero</span> <span class='ocrx_word' id='word_1_586' title='bbox 1928 3054 1972 3108; x_wconf 90' lang='lat' dir='ltr'>rei</span> <span class='ocrx_word' id='word_1_587' title='bbox 1994 3053 2051 3107; x_wconf 89' lang='lat' dir='ltr'>ob-</span> 
     </span>
     <span class='ocr_line' id='line_1_81' title="bbox 1138 3135 2051 3210; baseline 0 -19"><span class='ocrx_word' id='word_1_588' title='bbox 1138 3135 1336 3191; x_wconf 86' lang='lat' dir='ltr'>servationem</span> <span class='ocrx_word' id='word_1_589' title='bbox 1358 3151 1415 3192; x_wconf 94' lang='lat' dir='ltr'>non</span> <span class='ocrx_word' id='word_1_590' title='bbox 1445 3141 1557 3193; x_wconf 87' lang='lat' dir='ltr'>tantum</span> <span class='ocrx_word' id='word_1_591' title='bbox 1577 3137 1676 3194; x_wconf 88' lang='lat' dir='ltr'>abbati</span> <span class='ocrx_word' id='word_1_592' title='bbox 1704 3139 1847 3210; x_wconf 89' lang='lat' dir='ltr'>cuiusque</span> <span class='ocrx_word' id='word_1_593' title='bbox 1869 3135 2051 3210; x_wconf 87' lang='lat' dir='ltr'>monasterii,</span> 
     </span>
     <span class='ocr_line' id='line_1_82' title="bbox 1137 3220 2051 3295; baseline -0.001 -19"><span class='ocrx_word' id='word_1_594' title='bbox 1137 3236 1194 3276; x_wconf 87' lang='lat' dir='ltr'>neo</span> <span class='ocrx_word' id='word_1_595' title='bbox 1215 3221 1271 3277; x_wconf 83' lang='lat' dir='ltr'>uei</span> <span class='ocrx_word' id='word_1_596' title='bbox 1293 3220 1493 3278; x_wconf 85' lang='lat' dir='ltr'>amantissimo</span> <span class='ocrx_word' id='word_1_597' title='bbox 1515 3221 1665 3295; x_wconf 84' lang='lat' dir='ltr'>episcopo,</span> <span class='ocrx_word' id='word_1_598' title='bbox 1690 3237 1745 3279; x_wconf 89' lang='lat' dir='ltr'>nco</span> <span class='ocrx_word' id='word_1_599' title='bbox 1768 3222 1964 3278; x_wconf 81' lang='lat' dir='ltr'>sanctissimis</span> <span class='ocrx_word' id='word_1_600' title='bbox 1982 3235 2051 3278; x_wconf 90' lang='lat' dir='ltr'>me-</span> 
     </span>
     <span class='ocr_line' id='line_1_83' title="bbox 1139 3296 2104 3380; baseline -0.001 -20"><span class='ocrx_word' id='word_1_601' title='bbox 1139 3304 1340 3378; x_wconf 85' lang='lat' dir='ltr'>tropolitanis,</span> <span class='ocrx_word' id='word_1_602' title='bbox 1370 3320 1465 3376; x_wconf 89' lang='lat' dir='ltr'>neque</span> <span class='ocrx_word' id='word_1_603' title='bbox 1493 3306 1690 3362; x_wconf 82' lang='lat' dir='ltr'>sanctissimis</span> <span class='ocrx_word' id='word_1_604' title='bbox 1715 3307 1892 3378; x_wconf 85' lang='lat' dir='ltr'>patriurchis</span> <span class='ocrx_word' id='word_1_605' title='bbox 1913 3304 2050 3380; x_wconf 81' lang='lat' dir='ltr'>iniungi·</span> <span class='ocrx_word' id='word_1_606' title='bbox 2101 3296 2104 3316; x_wconf 82' lang='lat'>&#39;</span> 
     </span>
     <span class='ocr_line' id='line_1_84' title="bbox 1137 3389 2051 3465; baseline 0.001 -22"><span class='ocrx_word' id='word_1_607' title='bbox 1137 3403 1213 3462; x_wconf 89' lang='lat' dir='ltr'>mus,</span> <span class='ocrx_word' id='word_1_608' title='bbox 1234 3405 1334 3446; x_wconf 90' lang='lat' dir='ltr'>verum</span> <span class='ocrx_word' id='word_1_609' title='bbox 1357 3389 1408 3444; x_wconf 87' lang='lat' dir='ltr'>hio</span> <span class='ocrx_word' id='word_1_610' title='bbox 1428 3390 1546 3461; x_wconf 80' lang='lat' dir='ltr'>quidem</span> <span class='ocrx_word' id='word_1_611' title='bbox 1566 3391 1792 3465; x_wconf 77' lang='lat' dir='ltr'>gloriosissimis</span> <span class='ocrx_word' id='word_1_612' title='bbox 1814 3391 1974 3462; x_wconf 83' lang='lat' dir='ltr'>praelectis</span> <span class='ocrx_word' id='word_1_613' title='bbox 1995 3405 2051 3448; x_wconf 83' lang='lat' dir='ltr'>sa-</span> 
     </span>
     <span class='ocr_line' id='line_1_85' title="bbox 1137 3474 2050 3548; baseline 0.002 -20"><span class='ocrx_word' id='word_1_614' title='bbox 1137 3488 1251 3529; x_wconf 90' lang='lat' dir='ltr'>crorum</span> <span class='ocrx_word' id='word_1_615' title='bbox 1266 3474 1488 3547; x_wconf 84' lang='lat' dir='ltr'>praetoriorum,</span> <span class='ocrx_word' id='word_1_616' title='bbox 1511 3479 1554 3548; x_wconf 89' lang='lat' dir='ltr'>ut,</span> <span class='ocrx_word' id='word_1_617' title='bbox 1573 3475 1601 3530; x_wconf 87' lang='lat' dir='ltr'>si</span> <span class='ocrx_word' id='word_1_618' title='bbox 1612 3491 1661 3532; x_wconf 90' lang='lat' dir='ltr'>res</span> <span class='ocrx_word' id='word_1_619' title='bbox 1671 3475 1821 3530; x_wconf 89' lang='lat' dir='ltr'>severiore</span> <span class='ocrx_word' id='word_1_620' title='bbox 1835 3475 1958 3547; x_wconf 84' lang='lat' dir='ltr'>quadam</span> <span class='ocrx_word' id='word_1_621' title='bbox 1975 3489 2050 3530; x_wconf 86' lang='lat' dir='ltr'>ceu-</span> 
     </span>
     <span class='ocr_line' id='line_1_86' title="bbox 1138 3557 2048 3632; baseline 0.001 -19"><span class='ocrx_word' id='word_1_622' title='bbox 1138 3572 1211 3614; x_wconf 87' lang='lat' dir='ltr'>sura</span> <span class='ocrx_word' id='word_1_623' title='bbox 1240 3557 1374 3630; x_wconf 87' lang='lat' dir='ltr'>eguerit,</span> <span class='ocrx_word' id='word_1_624' title='bbox 1401 3557 1433 3615; x_wconf 87' lang='lat' dir='ltr'>hi</span> <span class='ocrx_word' id='word_1_625' title='bbox 1460 3575 1496 3615; x_wconf 83' lang='lat' dir='ltr'>ea</span> <span class='ocrx_word' id='word_1_626' title='bbox 1518 3559 1554 3615; x_wconf 87' lang='lat' dir='ltr'>de</span> <span class='ocrx_word' id='word_1_627' title='bbox 1582 3575 1614 3616; x_wconf 90' lang='lat' dir='ltr'>re</span> <span class='ocrx_word' id='word_1_628' title='bbox 1636 3559 1817 3632; x_wconf 82' lang='lat' dir='ltr'>aptissimis</span> <span class='ocrx_word' id='word_1_629' title='bbox 1847 3561 1920 3616; x_wconf 90' lang='lat' dir='ltr'>viris</span> <span class='ocrx_word' id='word_1_630' title='bbox 1943 3557 2048 3628; x_wconf 90' lang='lat' dir='ltr'>edocti,</span> 
     </span>
     <span class='ocr_line' id='line_1_87' title="bbox 1139 3642 2050 3716; baseline 0.002 -20"><span class='ocrx_word' id='word_1_631' title='bbox 1139 3657 1204 3697; x_wconf 88' lang='lat' dir='ltr'>eam</span> <span class='ocrx_word' id='word_1_632' title='bbox 1220 3645 1417 3714; x_wconf 82' lang='lat' dir='ltr'>exequantur3</span> <span class='ocrx_word' id='word_1_633' title='bbox 1440 3642 1470 3700; x_wconf 91' lang='lat' dir='ltr'>iu</span> <span class='ocrx_word' id='word_1_634' title='bbox 1489 3644 1650 3716; x_wconf 86' lang='lat' dir='ltr'>provinciis</span> <span class='ocrx_word' id='word_1_635' title='bbox 1671 3651 1768 3700; x_wconf 85' lang='lat' dir='ltr'>autem</span> <span class='ocrx_word' id='word_1_636' title='bbox 1791 3643 1977 3716; x_wconf 78' lang='lat' dir='ltr'>praesidibus</span> <span class='ocrx_word' id='word_1_637' title='bbox 1993 3659 2050 3698; x_wconf 90' lang='lat' dir='ltr'>ea-</span> 
     </span>
     <span class='ocr_line' id='line_1_88' title="bbox 1137 3727 2051 3807; baseline -0.001 -24"><span class='ocrx_word' id='word_1_638' title='bbox 1137 3741 1212 3798; x_wconf 89' lang='lat' dir='ltr'>rum,</span> <span class='ocrx_word' id='word_1_639' title='bbox 1234 3727 1284 3798; x_wconf 92' lang='lat' dir='ltr'>qui</span> <span class='ocrx_word' id='word_1_640' title='bbox 1298 3727 1488 3805; x_wconf 28' lang='lat' dir='ltr'>priusltameu</span> <span class='ocrx_word' id='word_1_641' title='bbox 1509 3727 1551 3802; x_wconf 85' lang='lat' dir='ltr'>id,</span> <span class='ocrx_word' id='word_1_642' title='bbox 1571 3729 1648 3800; x_wconf 87' lang='lat' dir='ltr'>quud</span> <span class='ocrx_word' id='word_1_643' title='bbox 1670 3729 1840 3785; x_wconf 79' lang='lat' dir='ltr'>faciundum</span> <span class='ocrx_word' id='word_1_644' title='bbox 1862 3735 1919 3807; x_wconf 89' lang='lat' dir='ltr'>est,</span> <span class='ocrx_word' id='word_1_645' title='bbox 1941 3743 1978 3784; x_wconf 84' lang='lat' dir='ltr'>ex</span> <span class='ocrx_word' id='word_1_646' title='bbox 1994 3727 2051 3783; x_wconf 87' lang='lat' dir='ltr'>Dei</span> 
     </span>
     <span class='ocr_line' id='line_1_89' title="bbox 1138 3811 2051 3887; baseline 0 -21"><span class='ocrx_word' id='word_1_647' title='bbox 1138 3812 1348 3868; x_wconf 72' lang='lat' dir='ltr'>amantissimis</span> <span class='ocrx_word' id='word_1_648' title='bbox 1367 3812 1516 3884; x_wconf 89' lang='lat' dir='ltr'>episeopis</span> <span class='ocrx_word' id='word_1_649' title='bbox 1536 3818 1726 3887; x_wconf 81' lang='lat' dir='ltr'>cognoscant.</span> <span class='ocrx_word' id='word_1_650' title='bbox 1767 3815 1870 3884; x_wconf 88' lang='lat' dir='ltr'>Itaque</span> <span class='ocrx_word' id='word_1_651' title='bbox 1886 3827 1937 3884; x_wconf 86' lang='lat' dir='ltr'>per</span> <span class='ocrx_word' id='word_1_652' title='bbox 1952 3811 2051 3868; x_wconf 89' lang='lat' dir='ltr'>omnia</span> 
     </span>
     <span class='ocr_line' id='line_1_90' title="bbox 1137 3897 2049 3972; baseline 0 -21"><span class='ocrx_word' id='word_1_653' title='bbox 1137 3897 1197 3951; x_wconf 83' lang='lat' dir='ltr'>tam</span> <span class='ocrx_word' id='word_1_654' title='bbox 1218 3911 1272 3966; x_wconf 89' lang='lat' dir='ltr'>per</span> <span class='ocrx_word' id='word_1_655' title='bbox 1292 3909 1394 3952; x_wconf 87' lang='lat' dir='ltr'>sacros</span> <span class='ocrx_word' id='word_1_656' title='bbox 1415 3912 1560 3972; x_wconf 88' lang='lat' dir='ltr'>canones,</span> <span class='ocrx_word' id='word_1_657' title='bbox 1588 3913 1674 3970; x_wconf 89' lang='lat' dir='ltr'>quam</span> <span class='ocrx_word' id='word_1_658' title='bbox 1701 3912 1754 3969; x_wconf 90' lang='lat' dir='ltr'>per</span> <span class='ocrx_word' id='word_1_659' title='bbox 1775 3903 1891 3953; x_wconf 87' lang='lat' dir='ltr'>nostras</span> <span class='ocrx_word' id='word_1_660' title='bbox 1913 3897 1998 3970; x_wconf 76' lang='lat' dir='ltr'>leges</span> <span class='ocrx_word' id='word_1_661' title='bbox 2018 3897 2049 3951; x_wconf 92' lang='lat' dir='ltr'>in</span> 
     </span>
     <span class='ocr_line' id='line_1_91' title="bbox 1138 3979 2051 4054; baseline 0.003 -21"><span class='ocrx_word' id='word_1_662' title='bbox 1138 3979 1301 4052; x_wconf 88' lang='lat' dir='ltr'>provinciis</span> <span class='ocrx_word' id='word_1_663' title='bbox 1323 3995 1439 4052; x_wconf 88' lang='lat' dir='ltr'>quoque</span> <span class='ocrx_word' id='word_1_664' title='bbox 1460 3981 1572 4054; x_wconf 90' lang='lat' dir='ltr'>omnia,</span> <span class='ocrx_word' id='word_1_665' title='bbox 1600 3998 1676 4053; x_wconf 86' lang='lat' dir='ltr'>quae</span> <span class='ocrx_word' id='word_1_666' title='bbox 1698 3981 1734 4036; x_wconf 86' lang='lat' dir='ltr'>ad</span> <span class='ocrx_word' id='word_1_667' title='bbox 1756 3983 1849 4037; x_wconf 87' lang='lat' dir='ltr'>Deum</span> <span class='ocrx_word' id='word_1_668' title='bbox 1871 3983 2051 4052; x_wconf 87' lang='lat' dir='ltr'>reseruntur,</span> 
     </span>
     <span class='ocr_line' id='line_1_92' title="bbox 1138 4063 2050 4138; baseline 0.004 -20"><span class='ocrx_word' id='word_1_669' title='bbox 1138 4063 1199 4119; x_wconf 89' lang='lat' dir='ltr'>sint</span> <span class='ocrx_word' id='word_1_670' title='bbox 1220 4065 1371 4136; x_wconf 84' lang='lat' dir='ltr'>inculpata</span> <span class='ocrx_word' id='word_1_671' title='bbox 1396 4071 1427 4122; x_wconf 88' lang='lat' dir='ltr'>et</span> <span class='ocrx_word' id='word_1_672' title='bbox 1447 4071 1516 4122; x_wconf 87' lang='lat' dir='ltr'>ante</span> <span class='ocrx_word' id='word_1_673' title='bbox 1544 4067 1642 4122; x_wconf 82' lang='lat' dir='ltr'>omnia</span> <span class='ocrx_word' id='word_1_674' title='bbox 1661 4081 1714 4138; x_wconf 89' lang='lat' dir='ltr'>per</span> <span class='ocrx_word' id='word_1_675' title='bbox 1735 4065 1954 4138; x_wconf 87' lang='lat' dir='ltr'>imperatorem,</span> <span class='ocrx_word' id='word_1_676' title='bbox 1983 4081 2050 4122; x_wconf 90' lang='lat' dir='ltr'>oum</span> 
     </span>
     <span class='ocr_line' id='line_1_93' title="bbox 1137 4147 2051 4223; baseline 0.003 -19"><span class='ocrx_word' id='word_1_677' title='bbox 1137 4147 1213 4204; x_wconf 88' lang='lat' dir='ltr'>nihil</span> <span class='ocrx_word' id='word_1_678' title='bbox 1239 4147 1404 4206; x_wconf 88' lang='lat' dir='ltr'>divinarum</span> <span class='ocrx_word' id='word_1_679' title='bbox 1433 4165 1530 4206; x_wconf 88' lang='lat' dir='ltr'>rerum</span> <span class='ocrx_word' id='word_1_680' title='bbox 1556 4166 1731 4223; x_wconf 85' lang='lat' dir='ltr'>earumque,</span> <span class='ocrx_word' id='word_1_681' title='bbox 1761 4166 1836 4222; x_wconf 87' lang='lat' dir='ltr'>quae</span> <span class='ocrx_word' id='word_1_682' title='bbox 1863 4150 1977 4206; x_wconf 87' lang='lat' dir='ltr'>servari</span> <span class='ocrx_word' id='word_1_683' title='bbox 1998 4150 2051 4207; x_wconf 90' lang='lat' dir='ltr'>io-</span> 
     </span>
     <span class='ocr_line' id='line_1_94' title="bbox 1138 4233 2050 4309; baseline 0.002 -22"><span class='ocrx_word' id='word_1_684' title='bbox 1138 4235 1216 4288; x_wconf 88' lang='lat' dir='ltr'>stum</span> <span class='ocrx_word' id='word_1_685' title='bbox 1238 4239 1295 4307; x_wconf 88' lang='lat' dir='ltr'>est,</span> <span class='ocrx_word' id='word_1_686' title='bbox 1316 4250 1335 4288; x_wconf 87' lang='lat' dir='ltr'>a</span> <span class='ocrx_word' id='word_1_687' title='bbox 1356 4234 1441 4290; x_wconf 90' lang='lat' dir='ltr'>nobis</span> <span class='ocrx_word' id='word_1_688' title='bbox 1463 4235 1651 4309; x_wconf 77' lang='lat' dir='ltr'>negligatur,</span> <span class='ocrx_word' id='word_1_689' title='bbox 1677 4251 1780 4290; x_wconf 87' lang='lat' dir='ltr'>verum</span> <span class='ocrx_word' id='word_1_690' title='bbox 1802 4251 1856 4290; x_wconf 91' lang='lat' dir='ltr'>nos</span> <span class='ocrx_word' id='word_1_691' title='bbox 1878 4250 1931 4306; x_wconf 86' lang='lat' dir='ltr'>per</span> <span class='ocrx_word' id='word_1_692' title='bbox 1952 4233 2050 4291; x_wconf 86' lang='lat' dir='ltr'>omnia</span> 
     </span>
     <span class='ocr_line' id='line_1_95' title="bbox 1138 4311 2049 4392; baseline 0.001 -21"><span class='ocrx_word' id='word_1_693' title='bbox 1138 4331 1257 4388; x_wconf 85' lang='lat' dir='ltr'>operam</span> <span class='ocrx_word' id='word_1_694' title='bbox 1279 4319 1398 4392; x_wconf 86' lang='lat' dir='ltr'>demus,</span> <span class='ocrx_word' id='word_1_695' title='bbox 1426 4321 1460 4374; x_wconf 93' lang='lat' dir='ltr'>ut</span> <span class='ocrx_word' id='word_1_696' title='bbox 1486 4319 1646 4378; x_wconf 87' lang='lat' dir='ltr'>communis</span> <span class='ocrx_word' id='word_1_697' title='bbox 1674 4311 1841 4390; x_wconf 72' lang='lat' dir='ltr'>respublica</span> <span class='ocrx_word' id='word_1_698' title='bbox 1870 4319 1971 4392; x_wconf 77' lang='lat' dir='ltr'>magni</span> <span class='ocrx_word' id='word_1_699' title='bbox 1994 4319 2049 4374; x_wconf 85' lang='lat' dir='ltr'>Dei</span> 
     </span>
     <span class='ocr_line' id='line_1_96' title="bbox 1137 4401 2049 4474; baseline 0.001 -19"><span class='ocrx_word' id='word_1_700' title='bbox 1137 4401 1355 4474; x_wconf 77' lang='lat' dir='ltr'>salvatorisque</span> <span class='ocrx_word' id='word_1_701' title='bbox 1374 4402 1468 4460; x_wconf 91' lang='lat' dir='ltr'>nostri</span> <span class='ocrx_word' id='word_1_702' title='bbox 1488 4405 1558 4462; x_wconf 88' lang='lat' dir='ltr'>lesu</span> <span class='ocrx_word' id='word_1_703' title='bbox 1584 4404 1694 4460; x_wconf 80' lang='lat' dir='ltr'>Christi</span> <span class='ocrx_word' id='word_1_704' title='bbox 1716 4404 1896 4459; x_wconf 84' lang='lat' dir='ltr'>humanitate</span> <span class='ocrx_word' id='word_1_705' title='bbox 1922 4417 1976 4472; x_wconf 93' lang='lat' dir='ltr'>per</span> <span class='ocrx_word' id='word_1_706' title='bbox 1996 4416 2049 4456; x_wconf 89' lang='lat' dir='ltr'>re-</span> 
     </span>
     <span class='ocr_line' id='line_1_97' title="bbox 1137 4487 2048 4560; baseline 0.001 -19"><span class='ocrx_word' id='word_1_707' title='bbox 1137 4487 1416 4544; x_wconf 86' lang='lat' dir='ltr'>verendissimorum</span> <span class='ocrx_word' id='word_1_708' title='bbox 1437 4487 1565 4544; x_wconf 89' lang='lat' dir='ltr'>virorum</span> <span class='ocrx_word' id='word_1_709' title='bbox 1587 4489 1741 4560; x_wconf 85' lang='lat' dir='ltr'>puritatem</span> <span class='ocrx_word' id='word_1_710' title='bbox 1761 4490 1940 4560; x_wconf 80' lang='lat' dir='ltr'>perfruatur,</span> <span class='ocrx_word' id='word_1_711' title='bbox 1962 4500 2048 4556; x_wconf 89' lang='lat' dir='ltr'>quam</span> 
     </span>
     <span class='ocr_line' id='line_1_98' title="bbox 1136 4569 2049 4644; baseline -0.001 -19"><span class='ocrx_word' id='word_1_712' title='bbox 1136 4573 1168 4625; x_wconf 85' lang='lat' dir='ltr'>et</span> <span class='ocrx_word' id='word_1_713' title='bbox 1188 4573 1324 4628; x_wconf 87' lang='lat' dir='ltr'>monaolti</span> <span class='ocrx_word' id='word_1_714' title='bbox 1350 4575 1380 4629; x_wconf 84' lang='lat' dir='ltr'>et</span> <span class='ocrx_word' id='word_1_715' title='bbox 1402 4571 1503 4628; x_wconf 77' lang='lat' dir='ltr'>slortei</span> <span class='ocrx_word' id='word_1_716' title='bbox 1533 4577 1562 4627; x_wconf 92' lang='lat' dir='ltr'>et</span> <span class='ocrx_word' id='word_1_717' title='bbox 1584 4574 1716 4644; x_wconf 79' lang='lat' dir='ltr'>episcopi</span> <span class='ocrx_word' id='word_1_718' title='bbox 1744 4575 1870 4630; x_wconf 85' lang='lat' dir='ltr'>maiores</span> <span class='ocrx_word' id='word_1_719' title='bbox 1899 4574 1929 4626; x_wconf 93' lang='lat' dir='ltr'>et</span> <span class='ocrx_word' id='word_1_720' title='bbox 1950 4569 2049 4626; x_wconf 88' lang='lat' dir='ltr'>mino-</span> 
     </span>
     <span class='ocr_line' id='line_1_99' title="bbox 1137 4655 2047 4728; baseline 0.001 -19"><span class='ocrx_word' id='word_1_721' title='bbox 1137 4669 1187 4711; x_wconf 90' lang='lat' dir='ltr'>res</span> <span class='ocrx_word' id='word_1_722' title='bbox 1209 4659 1380 4728; x_wconf 86' lang='lat' dir='ltr'>servabuut,</span> <span class='ocrx_word' id='word_1_723' title='bbox 1407 4672 1557 4716; x_wconf 79' lang='lat' dir='ltr'>suetorum</span> <span class='ocrx_word' id='word_1_724' title='bbox 1584 4673 1729 4716; x_wconf 88' lang='lat' dir='ltr'>canonum</span> <span class='ocrx_word' id='word_1_725' title='bbox 1757 4663 1978 4726; x_wconf 84' lang='lat' dir='ltr'>nostrarumque</span> <span class='ocrx_word' id='word_1_726' title='bbox 1999 4655 2047 4711; x_wconf 88' lang='lat' dir='ltr'>le-</span> 
     </span>
    </p>
   </div>
   <div class='ocr_carea' id='block_1_5' title="bbox 327 5149 2048 5228">
    <p class='ocr_par' dir='ltr' id='par_1_5' title="bbox 327 5149 2048 5228">
     <span class='ocr_line' id='line_1_100' title="bbox 327 5149 2048 5228; baseline 0.009 -30"><span class='ocrx_word' id='word_1_727' title='bbox 327 5150 376 5208; x_wconf 79' lang='lat' dir='ltr'>ou)</span> <span class='ocrx_word' id='word_1_728' title='bbox 392 5167 422 5200; x_wconf 85' lang='grc' dir='ltr'>τε</span> <span class='ocrx_word' id='word_1_729' title='bbox 439 5151 473 5199; x_wconf 85' lang='lat' dir='ltr'>A.</span> <span class='ocrx_word' id='word_1_730' title='bbox 526 5151 572 5210; x_wconf 77' lang='grc'>97)</span> <span class='ocrx_word' id='word_1_731' title='bbox 589 5149 716 5204; x_wconf 84' lang='grc' dir='ltr'>θάλασσα</span> <span class='ocrx_word' id='word_1_732' title='bbox 733 5155 767 5203; x_wconf 84' lang='lat' dir='ltr'>A.</span> <span class='ocrx_word' id='word_1_733' title='bbox 801 5155 848 5214; x_wconf 77' lang='lat' dir='ltr'>oe)</span> <span class='ocrx_word' id='word_1_734' title='bbox 864 5153 897 5204; x_wconf 89' lang='lat' dir='ltr'>F.</span> <span class='ocrx_word' id='word_1_735' title='bbox 914 5155 956 5205; x_wconf 82' lang='lat' dir='ltr'>sic</span> <span class='ocrx_word' id='word_1_736' title='bbox 972 5155 1066 5205; x_wconf 79' lang='lat' dir='ltr'>babet:</span> <span class='ocrx_word' id='word_1_737' title='bbox 1084 5151 1150 5228; x_wconf 80' lang='grc' dir='ltr'>πρὸς</span> <span class='ocrx_word' id='word_1_738' title='bbox 1159 5159 1249 5210; x_wconf 78' lang='grc' dir='ltr'>πᾶσαν</span> <span class='ocrx_word' id='word_1_739' title='bbox 1264 5154 1314 5225; x_wconf 76' lang='grc' dir='ltr'>τὴν</span> <span class='ocrx_word' id='word_1_740' title='bbox 1325 5157 1458 5221; x_wconf 80' lang='grc' dir='ltr'>εύμίνιιαν</span> <span class='ocrx_word' id='word_1_741' title='bbox 1466 5159 1516 5210; x_wconf 84' lang='grc' dir='ltr'>τοῦ</span> <span class='ocrx_word' id='word_1_742' title='bbox 1527 5159 1604 5209; x_wconf 85' lang='grc' dir='ltr'>θεοῦ.</span> <span class='ocrx_word' id='word_1_743' title='bbox 1653 5157 1699 5224; x_wconf 74' lang='lat' dir='ltr'>ost</span> <span class='ocrx_word' id='word_1_744' title='bbox 1715 5161 1751 5210; x_wconf 91' lang='lat' dir='ltr'>A.</span> <span class='ocrx_word' id='word_1_745' title='bbox 1768 5156 1889 5224; x_wconf 76' lang='grc' dir='ltr'>ἀγούσης.</span> <span class='ocrx_word' id='word_1_746' title='bbox 1930 5158 1960 5218; x_wconf 91' lang='grc'>1)</span> <span class='ocrx_word' id='word_1_747' title='bbox 1978 5153 2048 5222; x_wconf 63' lang='grc' dir='ltr'>ἰάσει</span> 
     </span>
    </p>
   </div>
   <div class='ocr_carea' id='block_1_6' title="bbox 157 5213 2048 5890">
    <p class='ocr_par' dir='ltr' id='par_1_6' title="bbox 157 5213 2048 5890">
     <span class='ocr_line' id='line_1_101' title="bbox 167 5213 2047 5297; baseline 0.004 -29"><span class='ocrx_word' id='word_1_748' title='bbox 167 5225 234 5270; x_wconf 84' lang='lat' dir='ltr'>tres</span> <span class='ocrx_word' id='word_1_749' title='bbox 242 5215 339 5296; x_wconf 62' lang='lat' dir='ltr'>Parta,</span> <span class='ocrx_word' id='word_1_750' title='bbox 355 5219 425 5266; x_wconf 85' lang='lat' dir='ltr'><strong>Mon.</strong></span> <span class='ocrx_word' id='word_1_751' title='bbox 437 5213 508 5285; x_wconf 63' lang='grc' dir='ltr'>ἐάσῃ.</span> <span class='ocrx_word' id='word_1_752' title='bbox 526 5219 621 5268; x_wconf 76' lang='lat' dir='ltr'>Recte.</span> <span class='ocrx_word' id='word_1_753' title='bbox 654 5220 781 5285; x_wconf 80' lang='grc' dir='ltr'>2)ἐκει’νῳ</span> <span class='ocrx_word' id='word_1_754' title='bbox 794 5222 827 5270; x_wconf 98' lang='lat' dir='ltr'>A.</span> <span class='ocrx_word' id='word_1_755' title='bbox 863 5223 892 5279; x_wconf 80' lang='lat'>³)</span> <span class='ocrx_word' id='word_1_756' title='bbox 910 5218 1097 5291; x_wconf 78' lang='grc' dir='ltr'>όσιοτέρωνῦ.,</span> <span class='ocrx_word' id='word_1_757' title='bbox 1115 5222 1273 5297; x_wconf 80' lang='grc' dir='ltr'>ούσιωτέρων</span> <span class='ocrx_word' id='word_1_758' title='bbox 1283 5229 1319 5277; x_wconf 92' lang='lat' dir='ltr'>A.</span> <span class='ocrx_word' id='word_1_759' title='bbox 1352 5227 1382 5285; x_wconf 78' lang='grc'>4)</span> <span class='ocrx_word' id='word_1_760' title='bbox 1401 5227 1430 5277; x_wconf 85' lang='lat' dir='ltr'>G.</span> <span class='ocrx_word' id='word_1_761' title='bbox 1447 5227 1479 5276; x_wconf 90' lang='lat' dir='ltr'>F.</span> <span class='ocrx_word' id='word_1_762' title='bbox 1495 5244 1534 5275; x_wconf 83' lang='grc' dir='ltr'>τε.</span> <span class='ocrx_word' id='word_1_763' title='bbox 1574 5229 1605 5285; x_wconf 77' lang='grc' dir='ltr'>ὅ)</span> <span class='ocrx_word' id='word_1_764' title='bbox 1622 5229 1667 5277; x_wconf 80' lang='lat' dir='ltr'>Sic</span> <span class='ocrx_word' id='word_1_765' title='bbox 1685 5230 1735 5290; x_wconf 78' lang='lat' dir='ltr'>A.;</span> <span class='ocrx_word' id='word_1_766' title='bbox 1753 5229 1850 5291; x_wconf 84' lang='lat' dir='ltr'>reliqui</span> <span class='ocrx_word' id='word_1_767' title='bbox 1865 5227 2047 5292; x_wconf 76' lang='grc' dir='ltr'>νετομήκαμεν.</span> 
     </span>
     <span class='ocr_line' id='line_1_102' title="bbox 164 5282 2048 5366; baseline 0.003 -30"><span class='ocrx_word' id='word_1_768' title='bbox 164 5289 202 5344; x_wconf 82' lang='grc'>6)</span> <span class='ocrx_word' id='word_1_769' title='bbox 222 5301 354 5346; x_wconf 69' lang='lat' dir='ltr'>uouemere</span> <span class='ocrx_word' id='word_1_770' title='bbox 369 5282 420 5349; x_wconf 68' lang='grc' dir='ltr'>μὴν</span> <span class='ocrx_word' id='word_1_771' title='bbox 437 5283 468 5334; x_wconf 81' lang='lat' dir='ltr'>G.</span> <span class='ocrx_word' id='word_1_772' title='bbox 535 5286 566 5342; x_wconf 83' lang='grc'>’7)</span> <span class='ocrx_word' id='word_1_773' title='bbox 583 5283 765 5366; x_wconf 77' lang='grc' dir='ltr'>φμλάττεσθαι</span> <span class='ocrx_word' id='word_1_774' title='bbox 781 5290 847 5337; x_wconf 82' lang='grc' dir='ltr'>πᾶσι</span> <span class='ocrx_word' id='word_1_775' title='bbox 864 5288 896 5338; x_wconf 93' lang='lat' dir='ltr'>F.</span> <span class='ocrx_word' id='word_1_776' title='bbox 968 5289 998 5347; x_wconf 86' lang='grc'>8]</span> <span class='ocrx_word' id='word_1_777' title='bbox 1015 5295 1060 5348; x_wconf 72' lang='grc' dir='ltr'>τις</span> <span class='ocrx_word' id='word_1_778' title='bbox 1073 5291 1102 5341; x_wconf 76' lang='lat' dir='ltr'>C·</span> <span class='ocrx_word' id='word_1_779' title='bbox 1187 5296 1218 5351; x_wconf 80' lang='grc' dir='ltr'>θ)</span> <span class='ocrx_word' id='word_1_780' title='bbox 1234 5294 1393 5364; x_wconf 83' lang='grc' dir='ltr'>πραιτορίων</span> <span class='ocrx_word' id='word_1_781' title='bbox 1409 5294 1440 5344; x_wconf 86' lang='lat' dir='ltr'>G.</span> <span class='ocrx_word' id='word_1_782' title='bbox 1513 5293 1559 5352; x_wconf 84' lang='lat'>10)</span> <span class='ocrx_word' id='word_1_783' title='bbox 1577 5295 1620 5345; x_wconf 78' lang='grc' dir='ltr'>καὶ</span> <span class='ocrx_word' id='word_1_784' title='bbox 1636 5293 1786 5360; x_wconf 68' lang='grc' dir='ltr'>μηκύνεσθαι</span> <span class='ocrx_word' id='word_1_785' title='bbox 1804 5297 1834 5346; x_wconf 80' lang='lat' dir='ltr'>G.</span> <span class='ocrx_word' id='word_1_786' title='bbox 1908 5295 1953 5354; x_wconf 88' lang='grc'>11)</span> <span class='ocrx_word' id='word_1_787' title='bbox 1971 5297 2002 5344; x_wconf 92' lang='lat' dir='ltr'>A.</span> <span class='ocrx_word' id='word_1_788' title='bbox 2020 5299 2048 5342; x_wconf 84' lang='lat' dir='ltr'>et</span> 
     </span>
     <span class='ocr_line' id='line_1_103' title="bbox 161 5351 2048 5430; baseline 0.006 -30"><span class='ocrx_word' id='word_1_789' title='bbox 161 5355 202 5405; x_wconf 74' lang='lat' dir='ltr'>li.</span> <span class='ocrx_word' id='word_1_790' title='bbox 225 5351 323 5401; x_wconf 84' lang='lat' dir='ltr'>babent</span> <span class='ocrx_word' id='word_1_791' title='bbox 338 5353 428 5410; x_wconf 81' lang='grc' dir='ltr'>τοῦτο,</span> <span class='ocrx_word' id='word_1_792' title='bbox 450 5351 547 5414; x_wconf 86' lang='lat' dir='ltr'>reliqui</span> <span class='ocrx_word' id='word_1_793' title='bbox 563 5369 656 5418; x_wconf 82' lang='grc' dir='ltr'>τοοτῳ.</span> <span class='ocrx_word' id='word_1_794' title='bbox 715 5353 761 5414; x_wconf 81' lang='grc'>12)</span> <span class='ocrx_word' id='word_1_795' title='bbox 777 5357 838 5404; x_wconf 87' lang='lat' dir='ltr'>Vox</span> <span class='ocrx_word' id='word_1_796' title='bbox 854 5352 997 5405; x_wconf 73' lang='grc' dir='ltr'>ὁσιώτατον</span> <span class='ocrx_word' id='word_1_797' title='bbox 1013 5360 1041 5406; x_wconf 88' lang='lat' dir='ltr'>iu</span> <span class='ocrx_word' id='word_1_798' title='bbox 1059 5359 1144 5408; x_wconf 85' lang='lat' dir='ltr'>tribus</span> <span class='ocrx_word' id='word_1_799' title='bbox 1159 5361 1244 5412; x_wconf 85' lang='lat' dir='ltr'>Paris.</span> <span class='ocrx_word' id='word_1_800' title='bbox 1263 5363 1347 5412; x_wconf 87' lang='lat' dir='ltr'>deest.</span> <span class='ocrx_word' id='word_1_801' title='bbox 1423 5361 1471 5420; x_wconf 78' lang='grc'>13)</span> <span class='ocrx_word' id='word_1_802' title='bbox 1497 5378 1525 5410; x_wconf 84' lang='grc' dir='ltr'>τε</span> <span class='ocrx_word' id='word_1_803' title='bbox 1543 5364 1577 5411; x_wconf 83' lang='grc' dir='ltr'>Δ.</span> <span class='ocrx_word' id='word_1_804' title='bbox 1595 5363 1625 5412; x_wconf 85' lang='lat' dir='ltr'>C.</span> <span class='ocrx_word' id='word_1_805' title='bbox 1682 5363 1745 5422; x_wconf 84' lang='grc' dir='ltr'>13ει)</span> <span class='ocrx_word' id='word_1_806' title='bbox 1763 5365 1816 5413; x_wconf 91' lang='lat' dir='ltr'>Pro</span> <span class='ocrx_word' id='word_1_807' title='bbox 1833 5359 1885 5413; x_wconf 84' lang='grc' dir='ltr'>ὑπὸ</span> <span class='ocrx_word' id='word_1_808' title='bbox 1902 5363 1956 5422; x_wconf 71' lang='lat' dir='ltr'>leg.</span> <span class='ocrx_word' id='word_1_809' title='bbox 1975 5359 2048 5430; x_wconf 71' lang='grc' dir='ltr'>πρὸς,</span> 
     </span>
     <span class='ocr_line' id='line_1_104' title="bbox 163 5419 2047 5498; baseline 0.004 -28"><span class='ocrx_word' id='word_1_810' title='bbox 163 5427 201 5472; x_wconf 83' lang='lat' dir='ltr'>ut</span> <span class='ocrx_word' id='word_1_811' title='bbox 222 5421 303 5498; x_wconf 55' lang='lat' dir='ltr'>qubet</span> <span class='ocrx_word' id='word_1_812' title='bbox 320 5423 463 5468; x_wconf 77' lang='lat' dir='ltr'>contextus</span> <span class='ocrx_word' id='word_1_813' title='bbox 479 5419 617 5468; x_wconf 78' lang='lat' dir='ltr'>novettae.</span> <span class='ocrx_word' id='word_1_814' title='bbox 668 5419 717 5482; x_wconf 77' lang='lat'>14)</span> <span class='ocrx_word' id='word_1_815' title='bbox 734 5422 802 5471; x_wconf 70' lang='lat' dir='ltr'>&#39;1¹1‘oe</span> <span class='ocrx_word' id='word_1_816' title='bbox 819 5423 904 5472; x_wconf 82' lang='lat' dir='ltr'>Paris.</span> <span class='ocrx_word' id='word_1_817' title='bbox 922 5420 973 5481; x_wconf 80' lang='grc' dir='ltr'>ὑφ’</span> <span class='ocrx_word' id='word_1_818' title='bbox 991 5421 1100 5483; x_wconf 72' lang='grc' dir='ltr'>ἑαυτούς</span> <span class='ocrx_word' id='word_1_819' title='bbox 1124 5431 1295 5490; x_wconf 73' lang='grc' dir='ltr'>τεταγμένους</span> <span class='ocrx_word' id='word_1_820' title='bbox 1311 5429 1512 5495; x_wconf 84' lang='grc' dir='ltr'>μητροπολίτας.</span> <span class='ocrx_word' id='word_1_821' title='bbox 1584 5430 1632 5488; x_wconf 83' lang='grc'>15)</span> <span class='ocrx_word' id='word_1_822' title='bbox 1648 5431 1701 5480; x_wconf 88' lang='lat' dir='ltr'>Pro</span> <span class='ocrx_word' id='word_1_823' title='bbox 1718 5428 1806 5488; x_wconf 79' lang='grc' dir='ltr'>ἄλλοις</span> <span class='ocrx_word' id='word_1_824' title='bbox 1825 5433 1857 5480; x_wconf 93' lang='lat' dir='ltr'>A.</span> <span class='ocrx_word' id='word_1_825' title='bbox 1875 5431 1954 5478; x_wconf 80' lang='lat' dir='ltr'>habet</span> <span class='ocrx_word' id='word_1_826' title='bbox 1970 5425 2047 5488; x_wconf 83' lang='grc' dir='ltr'>ὅλοις.</span> 
     </span>
     <span class='ocr_line' id='line_1_105' title="bbox 161 5485 2047 5560; baseline 0.005 -24"><span class='ocrx_word' id='word_1_827' title='bbox 161 5491 218 5545; x_wconf 81' lang='grc'>16)</span> <span class='ocrx_word' id='word_1_828' title='bbox 237 5503 337 5535; x_wconf 81' lang='grc' dir='ltr'>αντασιν</span> <span class='ocrx_word' id='word_1_829' title='bbox 355 5485 384 5537; x_wconf 80' lang='lat' dir='ltr'>G.</span> <span class='ocrx_word' id='word_1_830' title='bbox 402 5487 434 5535; x_wconf 88' lang='lat' dir='ltr'>F.</span> <span class='ocrx_word' id='word_1_831' title='bbox 468 5487 515 5544; x_wconf 86' lang='grc'>17)</span> <span class='ocrx_word' id='word_1_832' title='bbox 532 5485 688 5538; x_wconf 81' lang='grc' dir='ltr'>διαδάσοοσι</span> <span class='ocrx_word' id='word_1_833' title='bbox 704 5491 778 5538; x_wconf 83' lang='lat' dir='ltr'>lilott.</span> <span class='ocrx_word' id='word_1_834' title='bbox 821 5491 869 5549; x_wconf 80' lang='lat' dir='ltr'>ts)</span> <span class='ocrx_word' id='word_1_835' title='bbox 885 5493 948 5541; x_wconf 81' lang='lat' dir='ltr'>Vox</span> <span class='ocrx_word' id='word_1_836' title='bbox 963 5493 1050 5542; x_wconf 83' lang='grc' dir='ltr'>ταῦτα</span> <span class='ocrx_word' id='word_1_837' title='bbox 1072 5495 1146 5546; x_wconf 80' lang='lat' dir='ltr'>deest</span> <span class='ocrx_word' id='word_1_838' title='bbox 1168 5499 1196 5545; x_wconf 87' lang='lat' dir='ltr'>iu</span> <span class='ocrx_word' id='word_1_839' title='bbox 1213 5497 1245 5546; x_wconf 88' lang='lat' dir='ltr'>F.</span> <span class='ocrx_word' id='word_1_840' title='bbox 1280 5496 1382 5546; x_wconf 82' lang='lat' dir='ltr'>contra</span> <span class='ocrx_word' id='word_1_841' title='bbox 1399 5500 1454 5546; x_wconf 82' lang='lat' dir='ltr'>ires</span> <span class='ocrx_word' id='word_1_842' title='bbox 1470 5497 1555 5548; x_wconf 81' lang='lat' dir='ltr'>Parta.</span> <span class='ocrx_word' id='word_1_843' title='bbox 1573 5504 1634 5560; x_wconf 82' lang='lat' dir='ltr'>post</span> <span class='ocrx_word' id='word_1_844' title='bbox 1651 5496 1797 5548; x_wconf 86' lang='grc' dir='ltr'>ἐπισκόπων</span> <span class='ocrx_word' id='word_1_845' title='bbox 1816 5498 1915 5548; x_wconf 85' lang='lat' dir='ltr'>addunt</span> <span class='ocrx_word' id='word_1_846' title='bbox 1931 5493 2047 5548; x_wconf 78' lang='grc' dir='ltr'>ἅπαντα.</span> 
     </span>
     <span class='ocr_line' id='line_1_106' title="bbox 157 5553 2047 5626; baseline 0.007 -22"><span class='ocrx_word' id='word_1_847' title='bbox 157 5559 220 5613; x_wconf 69' lang='grc'>19)</span> <span class='ocrx_word' id='word_1_848' title='bbox 237 5555 310 5604; x_wconf 80' lang='lat' dir='ltr'><strong>Mon.</strong></span> <span class='ocrx_word' id='word_1_849' title='bbox 328 5553 504 5624; x_wconf 77' lang='grc' dir='ltr'>περιτῆρηοιν.</span> <span class='ocrx_word' id='word_1_850' title='bbox 564 5556 612 5613; x_wconf 78' lang='grc'>20)</span> <span class='ocrx_word' id='word_1_851' title='bbox 631 5557 684 5606; x_wconf 84' lang='lat' dir='ltr'>Pro</span> <span class='ocrx_word' id='word_1_852' title='bbox 695 5554 776 5617; x_wconf 89' lang='grc' dir='ltr'>μόνον</span> <span class='ocrx_word' id='word_1_853' title='bbox 791 5559 823 5608; x_wconf 91' lang='lat' dir='ltr'>F.</span> <span class='ocrx_word' id='word_1_854' title='bbox 840 5559 920 5608; x_wconf 79' lang='lat' dir='ltr'>habet</span> <span class='ocrx_word' id='word_1_855' title='bbox 935 5557 1028 5620; x_wconf 86' lang='grc' dir='ltr'>μόνων.</span> <span class='ocrx_word' id='word_1_856' title='bbox 1095 5563 1143 5622; x_wconf 88' lang='grc'>21)</span> <span class='ocrx_word' id='word_1_857' title='bbox 1162 5561 1360 5626; x_wconf 77' lang='grc' dir='ltr'>θεοιςιλεστάτιρ</span> <span class='ocrx_word' id='word_1_858' title='bbox 1386 5568 1443 5613; x_wconf 84' lang='lat' dir='ltr'>tres</span> <span class='ocrx_word' id='word_1_859' title='bbox 1463 5565 1549 5614; x_wconf 71' lang='lat' dir='ltr'>Puris</span> <span class='ocrx_word' id='word_1_860' title='bbox 1613 5565 1662 5623; x_wconf 78' lang='lat'>22)</span> <span class='ocrx_word' id='word_1_861' title='bbox 1678 5565 1755 5616; x_wconf 86' lang='grc' dir='ltr'>ὁσίων</span> <span class='ocrx_word' id='word_1_862' title='bbox 1776 5566 1811 5614; x_wconf 90' lang='lat' dir='ltr'>A.</span> <span class='ocrx_word' id='word_1_863' title='bbox 1832 5566 1862 5615; x_wconf 84' lang='lat' dir='ltr'>C.</span> <span class='ocrx_word' id='word_1_864' title='bbox 1923 5566 1969 5624; x_wconf 75' lang='grc'>23)</span> <span class='ocrx_word' id='word_1_865' title='bbox 1986 5566 2047 5617; x_wconf 85' lang='grc' dir='ltr'>ἐπε·</span> 
     </span>
     <span class='ocr_line' id='line_1_107' title="bbox 162 5618 2046 5702; baseline 0.006 -30"><span class='ocrx_word' id='word_1_866' title='bbox 162 5627 243 5682; x_wconf 69' lang='grc' dir='ltr'>δοῖεν</span> <span class='ocrx_word' id='word_1_867' title='bbox 260 5621 289 5671; x_wconf 87' lang='lat' dir='ltr'>C.</span> <span class='ocrx_word' id='word_1_868' title='bbox 307 5622 341 5702; x_wconf 63' lang='lat' dir='ltr'>F,</span> <span class='ocrx_word' id='word_1_869' title='bbox 424 5621 473 5678; x_wconf 78' lang='grc'>24)</span> <span class='ocrx_word' id='word_1_870' title='bbox 490 5622 520 5672; x_wconf 86' lang='lat' dir='ltr'>G·</span> <span class='ocrx_word' id='word_1_871' title='bbox 538 5618 670 5692; x_wconf 70' lang='grc' dir='ltr'>ἄρχουσιν.</span> <span class='ocrx_word' id='word_1_872' title='bbox 755 5625 801 5684; x_wconf 80' lang='grc'>25)</span> <span class='ocrx_word' id='word_1_873' title='bbox 817 5624 1001 5686; x_wconf 85' lang='grc' dir='ltr'>μανθάνουσιν</span> <span class='ocrx_word' id='word_1_874' title='bbox 1011 5627 1041 5678; x_wconf 79' lang='lat' dir='ltr'><strong>G.</strong></span> <span class='ocrx_word' id='word_1_875' title='bbox 1118 5633 1167 5688; x_wconf 74' lang='lat'>26)</span> <span class='ocrx_word' id='word_1_876' title='bbox 1185 5631 1224 5693; x_wconf 84' lang='grc' dir='ltr'>εἴη</span> <span class='ocrx_word' id='word_1_877' title='bbox 1242 5631 1318 5678; x_wconf 85' lang='lat' dir='ltr'>deest</span> <span class='ocrx_word' id='word_1_878' title='bbox 1335 5633 1362 5679; x_wconf 85' lang='lat' dir='ltr'>iu</span> <span class='ocrx_word' id='word_1_879' title='bbox 1380 5632 1413 5680; x_wconf 93' lang='lat' dir='ltr'><strong>A.</strong></span> <span class='ocrx_word' id='word_1_880' title='bbox 1432 5631 1477 5694; x_wconf 84' lang='lat' dir='ltr'>G.;</span> <span class='ocrx_word' id='word_1_881' title='bbox 1499 5633 1595 5694; x_wconf 81' lang='lat' dir='ltr'>reliqui</span> <span class='ocrx_word' id='word_1_882' title='bbox 1613 5635 1710 5683; x_wconf 77' lang='lat' dir='ltr'>habeut</span> <span class='ocrx_word' id='word_1_883' title='bbox 1727 5629 1752 5698; x_wconf 71' lang='grc' dir='ltr'>η’.</span> <span class='ocrx_word' id='word_1_884' title='bbox 1829 5635 1877 5692; x_wconf 85' lang='grc'>27)</span> <span class='ocrx_word' id='word_1_885' title='bbox 1893 5632 1999 5684; x_wconf 83' lang='grc' dir='ltr'>κανόσιν</span> <span class='ocrx_word' id='word_1_886' title='bbox 2016 5633 2046 5687; x_wconf 80' lang='lat'>0.</span> 
     </span>
     <span class='ocr_line' id='line_1_108' title="bbox 159 5690 2047 5765; baseline 0.006 -25"><span class='ocrx_word' id='word_1_887' title='bbox 159 5693 219 5748; x_wconf 79' lang='grc'>28)</span> <span class='ocrx_word' id='word_1_888' title='bbox 236 5691 299 5739; x_wconf 71' lang='lat' dir='ltr'>Vox</span> <span class='ocrx_word' id='word_1_889' title='bbox 315 5707 362 5738; x_wconf 89' lang='grc' dir='ltr'>τον</span> <span class='ocrx_word' id='word_1_890' title='bbox 379 5690 455 5739; x_wconf 79' lang='lat' dir='ltr'>deest</span> <span class='ocrx_word' id='word_1_891' title='bbox 471 5693 499 5738; x_wconf 90' lang='lat' dir='ltr'>ln</span> <span class='ocrx_word' id='word_1_892' title='bbox 519 5693 549 5739; x_wconf 95' lang='lat' dir='ltr'>A.</span> <span class='ocrx_word' id='word_1_893' title='bbox 600 5693 649 5748; x_wconf 79' lang='grc'>29)</span> <span class='ocrx_word' id='word_1_894' title='bbox 665 5693 752 5742; x_wconf 84' lang='lat' dir='ltr'>Paris.</span> <span class='ocrx_word' id='word_1_895' title='bbox 770 5696 801 5742; x_wconf 93' lang='lat' dir='ltr'>A.</span> <span class='ocrx_word' id='word_1_896' title='bbox 819 5695 848 5744; x_wconf 83' lang='lat' dir='ltr'>C.</span> <span class='ocrx_word' id='word_1_897' title='bbox 866 5693 976 5752; x_wconf 80' lang='grc' dir='ltr'>δικαίως.</span> <span class='ocrx_word' id='word_1_898' title='bbox 1003 5698 1033 5746; x_wconf 87' lang='lat' dir='ltr'>ln</span> <span class='ocrx_word' id='word_1_899' title='bbox 1051 5697 1082 5747; x_wconf 88' lang='lat' dir='ltr'>F.</span> <span class='ocrx_word' id='word_1_900' title='bbox 1101 5697 1183 5746; x_wconf 82' lang='lat' dir='ltr'>verba</span> <span class='ocrx_word' id='word_1_901' title='bbox 1198 5695 1382 5753; x_wconf 82' lang='grc' dir='ltr'>φυλάττεσθαι</span> <span class='ocrx_word' id='word_1_902' title='bbox 1399 5697 1504 5750; x_wconf 78' lang='grc' dir='ltr'>δικαίων</span> <span class='ocrx_word' id='word_1_903' title='bbox 1515 5697 1702 5764; x_wconf 75' lang='grc' dir='ltr'>ἀμελουμένων,</span> <span class='ocrx_word' id='word_1_904' title='bbox 1718 5697 1777 5751; x_wconf 75' lang='grc' dir='ltr'>ἀλλ’</span> <span class='ocrx_word' id='word_1_905' title='bbox 1796 5697 1867 5765; x_wconf 79' lang='grc' dir='ltr'>ἡμῶν</span> <span class='ocrx_word' id='word_1_906' title='bbox 1883 5697 1927 5750; x_wconf 82' lang='grc' dir='ltr'>διὰ</span> <span class='ocrx_word' id='word_1_907' title='bbox 1944 5699 2047 5752; x_wconf 82' lang='grc' dir='ltr'>πάντων</span> 
     </span>
     <span class='ocr_line' id='line_1_109' title="bbox 159 5753 2048 5875; baseline 0.005 -66"><span class='ocrx_word' id='word_1_908' title='bbox 159 5761 278 5874; x_wconf 68' lang='grc' dir='ltr'>ἀθειεηί.</span> <span class='ocrx_word' id='word_1_909' title='bbox 329 5759 378 5875; x_wconf 57' lang='lat'>³0¹)</span> <span class='ocrx_word' id='word_1_910' title='bbox 395 5759 449 5838; x_wconf 77' lang='lat' dir='ltr'>Pro</span> <span class='ocrx_word' id='word_1_911' title='bbox 467 5753 499 5824; x_wconf 79' lang='grc' dir='ltr'>ἢν</span> <span class='ocrx_word' id='word_1_912' title='bbox 516 5760 549 5808; x_wconf 85' lang='lat' dir='ltr'>A.</span> <span class='ocrx_word' id='word_1_913' title='bbox 568 5759 648 5808; x_wconf 81' lang='lat' dir='ltr'>tabet</span> <span class='ocrx_word' id='word_1_914' title='bbox 666 5755 691 5826; x_wconf 82' lang='grc' dir='ltr'>ἦ.</span> <span class='ocrx_word' id='word_1_915' title='bbox 748 5759 794 5820; x_wconf 77' lang='grc'>31)</span> <span class='ocrx_word' id='word_1_916' title='bbox 811 5763 873 5812; x_wconf 78' lang='lat' dir='ltr'>Vox</span> <span class='ocrx_word' id='word_1_917' title='bbox 890 5761 932 5814; x_wconf 81' lang='lat' dir='ltr'>aui</span> <span class='ocrx_word' id='word_1_918' title='bbox 956 5766 985 5814; x_wconf 86' lang='lat' dir='ltr'>in</span> <span class='ocrx_word' id='word_1_919' title='bbox 1001 5765 1037 5814; x_wconf 76' lang='lat' dir='ltr'>A.</span> <span class='ocrx_word' id='word_1_920' title='bbox 1054 5765 1139 5814; x_wconf 81' lang='lat' dir='ltr'>deest.</span> <span class='ocrx_word' id='word_1_921' title='bbox 1173 5763 1246 5814; x_wconf 82' lang='lat' dir='ltr'>Idem</span> <span class='ocrx_word' id='word_1_922' title='bbox 1262 5763 1307 5814; x_wconf 76' lang='grc' dir='ltr'>καί</span> <span class='ocrx_word' id='word_1_923' title='bbox 1323 5765 1437 5836; x_wconf 81' lang='grc' dir='ltr'>κληρικοὶ</span> <span class='ocrx_word' id='word_1_924' title='bbox 1453 5767 1498 5818; x_wconf 79' lang='grc' dir='ltr'>καί</span> <span class='ocrx_word' id='word_1_925' title='bbox 1513 5768 1633 5832; x_wconf 55' lang='lat' dir='ltr'>parazol.</span> <span class='ocrx_word' id='word_1_926' title='bbox 1701 5771 1751 5828; x_wconf 77' lang='lat'>³2)</span> <span class='ocrx_word' id='word_1_927' title='bbox 1767 5771 1921 5834; x_wconf 83' lang='grc' dir='ltr'>μεμνημένοι</span> <span class='ocrx_word' id='word_1_928' title='bbox 1939 5771 1983 5836; x_wconf 79' lang='lat' dir='ltr'>A,</span> <span class='ocrx_word' id='word_1_929' title='bbox 2000 5787 2048 5830; x_wconf 79' lang='grc' dir='ltr'>με·</span> 
     </span>
     <span class='ocr_line' id='line_1_110' title="bbox 158 5839 1987 5890; baseline 0.005 -16"><span class='ocrx_word' id='word_1_930' title='bbox 158 5843 245 5890; x_wconf 75' lang='grc' dir='ltr'>μνημ</span> <span class='ocrx_word' id='word_1_931' title='bbox 258 5842 308 5876; x_wconf 72' lang='lat' dir='ltr'>vutv</span> <span class='ocrx_word' id='word_1_932' title='bbox 328 5839 358 5878; x_wconf 85' lang='lat' dir='ltr'>re</span> <span class='ocrx_word' id='word_1_933' title='bbox 371 5839 433 5890; x_wconf 78' lang='lat' dir='ltr'>lqtu.</span> <span class='ocrx_word' id='word_1_934' title='bbox 1984 5877 1987 5884; x_wconf 78' lang='grc'>,</span> 
     </span>
    </p>
   </div>
   <div class='ocr_carea' id='block_1_7' title="bbox 0 0 2384 7042">
    <p class='ocr_par' dir='ltr' id='par_1_7' title="bbox 0 0 2384 7042">
     <span class='ocr_line' id='line_1_111' title="bbox 0 0 2384 7042; baseline 0 2"><span class='ocrx_word' id='word_1_935' title='bbox 0 0 2384 7042; x_wconf 95' lang='lat' dir='ltr'> </span> 
     </span>
    </p>
   </div>
  </div>
 </body>
</html>
