4864 7070
931 567 1167 640 CAPUT
1212 571 1272 640 ΠΙ.
1815 642 1820 655 ,
1944 594 2046 640 xxxix

181 761 274 848 ώστῃ.
318 759 409 844 Quae
431 758 579 849 quamvis
601 777 666 826 non
687 758 785 846 plane
812 759 1011 826 conveniant
1031 777 1101 824 cum
1123 758 1296 826 Athanasii
1324 760 1374 826 tit.
1405 755 1442 826 9.
1475 763 1579 826 coust.
1601 755 1651 848 2,
1673 763 1781 826 tameo
1803 759 1879 826 iliud
1908 767 2046 848 apparet

181 884 220 932 11
242 864 303 931 boc
324 863 416 951 qraasi
446 861 582 949 quodam
610 861 699 928 sonte
721 880 798 927 esse
819 859 968 926 deducta.

327 965 392 1030 Tit.
417 962 480 1027 31.
502 961 557 1028 111.
582 959 671 1027 117.
694 961 734 1028 Β.
768 959 813 1044 μι)
835 958 1047 1044 ὑπερβαινέτω
1068 959 1126 1028 τὸν
1147 957 1297 1024 ἐνιαυτόν
1318 958 1337 1038 ἡ
1358 967 1525 1042 κινουμένη
1547 961 1619 1038 deira
1640 957 1803 1045 προφάσει
1824 963 1883 1028 τοῦ
1903 957 1947 1042 μὴ
1969 965 2044 1040 πλη-

178 1066 324 1151 ρωθῆναι
344 1060 388 1128 τά
408 1063 643 1147 βεβουλευμένα
663 1065 709 1146 τῷ
730 1059 916 1148 τιστάτωρι.
961 1061 1055 1129 llaec
1077 1071 1154 1130 suot
1176 1083 1220 1130 ex
1241 1061 1414 1127 Athanasii
1437 1061 1486 1126 tit.
1511 1059 1545 1130 5.
1571 1069 1673 1148 parat.
1695 1061 1730 1150 S.
1757 1061 1818 1126 15.
1841 1063 1999 1129 desumta.

326 1165 472 1230 liabetur
493 1163 580 1229 aliud
605 1182 710 1248 genus
732 1163 871 1250 procbiri
899 1181 943 1228 ex
962 1163 1035 1229 aliis
1063 1166 1142 1230 iuris
1163 1163 1303 1229 sontibus
1331 1161 1515 1246 interpolati
1544 1163 1578 1227 in
1599 1160 1722 1250 codice,
1751 1165 1804 1250 qui
1827 1165 1914 1228 iuter
1945 1161 2045 1228 libros

175 1265 373 1334 Bodleiauae
402 1263 633 1352 bibliothecae,
667 1284 751 1352 quae
774 1261 893 1330 0xooii
920 1271 992 1354 est,
1022 1285 1152 1332 numero
1182 1259 1300 1330 3399.
1327 1264 1477 1348 signatus
1505 1261 1651 1328 babetur.
1718 1262 1756 1328 ln
1786 1285 1825 1330 1ο
1855 1265 1936 1330 libro
1972 1283 2045 1350 per·

175 1367 273 1435 molta
301 1386 344 1432 ex
382 1365 606 1430 Athanasiaoo
641 1385 742 1453 opere
776 1371 909 1453 recepta
937 1371 1013 1430 suot
1047 1373 1082 1432 ot
1118 1386 1176 1432 suo
1211 1382 1356 1452 quaeque
1386 1362 1499 1429 ordine
1533 1363 1672 1448 digesta.
1729 1362 1800 1430 Sed
1828 1383 1898 1432 cunr
1920 1364 1961 1431 de
1985 1367 2046 1432 boc

177 1469 254 1534 iuris
276 1467 397 1534 Gracci
425 1465 518 1552 quasi
547 1463 683 1552 quodam
711 1465 866 1532 thesauro
898 1466 982 1532 inira
1012 1467 1111 1532 latius
1132 1466 1275 1532 dicturus
1297 1465 1368 1550 sim,
1390 1463 1442 1528 ubi
1464 1463 1505 1528 de
1526 1464 1691 1530 codicibus
1712 1467 1949 1555 manuscriptis,
1970 1467 2044 1552 ιμιί-

177 1570 233 1634 bus
270 1569 303 1634 iu
325 1568 551 1634 athanasiana
578 1583 677 1652 opere
704 1565 833 1634 edendo
862 1587 941 1634 usus
968 1566 1096 1653 inerim,
1126 1567 1229 1634 verba
1249 1566 1338 1654 licut,
1359 1565 1419 1630 abs
1441 1583 1477 1631 re
1497 1563 1634 1632 alienum
1656 1585 1732 1632 esse
1754 1567 1903 1653 arbitror,
1924 1567 1958 1634 in
1980 1567 2043 1634 bac

180 1688 212 1736 re
232 1688 285 1736 ure
309 1668 415 1736 videri
436 1687 514 1736 esse
534 1666 677 1736 multum.

788 1887 848 1954 iv.
891 1885 1042 1954 Basilica
1068 1905 1248 1974 eorumque
1282 1885 1421 1952 scholia.

325 2055 511 2142 Sexaginta
538 2055 752 2122 Basilicorom
778 2055 880 2123 libros
906 2075 926 2122 a
947 2055 1077 2122 Basilio
1105 2055 1296 2122 Macedone
1322 2055 1489 2122 coniectos
1518 2054 1688 2142 editosque
1716 2075 1793 2122 csse
1825 2061 1903 2122 aute
1925 2076 2041 2122 anuum

178 2155 265 2226 779.
288 2181 319 2246 p.
342 2159 418 2225 Chr.
442 2179 486 2238 1.,
508 2159 580 2244 ipse
602 2156 745 2223 Basilius
767 2155 864 2222 docet
884 2159 917 2224 io
939 2157 1140 2244 praefatione
1158 2157 1312 2241 preclari
1331 2155 1383 2222 ed.
1400 2157 1508 2222 Beitai
1531 2164 1606 2222 tom.
1631 2153 1722 2222 viii.
1738 2157 1841 2223 Tires.
1855 2157 2042 2223 ltleerman-

177 2261 261 2328 niani
282 2283 315 2348 p.
336 2257 458 2326 11111
478 2265 624 2342 μέντοιγε
645 2259 830 2322 συνεστῶτα
850 2261 914 2324 τῶν
936 2260 1080 2324 παλαιάν
1102 2256 1209 2340 νόμων
1236 2265 1269 2322 ἐν
1301 2259 1346 2340 τῷ
1375 2262 1482 2340 οἰκείῳ
1510 2256 1650 2340 σχήματι
1676 2255 1835 2340 μενόντων
1863 2267 1896 2324 ἐν
1925 2264 2042 2342 ἑτέροις

175 2359 325 2441 ἐξήκοντα
352 2361 489 2445 βιβλίοις
516 2356 799 2439 καθυπετάξαμιν,
822 2371 891 2436 τοῖς
911 2362 1117 2444 βουλομένοις
1146 2359 1286 2436 σπουδὴν
1314 2361 1370 2424 καί
1397 2361 1467 2446 περὶ
1494 2357 1552 2436 τὴν
1579 2361 1698 2442 puriora
1725 2361 1781 2423 καί
1809 2357 1959 2442 μάθησιν
1981 2351 2041 2423 τοό

175 2461 312 2536 πλάτους
341 2463 401 2526 τοῦ
427 2459 530 2542 νόμου
559 2462 865 2544 ἐμιιαταλιίιμαντες.
908 2460 1036 2527 Deinde
1057 2459 1272 2548 quadraginta
1293 2459 1391 2525 libros
1413 2461 1586 2549 repetitae,
1607 2468 1643 2524 ut
1665 2461 1788 2547 opinor,
1810 2460 2040 2546 praelectionis

173 2565 247 2628 iuris
278 2561 395 2650 publici
413 2561 508 2648 iecit,
529 2567 564 2626 ut
589 2559 675 2628 idem
702 2565 844 2626 testatur
873 2549 905 2626 in
934 2563 1133 2649 praelatione
1162 2579 1372 2646 epanapopes
1403 2560 1488 2646 apud
1523 2561 1564 2626 V.
1599 2561 1647 2627 iii.
1677 2563 1830 2627 Wittium
1864 2563 1897 2626 in
1931 2561 2040 2625 lilusei

175 2665 322 2730 Bhenani
352 2670 421 2729 vet.
444 2668 520 2727 tom.
541 2661 601 2726 iii.
623 2683 656 2748 p.
681 2658 745 2726 30.
768 2663 825 2726 καί
847 2664 972 2746 πρῶτον
992 2666 1049 2746 μὲν
1069 2662 1113 2728 τά
1134 2669 1167 2728 ἐν
1188 2659 1299 2727 πλάτει
1321 2663 1385 2725 τάν
1414 2659 1521 2742 νόμων
1549 2668 1677 2744 κείμενα
1706 2659 1835 2726 ἅπαντα
1862 2660 2039 2726 ἀνακαθα-

172 2772 300 2853 ρίσασα,
321 2769 354 2829 ἐν
375 2759 618 2850 τεσσαράκοντα
637 2763 763 2846 βίβλοις
792 2760 969 2828 ἀθόλωτον
996 2767 1052 2830 καὶ
1074 2761 1259 2829 ἀνόθευτον
1281 2761 1318 2828 τὸ
1339 2765 1404 2828 πάν
1422 2765 1514 2845 propa
1534 2767 1593 2828 ror]
1614 2762 1716 2844 νόμον
1738 2803 1777 2810 -
1800 2771 1929 2848 ἐκέρασε
1969 2761 2037 2828 Cu-

177 2869 223 2933 ius
245 2867 310 2932 loci
330 2864 414 2930 tides
436 2869 590 2949 suspecta
611 2882 674 2928 oon
697 2868 761 2929 est.
783 2865 872 2928 Nam
893 2886 925 2950 p.
949 2862 1012 2930 30.
1036 2865 1090 2931 lin.
1121 2863 1183 2929 37.
1215 2861 1278 2928 39.
1303 2861 1422 2930 1146.
1445 2863 1688 2948 τεσσαράκοντα
1709 2865 1817 2950 βίβλοι
1840 2869 2039 2950 repetuntur.

176 2968 327 3034 Basilicis
358 2966 481 3053 primae
509 2963 658 3029 editionis
683 2963 870 3050 μτοσίιίτοιι
900 2965 991 3050 quasi
1019 2967 1224 3054 quarumdam
1256 2966 1489 3032 institutionum
1511 2965 1583 3032 loco
1604 2967 1765 3032 adiectum
1787 2973 1857 3054 cst,
1879 2968 2039 3049 repetitae

171 3076 277 3136 autem
299 3067 528 3154 praelectionis
549 3083 754 3150 epanagope.
833 3066 917 3132 ilem
939 3085 959 3131 a
981 3077 1075 3153 putre
1097 3069 1258 3154 inceptam
1285 3069 1355 3132 Leo
1376 3067 1459 3132 iilius
1479 3067 1600 3133 iecisse
1627 3067 1767 3153 videtur,
1798 3069 1826 3131 si
1854 3067 2038 3132 1111101-

172 3170 259 3254 orgio
282 3167 431 3234 Cedrcno
455 3167 620 3232 babemus.
645 3165 790 3235 Tertiam
817 3167 919 3233 iuuisse
940 3165 1155 3232 Basilicarum
1177 3167 1350 3234 editionem
1372 3188 1392 3234 a
1414 3167 1632 3234 Conaieatiao
1647 3167 1945 3253 Porplryropeaeio
1972 3169 2038 3234 sac-

172 3277 230 3335 tam
271 3265 468 3335 Theodorus
510 3267 705 3356 Balaamoa,
732 3275 845 3336 auctor
872 3287 935 3334 non
966 3269 1120 3356 optimus,
1147 3269 1179 3335 io
1205 3269 1404 3355 praelatione
1426 3270 1515 3356 eius,
1557 3289 1650 3354 quiem
1684 3268 1725 3333 de
1754 3268 1860 3334 i'botii
1883 3288 2035 3334 oomoca-

173 3365 303 3460 nooc1)
326 3372 520 3458 composuit,
546 3371 765 3436 commentarii
787 3370 959 3436 memoriae
988 3368 1139 3455 prodidit.
1189 3367 1248 3435 Cui
1271 3371 1438 3456 scriptori,
1483 3374 1516 3434 io
1538 3372 1634 3436 rebus
1663 3370 1826 3435 historicis
1855 3370 2035 3436 referendis

172 3475 250 3538 satis
264 3473 344 3557 levi,
367 3481 401 3538 et
415 3475 454 3538 ab
467 3473 518 3561 iis,
533 3473 647 3560 quibus
659 3471 803 3538 Basilica
816 3470 965 3538 coniecta
985 3477 1072 3553 sunt,
1094 3472 1287 3557 temporibus
1310 3473 1393 3536 satis
1406 3470 1505 3556 longe
1517 3483 1655 3560 remoto,
1677 3469 1759 3535 fides
1780 3472 1890 3537 baberi
1911 3471 2032 3556 nequit.

292 3607 386 3672 llaec
401 3624 462 3690 ego
473 3608 680 3692 scripseram,
702 3627 773 3672 cum
785 3607 817 3672 io
832 3625 947 3672 manus
960 3606 1051 3672 venit
1064 3607 1127 3672 viri
1141 3605 1217 3670 mibi
1231 3605 1416 3672 amicissimi
1431 3603 1592 3670 Eduardi
1608 3605 1815 3672 Zacirara'aei
1829 3603 2035 3672 chsendo-

171 3707 335 3776 Eustatbii
350 3707 431 3772 libro
442 3711 511 3794 περὶ
522 3709 629 3790 ῥυπῶν
642 3708 900 3774 commentarius.
925 3707 972 3771 lbi
994 3708 1045 3772 vir
1058 3707 1361 3792 praestantissimus
1376 3705 1501 3794 iisdem,
1524 3707 1637 3793 quibus
1653 3707 1769 3772 l'irlll.
1788 3707 1932 3772 Careias
1950 3704 2036 3770 tiit-

170 3805 245 3900 113),
259 3809 460 3894 argumentis
473 3808 592 3900 docuit,
613 3813 742 3876 tertiam
758 3807 971 3874 Basilicarum
1001 3809 1173 3874 editionem
1188 3827 1269 3896 quae
1287 3805 1856 3892 CorralaaiiaePorplaproperureiae
1871 3809 2036 3892 tribuatur,

168 3930 238 3976 csse
251 3911 351 3998 piane
378 3907 551 4000 unllam³).
622 3912 757 3998 Verum,
775 3909 858 3998 quod
876 3909 960 3976 idem
984 3917 1113 3996 nostra,
1134 3929 1216 3994 quae
1238 3911 1409 4000 babemus,
1430 3909 1643 3976 Basilicorom
1657 3911 1837 3995 fragmenta
1850 3908 1911 3974 soii
1926 3907 2037 3972 beera

169 4011 283 4098 tribuit,
307 4008 434 4074 aaran
455 4029 519 4075 ooo
544 4005 677 4102 itaut),
697 4011 730 4077 iu
752 4029 791 4078 eo
813 4031 864 4078 roe
886 4010 1013 4098 quidem
1034 4009 1165 4078 babebit
1193 4031 1214 4078 a
1242 4031 1280 4078 sc
1311 4009 1570 4078 dissentientem.
1613 4013 1665 4077 Ac
1686 4013 1819 4098 primum
1842 4009 1967 4096 quidem
1993 4007 2035 4072 de

169 4111 309 4178 dirersis
329 4109 542 4176 Basilicorom
565 4111 769 4200 editionibus
790 4133 873 4200 quae
896 4113 992 4178 ductu
1013 4111 1231 4198 auspiciisque
1253 4113 1479 4198 imperatorum
1505 4111 1704 4178 Graecorum
1726 4111 1914 4198 prodierint,
1937 4126 2036 4196 quare

168 4213 356 4298 ambigatur,
377 4230 493 4276 caussa
514 4211 611 4297 plane
632 4213 721 4279 nulla
747 4221 808 4280 est.
851 4215 936 4280 Nam
961 4208 1158 4278 Theodorou
1179 4211 1385 4300 Balsamoa,
1414 4213 1468 4300 qui
1490 4212 1635 4279 Basilica
1654 4213 1713 4278 iuri
1723 4209 1760 4304 ³)
1789 4213 1966 4278 iustiniaoo
1994 4231 2033 4276 ex

166 4313 307 4380 adverso
328 4313 437 4398 posita
457 4309 692 4399 ἀνακάθαρσιν
720 4333 840 4382 vocare
861 4314 963 4404 solet,
994 4313 1015 4378 i.
1038 4314 1060 4379 l.
1082 4312 1140 4392 τὴν
1161 4317 1349 4378 τελευταίαν
1371 4311 1605 4397 ἀνακάθαρσιν
1627 4316 1691 4380 cria
1711 4313 1818 4396 νόμων
1840 4331 2032 4380 commemo·

165 4417 256 4502 rarii,
279 4414 333 4479 ubi
355 4413 410 4479 nei
425 4412 549 4497 logicae
571 4415 653 4480 artis
675 4415 915 4503 etdisciplinae
935 4416 1026 4502 leges
1048 4414 1177 4499 docent,
1200 4417 1287 4502 prius
1305 4415 1399 4482 aliam
1422 4434 1514 4502 quam
1537 4415 1654 4481 iactam
1671 4416 1776 4500 legum
1798 4411 2034 4494 ἀνακάθαρσιν

168 4515 343 4600 designari.
398 4512 459 4596 Qui
487 4515 578 4582 iocus
611 4516 640 4582 si
669 4535 763 4602 qoam
790 4519 910 4584 babeat
936 4517 1184 4598 dubitationem,
1220 4517 1323 4601 ipsum
1345 4515 1580 4582 Balaauroaera
1614 4517 1712 4582 velim
1741 4517 1877 4604 patiaris
1907 4531 2034 4580 suorum

164 4618 333 4682 verborum
354 4633 431 4681 esse
453 4615 670 4701 interpretem.
715 4617 772 4684 Sic
794 4620 877 4686 enim
905 4617 947 4686 ad
969 4617 1094 4685 couciiii
1117 4617 1466 4704 constantinopolitani
1488 4637 1645 4684 canonem
1671 4614 1796 4708 16.⁶):
1818 4615 1912 4682 καθὸ
1935 4610 2032 4678 11τά

163 4713 318 4798 βασιλικά
337 4714 626 4800 ἀνικαθάρθησαν
646 4716 728 4802 μετά
747 4717 804 4797 τὴν
825 4721 884 4784 τοῦ
904 4715 1126 4803 υομοκανόνου
1153 4724 1280 4797 ποίησιν
1321 4722 1377 4784 καί
1405 4718 1462 4797 τὴν
1482 4721 1542 4783 τοῦ
1563 4715 1699 4795 κανόνος
1727 4716 1846 4784 τούτου
1867 4712 2033 4792 ἀπόλυσιν,

164 4817 353 4900 cadurciam
374 4819 415 4900 τῇ
435 4823 528 4901 ἑτέρα
548 4817 669 4903 γνώμῃ.
719 4821 829 4885 Photii
856 4839 1107 4888 nomocanooem
1134 4818 1303 4908 designat,
1334 4841 1426 4908 quem
1449 4820 1608 4908 repetitae
1630 4819 1859 4908 praelectionis
1879 4815 2033 4880 Basilicis

163 4921 375 5005 antiquiorem
404 4937 481 4984 esse
510 4921 566 4985 ait.
611 4921 685 4985 Huc
705 4921 833 4988 accedit
855 4921 977 4988 codicis
999 4921 1199 4986 l‘arisiensis
1223 4919 1359 5008 Graeci,
1389 4941 1520 4988 numero
1550 4919 1667 4986 2005.
1691 4923 1823 5006 signati,
1846 4915 2034 5004 auctoritas,

166 5021 218 5106 qui
238 5019 390 5084 Basilica
411 5023 572 5105 repetitae
589 5023 827 5107 praelectionis
849 5023 933 5088 satis
954 5029 1067 5110 aperte
1089 5021 1200 5088 Leoni
1217 5021 1414 5108 plrilosoplro
1441 5021 1648 5114 adtribuiti).
1682 5021 1820 5106 Deinde,
1843 5015 1925 5104 qood
1947 5017 2033 5083 idern

162 5116 442 5212 Ζυοίιοτίαοιιεθ)
464 5121 579 5188 Basilii
599 5119 835 5208 ἀνακάθαρσιν
855 5125 920 5188 τῶν
941 5125 1087 5188 παλαιῶν
1108 5120 1214 5204 νόμων
1236 5124 1276 5188 ab
1299 5143 1349 5198 eo,
1371 5123 1454 5210 quod
1467 5123 1681 5191 Basilicarum
1703 5121 1830 5188 nomine
1853 5117 1947 5184 bodie
1971 5138 2033 5183 ve-

161 5223 217 5308 nit,
245 5241 345 5310 opere
374 5222 538 5288 diversum
567 5243 644 5289 esse
665 5225 780 5312 voluit,
809 5243 873 5289 uon
901 5223 1073 5289 assentior.
1119 5223 1217 5290 Redit
1240 5232 1345 5290 autem
1380 5231 1449 5292 tota
1472 5225 1555 5293 baec
1578 5223 1753 5312 disputatio
1778 5219 1819 5285 ad
1842 5221 1930 5304 iilos,
1953 5240 2034 5307 quos
2123 5217 2128 5231 '

227 5429 256 5494 l)
274 5427 306 5478 ln
322 5411 422 5477 insacia
442 5429 597 5479 bibliotheca
615 5431 680 5480 luris
699 5433 818 5480 canomci
842 5438 904 5501 torn.
921 5427 956 5479 ii.
983 5443 1007 5494 p.
1025 5429 1085 5480 eit.
1106 5427 1149 5478 καί
1166 5427 1200 5494 μί)
1220 5428 1348 5492 δοχθέντα
1367 5427 1434 5481 κατὰ
1450 5427 1499 5500 τὴν
1515 5428 1666 5482 τελευταίου
1684 5421 1866 5496 ἀνακάθαρσιν
1883 5427 1933 5476 τοίν
1950 5424 2033 5486 νόμων

161 5510 207 5578 τὴν
224 5513 364 5578 γενομένην
380 5509 455 5580 παρὰ
478 5515 527 5564 τοῦ
550 5511 672 5574 ἀοιδίμου
687 5516 809 5579 βασιλέως
825 5515 914 5585 κυρίου
935 5513 1136 5564 Κιινοτοιυτίνου
1152 5515 1201 5564 τοῦ
1218 5513 1478 5585 Πορννρομιννίτου.
1530 5508 2032 5573 211111170311101111011111011111

160 5599 258 5662 Jairy.
278 5597 399 5660 11111111
409 5595 430 5648 1.
443 5612 467 5660 p.
485 5595 527 5648 37.
546 5603 601 5647 not.
620 5602 662 5649 33.
697 5597 727 5664 3)
745 5601 774 5650 [ι.
793 5599 810 5648 Ι.
826 5615 851 5663 p.
871 5599 931 5650 101.
966 5595 2031 5669 4)11111τοταῐροπαί1111111311τ1βιῖῠιτ1ἱι2111111110,λιτιιοι-

162 5683 278 5744 pepedea
292 5696 344 5731 ana
363 5682 392 5731 G.
411 5683 613 5746 1111111111,
636 5684 804 5748 Heidelberg.
823 5685 899 5734 iseo.
918 5699 943 5746 p.
963 5685 1007 5734 93.
1025 5711 1058 5720 -
1077 5684 1138 5734 101.
1173 5681 1200 5748 b)
1218 5683 1285 5733 Vide
1303 5687 1492 5746 praebitionem
1515 5680 1738 5730 connueoturiiad
1759 5681 1846 5729 Pirotii
1864 5681 2033 5729 itomocaoo·

161 5779 216 5814 urm
235 5769 329 5828 scripti
348 5780 371 5828 p.
389 5767 450 5816 eii.
470 5768 516 5816 lin.
536 5767 593 5832 11,
609 5768 664 5834 30,
679 5769 734 5828 31,
750 5769 803 5832 43,
822 5769 924 5832 11813.
943 5767 990 5816 lin.
1009 5767 1037 5817 4.
1056 5771 1084 5818 et
1100 5767 1132 5816 ad
1150 5767 1236 5817 Basilii
1256 5781 1349 5818 canon.
1367 5770 1409 5816 37.
1427 5771 1454 5816 11
1472 5767 1646 5826 lieveregiani
1665 5764 1787 5826 synodici
1806 5771 1868 5813 tom.
1887 5763 1921 5812 ii.
1941 5779 1966 5828 p.
1986 5767 2031 5814 ob.

159 5851 230 5901 Adde
247 5851 327 5900 locos
344 5864 361 5900 a
378 5852 460 5900 tratre
479 5852 512 5900 de
530 5851 645 5900 basilicis
663 5866 688 5913 p.
708 5851 750 5901 17.
769 5852 896 5902 laudatos.
971 5850 1000 5917 1)
1017 5851 1091 5914 Apud
1109 5853 1284 5916 beveregiom
1300 5855 1328 5900 in
1347 5851 1481 5914 synodico
1500 5853 1563 5898 tom.
1580 5847 1600 5895 Ι.
1618 5863 1643 5912 p.
1661 5851 1723 5899 317.
1788 5849 1816 5910 7)
1829 5850 1902 5910 apuu
1927 5849 2032 5899 7111111-

160 5939 256 5984 riaeam
277 5933 295 5982 l.
313 5934 331 5983 i.
351 5949 374 5997 p·
396 5935 455 5984 100.
474 5941 527 5984 not.
545 5935 605 5986 ot:
629 5937 701 5993 τέλος
717 5937 763 6000 τῆς
780 5931 908 5992 συνόντας
924 5937 974 5986 τῶν
991 5934 1028 5993 ξ’.
1046 5935 1149 6000 βιβλίων
1164 5937 1302 6002 βασιλικῶν
1319 5935 1370 5983 τῶν
1386 5931 1507 5998 νομίμων,
1524 5931 1571 5998 τῖς
1592 5929 1743 5990 τελευταίας
1760 5928 1964 6003 ἀνακαθάροιοίς
1981 5951 2030 5997 φη-

159 6039 192 6082 νι,
210 6015 244 6084 ἣν
271 6013 330 6070 dtr
346 6019 494 6085 βασιλεῦσιν
511 6015 628 6084 ἀοίδιμος
644 6020 687 6071 καί
705 6017 852 6080 νοννίτατος
869 6015 1042 6086 συνεστήσατο
1060 6019 1141 6070 Δίων.
1198 6019 1273 6083 8)11.
1293 6018 1308 6066 i.
1328 6031 1353 6080 p.
1373 6015 1431 6068 101.
