4824 7048
357 547 438 619 278
782 544 1037 618 Novunuslc
1058 541 1406 617 IMPERATORUM
1419 541 1808 614 BYZANTINORUM.

787 804 837 880 V.
1746 799 1797 876 V.

357 991 590 1058 Βασιλείαν
611 1013 671 1054 του
655 982 1093 1086 Πορφυροχενυῄταυ
1119 987 1268 1087 νομοθε-
1516 949 1519 956 ¹
1596 980 1948 1069 Supplemetttum

398 1078 458 1143 σία
494 1069 614 1157 νεαρά,
656 1075 890 1169 ἐκφωνηθεῖσ6
923 1069 1011 1136 κατὰ
1039 1068 1097 1134 τόν
1121 1067 1267 1136 Ιαυουά-
1317 1065 1485 1134 Nouellue
1512 1070 1757 1134 consulatione
1783 1067 1949 1135 Basilii
1976 1065 2233 1154 Porphyre-

397 1182 469 1244 ριον
489 1161 575 1239 μῆνα
595 1158 722 1238 1666.
746 1157 940 1230 tetimonium
960 1157 1019 1220 τοῦ
1044 1153 1143 1245 ςφδ’.
1165 1158 1265 1231 ἔτους.
1357 1150 1841 1302 χαινίίόοζίόαίχανυοίιχινί,
1818 1239 1869 1300 '⁸6
1887 1151 2079 1303 publicatung
2105 1171 2235 1302 666668

1381 1255 1506 1302 nouare
1535 1283 1547 1322 ,
1593 1255 1706 1302 nonae
1765 1259 1778 1300 ν
1856 1255 1944 1303 sonsa
1981 1257 2029 1303 on

1360 1318 1507 1494 6666).)
1536 1319 1604 1408 [ln
1632 1319 1715 1388 Iure
1744 1319 1900 1390 Graeco·
1901 1321 1997 1388 Rom.
2019 1319 2069 1388 11
2099 1319 2246 1388 172--1

439 1587 555 1662 (caput
580 1582 740 1658 ultimum.)
788 1583 955 1643 Τελευταιου
987 1580 1018 1642 δ)
1051 1581 1100 1642 καὶ
1133 1577 1166 1642 τὸ
1202 1583 1268 1660 περὶ
1402 1577 1526 1654 [Caput
1552 1577 1720 1653 altimum.)
1762 1579 1814 1637 Ad
1839 1583 2018 1653 postremum
2044 1581 2232 1639 vernettum

255 1709 259 1717 =
355 1676 407 1734 τοῦ
442 1671 553 1731 δικαίου
585 1673 643 1729 τῶν
671 1661 853 1744 πανηχόρεων
882 1664 1063 1727 στασιασθὲν
1096 1659 1267 1768 βουλόμεθα
1318 1662 1534 1719 dissensionem
1562 1665 1598 1720 de
1634 1663 1864 1722 nundinarnm'
1857 1679 1924 1722 rnre
1963 1671 2056 1722 ortam
2093 1666 2234 1722 idoneum

355 1751 408 1836 τὴν
435 1749 637 1834 προσήκουσαν
664 1746 744 1824 τάξιν
771 1752 876 1830 λαχεῖν
916 1749 992 1811 ’Euri
1021 1744 1075 1850 χάρ
1106 1745 1266 1829 ἐδεήθησάν
1317 1747 1449 1803 ordinem
1471 1747 1609 1820 accipere
1629 1750 1777 1806 volumus.
1819 1751 1914 1818 Quum
1936 1751 2014 1807 enim
2035 1751 2155 1822 quidam
2177 1765 2235 1808 uos

354 1863 427 1910 τινες
453 1837 674 1935 διεχνιαλοόντις,
704 1833 758 1910 66,
788 1832 908 1896 tanain
937 1841 995 1896 noio
1016 1833 1125 1914 χρόνων
1146 1831 1266 1914 ἐχόντων
1316 1832 1443 1888 adierint
1466 1834 1630 1907 conquesti,
1651 1834 1739 1907 quod,
1761 1834 1912 1909 exlongo
1934 1839 2065 1907 tempore
2094 1851 2129 1892 se
2152 1851 2235 1892 nuu-

356 1921 452 1985 αότοίν
487 1916 640 2018 πανήγυριν
668 1923 869 1998 συνισταμένην
904 1925 932 1982 ἐν
960 1931 1020 1991 τοῖς
1048 1920 1128 1989 ἰδίοις
1155 1915 1264 2020 n6rror6,
1316 1917 1401 1972 dines
1430 1916 1607 1976 habentibus
1642 1919 1673 1975 in
1701 1919 1766 1975 suis
1795 1921 1927 1991 oppidis,
1960 1921 2029 1976 inde
2058 1921 2232 1976 desciscant

353 2006 529 2088 ἀφίστανται
551 2001 658 2066 τοόνωυ
686 2003 772 2064 anl’
755 2010 952 2110 ἀναχωροῦσιν
979 2009 1008 2065 ol
1033 1998 1084 2082 τὴν
1111 1999 1185 2064 πανί
1176 2025 1265 2082 χχυριν
1316 2007 1405 2072 atque
1432 2001 1573 2058 recedant
1600 2009 1781 2060 mercatores
1809 2004 2004 2061 nundinarum
2032 2021 2127 2061 eausa
2156 2021 2233 2062 con-

355 2096 540 2160 ουνιστῶντες
567 2091 800 2168 πραχματευταί,
828 2090 876 2148 καὶ
904 2087 970 2160 τοὺς
990 2087 1040 2166 μὲν
1060 2086 1201 2157 παίαιους
1222 2091 1264 2146 δε-
1315 2085 1481 2157 venientes,
1512 2092 1542 2142 et
1562 2095 1683 2144 veteres
1705 2089 1901 2146 nundinarum
1922 2089 2055 2146 dominos
2078 2090 2231 2160 deserant,

356 2171 467 2246 στόνος
472 2179 538 2276 τῆς
558 2170 741 2275 πανιχχ6ρεως
767 2168 888 2253 ἐρήμους
908 2167 1164 2267 ααταλιμπάνουσι,
1185 2177 1214 2232 ἐν
1235 2170 1265 2268 66
1314 2169 1404 2241 inque
1423 2170 1538 2226 illorum
1554 2173 1680 2246 oppidis,
1702 2173 1753 2244 qul
1775 2188 1827 2229 eos
1840 2174 2020 2246 excipiunt,
2042 2189 2138 2230 novas
2153 2191 2233 2230 nun-

353 2271 414 2332 τοῖς
445 2255 546 2331 τόποις
571 2263 629 2320 τῶν
655 2255 866 2338 ὑποδεχομένων
894 2252 1000 2328 αὐτοὺς
1034 2257 1113 2316 ναινί
1110 2256 1187 2328 ζουσι
1214 2249 1265 2335 τὴν
1315 2254 1402 2311 dinas
1423 2257 1621 2312 constituant:
1643 2257 1838 2356 imperamus,
1854 2263 1897 2332 ut,
1919 2273 2008 2330 quum
2031 2259 2152 2330 quando
2174 2259 2234 2314 tale

353 2341 525 2446 πανήγυριν,
558 2335 719 2420 κείαόομεν,
749 2341 827 2419 είπιρ
848 2340 918 2402 ποτδ
938 2336 1068 2402 τοιοῦτόν
1097 2363 1123 2401 τι
1144 2343 1263 2420 γίνηται,
1314 2339 1385 2410 quid
1411 2340 1479 2411 ilat,
1509 2340 1536 2395 si
1563 2341 1681 2414 quidem
1707 2343 1870 2400 universim
1899 2358 2001 2399 omnes
2029 2342 2232 2400 nundinantes

352 2429 440 2536 ιίρδχ
453 2423 568 2508 ἀθρόον
583 2422 688 2497 πάντες
707 2427 792 2503 καὶῐ)
808 2421 999 2534 ὁμοθυμαδὸν
1018 2429 1047 2486 οἱ
1063 2426 1270 2503 πανηγυρισταὶ
1319 2427 1349 2480 et
1370 2429 1560 2522 mercatores,
1581 2430 1641 2482 tam
1662 2425 1823 2502 indigenae
1844 2443 1930 2499 quam
1952 2429 2118 2502 peregrini,
2147 2443 2232 2485 com-

352 2515 402 2576 καὶ
414 2511 532 2592 ἔμποροι
549 2509 622 2574 οἵτε
636 2506 813 2612 αὐτόχθονες
828 2512 875 2570 καὶ
895 2533 921 2572 οι
916 2506 1077 2587 ’ἐαὴλνδες
1093 2507 1268 2588 ἀφίστανται
1318 2509 1397 2564 muni
1418 2523 1566 2566 consensu
1588 2511 1758 2567 desciscant
1785 2527 1804 2567 a
1824 2517 1928 2569 vetere
1949 2513 2147 2569 nundinarum
2174 2514 2231 2570 do-

351 2594 474 2679 μδνάπό
489 2597 676 2698 so6nntoto6
691 2590 834 2656 δεσπότου
854 2601 904 2674 τῆς
918 2590 1117 2694 πανηγύρεως,
1145 2597 1266 2673 προσίρ-
1318 2593 1407 2666 mino,
1428 2597 1458 2648 et
1484 2595 1515 2650 in
1537 2595 1597 2650 alia
1617 2595 1685 2652 loca
1705 2595 1863 2670 recedant,
1891 2611 1985 2654 novas
2007 2597 2153 2653 nundinas
2175 2600 2228 2653 ra-

351 2703 451 2783 χοχται
474 2680 622 2780 δδίτίροις
640 2674 740 2750 τόποις
753 2681 844 2740 ιιαινί
828 2699 918 2752 ςοντες
938 2675 991 2757 τὴν
1006 2673 1175 2756 πανήχυ,ριν
1198 2676 1267 2756 ἔχειν
1318 2678 1411 2750 cturi,
1439 2678 1470 2734 id
1497 2679 1645 2754 integrum
1675 2681 1714 2736 iis
1736 2697 1773 2737 ac
1793 2681 1918 2738 liberum
1940 2682 1979 2738 sit
1988 2689 2122 2756 μαριυς,
2147 2697 2226 2754 quo-

352 2763 461 2838 αόνοός
473 2759 894 2864 τόάκάλυτονκαὶέλεόθεροι,
909 2759 1101 2842 καὶάςάνδίχ
1111 2759 1266 2860 ²)6o6tos·
1316 2762 1528 2835 modocumqne
1549 2764 1707 2838 voluerint,
1731 2766 1843 2822 faciant
1864 2765 1924 2822 loci
1942 2766 2136 2823 nundinarum
2157 2782 2223 2824 mu-

351 2873 401 2912 ται
415 2854 561 2926 διενιρχενν
574 2870 625 2928 της
636 2871 817 2928 πανηχισεως
834 2844 951 2925 τοπικὴν
964 2843 1132 2946 μετάθεσιν,
1152 2871 1191 2923 μη
1182 2841 1266 2925 666·
1316 2848 1475 2920 tationem,
1506 2849 1587 2906 nullo
1614 2849 1700 2906 modo
1721 2851 1833 2922 coacti,
1863 2851 1918 2907 scd
1939 2857 2060 2925 sponte,
2088 2856 2119 2908 et
2138 2852 2226 2908 libera

352 2933 519 3036 606660663)
548 2929 672 3037 πάντας,
702 2929 770 2993 ἀλλ’
801 2935 935 3003 ἑκουσίως
962 2933 1011 2992 καὶ
1045 2928 1265 3008 666w6666164)
1318 2931 1465 2988 electione
1499 2947 1533 2988 eo
1566 2935 1731 3008 progressi.
1787 2935 1841 2991 Sin
1868 2949 1942 2992 vero
1969 2935 2120 2992 dissensio
2155 2937 2228 2993 inter

352 3019 428 3099 πρὸς
449 3024 534 3080 τοῦτο
557 3039 734 3098 φερομενους.
763 3020 803 3077 El
820 3016 850 3077 di
872 3011 1021 3088 διάστασις
1030 3014 1121 3160 66
1131 3028 1191 3088 τοις
1211 3039 1266 3077 πα·
1317 3016 1517 3074 nundinantes
1545 3017 1672 3093 existat,
1708 3022 1739 3076 et
1764 3021 1815 3076 alli
1840 3035 1960 3076 manere
1981 3021 2107 3092 cupiant
2131 3021 2172 3077 iis
2200 3021 2232 3077 in

351 3113 533 3208 νηχυρισταις
559 3106 677 3206 χίνηται,
705 3102 754 3162 καὶ
781 3105 811 3162 oi
835 3100 885 3180 μὲν
907 3105 1053 3180 αιροῦιται
1070 3097 1147 3172 εἶναι,
1175 3104 1205 3160 ἐν
1224 3095 1268 3172 οίς
1317 3100 1410 3174 locis,
1437 3102 1488 3158 ubi
1515 3106 1546 3158 et
1572 3109 1662 3162 antea
1688 3104 1944 3177 nundinabantur,
1978 3105 2032 3162 alil
2060 3119 2132 3162 vero
2161 3105 2233 3163 inde

351 3184 452 3261 τόποις
472 3181 673 3287 δπαιηχόριζον
698 3187 745 3246 καὶ
772 3181 969 3266 πρότερονθ).
1004 3189 1034 3246 σί
1061 3183 1091 3245 at
1119 3179 1265 3262 66666667)
1318 3185 1503 3259 desciscant,
1531 3191 1560 3242 et
1587 3188 1626 3244 ad
1648 3188 1708 3244 alta
1727 3189 1796 3246 loca
1816 3203 1851 3245 se
1872 3192 2067 3260 transierant,
2089 3195 2150 3247 tom
2174 3206 2234 3248 eo-

353 3270 531 3352 ἀφίστανται
551 3271 598 3332 καὶ
619 3266 695 3374 πρὸς
714 3273 825 3373 δτίρους
834 3271 863 3348 ⁸)
885 3272 1085 3348 μεθίστανται,
1113 3274 1266 3348 τηνικαῦτα
1316 3281 1381 3327 rum
1406 3272 1564 3345 sententia,
1585 3273 1635 3344 qui
1658 3277 1806 3330 vetustum
1827 3289 1937 3331 morem
1967 3279 2096 3348 tuentur,
2116 3275 2234 3348 vincat,

352 3353 387 3419 τό
409 3357 544 3436 διαφόρου
571 3360 606 3434 τῇ
635 3350 803 3455 ἀρχαιότητι
830 3367 959 3435 κρατεῖν,
987 3356 1034 3415 καὶ
1055 3349 1121 3424 τοὺς
1142 3351 1264 3454 661666·
1316 3359 1347 3410 'et
1368 3353 1582 3432 desciscentes,
1603 3358 1832 3430 qualescumque
1854 3359 1969 3416 demum
1991 3359 2062 3432 sint,
2083 3359 2122 3416 ad
2143 3375 2232 3417 com-

350 3443 451 3538 μένους
471 3442 592 3546 μᾶλλον,
622 3437 716 3502 όποῑοι
737 3432 773 3499 άν
794 3461 865 3510 τινες
885 3441 932 3500 καὶ
954 3435 1016 3514 εἶεν,
1038 3433 1266 3500 συνελαόυεσθαι
1317 3440 1484 3498 munionem
1513 3455 1630 3514 eorum,
1659 3443 1711 3515 qul
1737 3458 1859 3500 manere
1886 3445 2024 3516 cupiunt,
2058 3443 2234 3520 adigantur,

352 3521 428 3604 πρὸς
448 3547 500 3604 την
519 3523 617 3587 ἕνωσιν
645 3527 703 3584 τῶν
731 3527 919 3602 αι’ροομίνοον,
947 3525 994 3584 αα)
1022 3534 1135 3600 κρατεῖν
1156 3518 1189 3584 τό
1212 3545 1266 3584 πα·
1318 3529 1349 3581 et
1370 3526 1470 3581 valeat
1491 3529 1579 3582 vetus
1600 3527 1660 3584 loci
1679 3527 1933 3602 privilegiumm-
1957 3525 2068 3604 [61.]
2090 3532 2234 3602 utquam

351 3605 434 3672 λαιόν
462 3615 514 3670 τοῦ
541 3605 671 3710 666069)
700 3603 864 3689 προνόμιον.
899 3641 942 3654 -
974 3609 1013 3686 [6.
991 3608 1080 3685 61.]
1124 3609 1185 3670 Καὶ
1207 3610 1267 3670 ἐπεὶ
1317 3608 1510 3666 traiectiones
1537 3611 1603 3668 slve
1636 3612 1859 3679 translationes
1875 3613 2071 3671 nundinarum
2096 3615 2235 3686 quadru-

352 3698 386 3756 αί
409 3687 600 3772 μεταστάσεις
631 3685 694 3772 ἦτοι
719 3699 891 3771 μεταθέσεις
922 3696 980 3754 τῶν
992 3686 1195 3795 πανηχόρεων
1222 3714 1265 3754 τε·
1316 3694 1424 3767 plicam
1447 3695 1633 3767 partitionem
1654 3697 1811 3753 admittant
1831 3697 1901 3772 [aut
1922 3699 2001 3754 enim
2019 3713 2038 3753 a
2059 3701 2232 3770 potentibus

351 3781 466 3860 τραχῶς
493 3773 545 3876 τίχν
572 3779 708 3857 διαίρεσιν
737 3779 881 3858 δίχονται,
913 3773 945 3856 (6
967 3773 1047 3880 666
1050 3773 1110 3838 ἀπὸ
1139 3779 1267 3838 δυνατῶν
1316 3779 1353 3834 ad
1380 3783 1516 3852 potentes
1545 3782 1701 3838 transferri
1729 3782 1842 3854 solent,
1875 3787 1928 3838 aut
1953 3784 1991 3840 ab
2017 3773 2234 3855 impotentibus

351 3867 392 3934 είς
412 3857 550 3935 δυνατοὺς
570 3858 696 3966 είοό6ασι
716 3864 947 3958 μετατίθεσθαι,
982 3857 1000 3940 6
1029 3857 1088 3922 ἀπὸ
1119 3856 1268 3922 ἀδυνάτων
1317 3863 1355 3918 ad
1386 3866 1578 3936 impotentes,
1606 3872 1658 3922 aut
1679 3883 1698 3922 a
1719 3867 1888 3939 potentibus
1910 3866 1948 3922 ad
1968 3867 2159 3942 impotentes,
2180 3877 2235 3928 aut

351 3949 392 4016 τίς
419 3941 592 4021 ἀδυνάτους,
620 3941 726 4023 6666
750 3949 877 4006 dorensis
904 3951 944 4018 εἰς
964 3941 1137 4019 ἀδυνάτους,
1167 3941 1266 4020 6666
1317 3948 1353 4002 ab
1382 3949 1591 4019 impotentibus
1619 3952 1657 4006 ad
1684 3951 1855 4024 potentes),
1881 3967 1958 4023 quae
1985 3952 2071 4010 modo
2093 3957 2235 4013 sancivi-

352 4024 500 4092 ἀδυνάτων
535 4035 574 4102 είς
603 4025 740 4102 δυνατοάς
731 4031 781 4072 ¹⁰
781 4029 831 4108 χ),
867 4025 905 4091 τά
919 4031 989 4132 plo
1021 4023 1075 4136 ἤδη
1105 4037 1266 4132 66666676·
1315 4047 1392 4102 mus,
1413 4034 1445 4089 in
1467 4034 1562 4090 tribus
1584 4036 1685 4107 primis
1714 4052 1750 4092 ae
1778 4035 1992 4094 salinensibus
2021 4040 2235 4097 auctoritatem

353 4118 465 4176 σθέντα
492 4116 537 4176 dni
572 4120 629 4176 τῶν
663 4119 750 4216 τριῶν
778 4117 826 4177 ναὶ
862 4109 983 4191 πράτων
1017 4117 1066 4175 καὶ
1092 4111 1187 4193 μόνων
1214 4111 1267 4190 τὴν
1315 4074 1482 4190 habebunt,
1510 4118 1543 4175 id
1571 4121 1647 4176 est
1639 4135 1669 4176 m
1692 4120 1937 4177 translationibus
1958 4137 1977 4175 a
2000 4124 2170 4194 potentibus
2196 4125 2236 4182 ad

351 4194 433 4279 ι’σχόν
454 4196 509 4270 ἕξει
530 4193 676 4276 θεμάτων,
705 4191 769 4276 ἢτοι
796 4202 846 4260 ἐπί
871 4223 902 4260 τε.
930 4206 988 4261 τῶν
1015 4205 1045 4260 ee
1073 4202 1201 4260 δυνατοῖν
1228 4203 1266 4270 είς
1316 4206 1468 4275 potentes,
1498 4208 1529 4259 et
1555 4205 1593 4260 ab
1620 4205 1831 4276 impotentibus
1859 4205 1895 4261 ad
1923 4206 2118 4281 impotentes,
2156 4215 2190 4264 et
2217 4227 2236 4265 a

353 4278 491 4390 docnno66
511 4281 701 4361 μεταθήσεων
721 4287 768 4344 καὶ
789 4281 849 4344 ἀπό
878 4279 1026 4344 ἀδυνάτων
1047 4288 1086 4357 είς
1107 4277 1265 4355 ἀδυνάτους
1315 4287 1485 4358 potentibus
1513 4287 1551 4344 ad
1577 4289 1753 4361 impotentes
1781 4289 1937 4349 iaciendis.
1992 4291 2070 4348 Nam
2093 4303 2236 4363 quartum

351 4370 399 4429 ani
421 4364 480 4429 ἀπὸ
501 4370 632 4429 δυνατόν
653 4371 691 4439 είς
712 4363 877 4439 ἀδυνάτους.
925 4364 966 4430 Τό
988 4391 1043 4448 χιρ
1065 4371 1201 4446 τίιαρτον
1221 4390 1264 4428 νιε-
1315 4377 1404 4442 caput
1432 4373 1612 4443 peculiarem
1648 4380 1679 4432 et
1707 4375 1926 4431 clementiorem
1956 4374 2235 4448 interpretationem

353 4447 479 4530 φάλαιον
498 4453 662 4529 ίδινιωτίρας
688 4455 735 4512 καὶ
763 4453 1039 4532 φνλανθρωποτέρας
1066 4449 1193 4525 τεύξεται
1213 4455 1266 4530 τῆς
1314 4455 1440 4513 anobis
1470 4457 1645 4530 impetrabit
1689 4460 1832 4528 Quantam
1859 4459 1936 4516 euim
1963 4461 2135 4532 potentibus
2156 4479 2234 4536 per-

350 4535 490 4616 ἡμετέρας
511 4539 674 4640 ἑρμηνείας·
714 4539 775 4598 ἐπεὶ
802 4533 856 4634 666
884 4537 1008 4633 εὐχέρεια
1022 4537 1066 4613 ¹¹)
1096 4549 1155 4608 τοῖς
1184 4541 1266 4598 δυνα·
1314 4541 1416 4596 sancitis
1439 4546 1486 4597 est
1516 4543 1576 4616 via,
1603 4544 1751 4600 nundinas
1780 4543 1982 4615 impotentium
2011 4545 2072 4602 iuri
2100 4554 2233 4620 ereptas,

351 4633 412 4692 τοις
433 4617 524 4702 πολλή
545 4625 589 4692 τίς
610 4625 671 4682 ἐστι
699 4617 774 4699 πρὸς
801 4617 835 4682 τό
858 4617 912 4692 τάς
937 4618 1104 4700 πανηχάρεις
1125 4617 1185 4682 ἀπὸ
1207 4627 1265 4683 sais
1315 4625 1352 4680 ad
1375 4641 1408 4682 sc
1430 4628 1629 4698 pertrahendi,
1659 4631 1807 4686 sancimus
1830 4629 1862 4685 iu
1884 4629 1941 4686 hoc
1962 4631 2079 4704 capite,
2108 4648 2146 4688 ne
2165 4633 2231 4689 au-

352 4707 467 4766 δικαιων
488 4711 545 4768 τῶν
567 4702 715 4768 ἀδυνάτων
735 4710 935 4777 ἐπισπᾶσθαι,
957 4711 1068 4768 θεσπι
1052 4729 1131 4786 ομεν
1153 4707 1191 4766 ab
1201 4703 1264 4768 τοό·
1316 4715 1362 4765 ter
1395 4711 1564 4768 huiusmodi
1600 4714 1735 4771 secessio
1768 4716 1836 4787 nat,
1871 4713 1939 4770 dieo
1962 4714 2155 4772 nundinarum
2188 4719 2228 4774 ab

351 4813 393 4866 τῳ
423 4794 465 4866 τῷ
471 4791 668 4894 κειχαλαχίχν,
681 4786 721 4870 μὴ
749 4783 843 4862 άλλως
874 4797 996 4852 τοῦτο
987 4803 1170 4870 παραχωρεῖν
1197 4793 1265 4871 χίνε-
1316 4795 1524 4865 impotentibus
1546 4797 1583 4852 ad
1604 4803 1741 4869 potantes
1762 4797 2000 4869 translationem,
2035 4799 2097 4857 nisi
2116 4804 2231 4858 unani-

352 4881 437 4948 σθαι,
454 4866 550 4973 ἧχοον
577 4870 629 4953 τὴν
650 4871 709 4936 ἀπὸ
738 4881 797 4936 τῶν
817 4871 1019 4936 ἀδυνάτωυί
992 4899 1031 4946 ες
1052 4879 1187 4945 δυνατους
1215 4880 1266 4954 τῆς
1315 4893 1363 4935 mo
1385 4891 1534 4936 consensu
1555 4883 1780 4941 nundinatorum
1801 4884 1982 4940 universitas
2004 4891 2111 4956 sponte
2132 4901 2235 4944 νισο-
2273 4907 2277 4918 ·

351 4953 532 5058 πανηχόρεως
564 4954 737 5036 μετάθεσιν,
774 4963 801 5020 εί
831 4956 872 5039 μὴ
899 4957 1091 5038 ὁμοθυμαδὸν
1125 4959 1270 5060 ἀναχωρεῖ
1317 4961 1370 5034 dit,
1393 4979 1488 5034 eoque
1515 4979 1549 5022 se
1578 4969 1735 5042 transfert,
1765 4968 1817 5025 ubi
1844 4973 1875 5024 et
1896 4973 1984 5024 antea
2011 4973 2042 5025 et
2064 4973 2238 5042 antiquitus

350 5037 457 5106 άποσα
478 5046 612 5112 ἑκουσίως
632 5046 716 5104 καὶ
702 5057 788 5106 aaaron
809 5047 1002 5122 μεθίσταται,
1031 5039 1105 5104 ἔνθα
1125 5045 1172 5102 καὶ
1193 5039 1264 5144 666-
1315 5061 1447 5122 congreg
1430 5049 1570 5106 ‹Nabatnr
1597 5051 1639 5107 ita
1673 5059 1707 5110 nt
1731 5051 1782 5110 hic
1809 5051 1867 5109 duo
1896 5059 2072 5127 argumenta
2097 5069 2237 5114 coneur-

351 5150 435 5206 τερον
455 5131 502 5188 καὶ
523 5133 553 5188 ἐν
581 5129 705 5190 παλαιοῦ
727 5131 895 5190 συνίστατο
930 5125 970 5200 ὠς
991 5132 1149 5206 συντρέχειν
1169 5131 1264 5188 tanai·
1314 5140 1397 5205 rant,
1425 5140 1455 5189 et
1489 5137 1649 5192 vetustatis
1677 5137 1742 5212 ins,
1778 5143 1808 5194 et
1841 5139 2001 5194 universae
2029 5139 2240 5200 multitudiuis

351 5219 398 5272 θα
419 5209 457 5272 τά
477 5207 528 5273 δύο
550 5205 660 5311 εόλοχα,
681 5209 715 5274 τό
743 5235 773 5274 τε
791 5217 847 5312 τῆς
868 5208 1068 5316 ἀρχαιότητος
1083 5215 1190 5272 δίκαιον
1217 5212 1264 5273 καὶ
1315 5218 1472 5274 concordia
1493 5224 1523 5276 et
1545 5222 1711 5279 consensio.
1752 5223 1871 5280 Etenim
1901 5223 1928 5278 si
1950 5223 2059 5279 iorte'
2050 5239 2082 5280 rn
2103 5225 2240 5300 reliquis

352 5295 405 5371 την
429 5301 481 5357 τοῦ
508 5292 617 5368 παντός
644 5294 777 5376 πλήθους
803 5291 938 5374 σόρόοιάν
964 5319 996 5358 τε
1022 5297 1069 5356 καὶ
1098 5293 1264 5371 σύμπνοιαν.
1314 5302 1410 5359 tribus
1433 5305 1554 5361 casibus
1575 5305 1623 5362 vel
1645 5322 1740 5365 unum
1761 5311 1976 5383 argumentum,
2001 5308 2029 5364 si
2049 5308 2147 5368 solum
2175 5313 2239 5370 ad-

354 5381 416 5440 lina
436 5377 552 5461 χάρ,εί
570 5376 644 5462 τάχα
666 5385 694 5442 ἐν
715 5393 775 5454 τοῖς
795 5375 892 5454 ἀλλοις
920 5381 1051 5463 τρισὶίῧ)
1081 5387 1191 5461 θίμασι
1217 5385 1265 5443 καὶ

347 5515 762 5536 ῌ--ι--ι-ῂ--ι

504 5615 532 5674 1)
551 5614 594 5664 καὶ
613 5617 712 5666 omittit
730 5614 795 5664 cod.
814 5615 896 5666 Lanr.
964 5615 995 5671 a)
1014 5615 1079 5666 God.
1097 5617 1178 5668 Laor.
1195 5619 1239 5668 καὶ
1255 5621 1359 5670 inserit.
1433 5623 1463 5681 θ)
1481 5620 1546 5671 cod.
1563 5622 1647 5672 Laus.
1664 5619 1823 5688 βιαζόμενος.
1894 5624 1925 5685 4)
1941 5625 2006 5676 cod.
2025 5627 2107 5678 haur.
2126 5625 2241 5682 πείθειν-

351 5684 451 5750 ρίτους.
521 5679 550 5744 6)
568 5683 632 5733 cod.
650 5685 731 5732 Latrr.
749 5681 792 5731 δι’
766 5699 895 5734 ι.αοταοιν
981 5685 1092 5742 tJJCod.
1111 5686 1191 5739 Later.
1209 5687 1397 5758 καὶπρότερον
1415 5685 1609 5753 επανηνύασν.
1688 5691 1718 5750 6)
1737 5691 1901 5744 eod.uanr
1917 5709 2035 5750 τουτους.
2115 5699 2147 5758 8)
2162 5698 2241 5752 cod.

352 5745 639 5818 Ιωιιτ.το6ςε’τίρους.
742 5751 1132 5830 6)Cod.l.aur.no6n6non.
1236 5753 1468 5815 sciebamus.
1542 5759 1567 5806 δ
1584 5754 1737 5816 commen
1840 5761 1886 5819 11)
1904 5760 1969 5812 Cod.
1986 5763 2067 5813 Lacr.
2086 5761 2242 5838 ιτχαίρειει.

351 5818 398 5877 12)
416 5817 480 5869 (lod.
499 5817 585 5868 Paris
605 5817 680 5869 1361.
697 5817 759 5868 τισί
