4864 7070
360 533 431 590 aaa
989 462 998 481 ’
1102 509 1518 582 rnonnoonana

566 593 581 631 f

350 703 513 770 'minutam
540 698 677 786 aliquam
705 692 903 786 particulam.
946 695 1018 780 Qua
1047 699 1275 766 constitutione
1302 718 1374 766 cunr
1401 699 1484 765 idem
1505 698 1681 785 imperator
1702 684 1802 764 totius
1824 697 1933 784 operis
1955 696 2122 764 historiam
2143 702 2224 766 teti-

360 804 453 890 gisse
475 799 638 887 videatur,
660 799 778 870 Graeci
800 802 999 888 scriptores,
1020 801 1262 884 praetermissis
1283 800 1352 888 bis,
1381 817 1463 886 qnae
1485 800 1589 866 minus
1617 799 1708 865 utilia
1736 799 1923 866 viderentur
1945 817 2040 886 esse,
2055 798 2225 881 Basilicu-

363 925 432 972 rum
453 903 544 990 operi
563 901 645 969 haec
666 901 801 986 paucula
821 917 1052 988 praeposuere.
1074 933 1118 948 -
1138 897 1294 986 Sequitur
1321 901 1417 966 tertia
1443 899 1536 966 huius
1565 898 1792 986 disputationis
1813 919 1913 988 pars,
1940 907 1993 988 ut,
2016 899 2224 988 quemadmo-

355 1005 438 1071 »dum
459 1009 571 1070 nostra
591 1001 736 1070 Basilica
757 1023 800 1070 ex
821 1002 935 1070 Basilii
956 1019 1055 1086 opere
1078 999 1272 1087 prodierint,
1293 1003 1407 1087 paucis
1428 999 1656 1092 significemus.
1698 998 1777 1087 lpse
1805 1000 1950 1066 Basilius
1977 1008 2090 1066 auctor
2116 1007 2169 1066 est
2190 1001 2223 1068 in

364 1123 572 1193 epanagoges
593 1103 805 1191 praefatione,
826 1103 1039 1191 amonaphis
1058 1101 1165 1185 legum
1178 1101 1278 1168 libros
1299 1101 1405 1188 paullo
1426 1109 1503 1169 aute
1523 1123 1544 1169 a
1564 1117 1602 1168 se
1623 1119 1702 1196 esse
1729 1100 1957 1186 promulgatos.
1999 1101 2075 1167 Non
2102 1101 2228 1190 dubito,
2289 1181 2292 1187 Ι

366 1207 441 1292 quiin
462 1205 545 1272 haec
565 1204 607 1272 ad
629 1203 862 1288 ἀνακάθαρσιν
883 1204 950 1270 sint
969 1201 1150 1269 referenda.
1180 1203 1280 1292 ,aare
1301 1202 1386 1268 enim
1413 1202 1529 1269 iisdem
1550 1202 1661 1267 verbis
1681 1202 1796 1290 utitur,
1822 1199 1936 1287 quibus
1962 1206 1997 1267 et
2024 1203 2056 1268 in
2087 1202 2226 1288 prochisi

365 1304 565 1393 praefatione
579 1302 626 1398 ¹).
668 1305 738 1372 lam
759 1325 827 1371 cam
850 1322 1060 1390 epanagagen
1084 1302 1205 1389 serius,
1227 1321 1320 1388 quam
1341 1301 1522 1390 prochirnm
1543 1301 1776 1388 promulgatam
1796 1319 1874 1367 esse
1894 1303 1979 1368 inter
2000 1303 2090 1368 iriros
2111 1303 2228 1369 doctos

366 1410 512 1494 constet,
533 1406 567 1471 in
588 1407 728 1490 prochiri
749 1413 856 1475 autern
876 1405 1076 1492 praefatione
1097 1400 1330 1487 doaaddupore
1350 1403 1413 1468 iam
1443 1403 1593 1469 confecta
1614 1421 1691 1468 esse
1720 1397 1908 1492 nicatore),
1935 1403 2076 1490 denique
2103 1422 2228 1490 epana-

363 1525 469 1592 goges
490 1507 646 1593 praefatio
668 1507 879 1594 qnadraginta
900 1501 1093 1594 libros-[ripa⁸
1107 1498 1389 1594 deambulantes)
1405 1503 1484 1568 iuris
1505 1503 1622 1589 publici
1643 1502 1748 1568 factos
1770 1521 1847 1569 esse
1869 1502 2001 1570 disertis
2023 1505 2134 1570 verbis
2148 1524 2227 1590 pro·

364 1602 486 1698 dat³]=
508 1609 608 1694 satis,
629 1609 753 1695 opinor,
777 1609 946 1686 constabit,
969 1612 1025 1672 aut
1046 1611 1211 1690 utrumque
1233 1603 1353 1690 locum,
1384 1603 1468 1690 quod
1488 1597 1776 1692 lucianam)
1797 1602 1916 1692 voluit,
1937 1623 2048 1672 secum
2071 1623 2230 1694 pugnare,

367 1716 424 1774 aut
444 1706 707 1793 ἀιακαθιὶρσιως
727 1710 900 1796 repetitam
921 1706 1170 1796 praelectionem
1191 1705 1232 1770 ab
1253 1705 1326 1792 ipso
1348 1703 1471 1770 Basilia
1492 1705 1596 1770 fuisse
1617 1704 1807 1771 confectam.
1849 1703 1887 1769 ln
1918 1723 1980 1792 quo
2001 1705 2063 1772 boc
2084 1707 2227 1792 impera-

367 1818 421 1877 tor
440 1809 570 1878 videtur
591 1829 667 1876 esse
689 1819 839 1897 secutus,
859 1815 910 1896 ut,
932 1809 1056 1876 veteris
1076 1803 1338 1891 dwxaddposoo
1358 1805 1415 1870 illa
1441 1811 1556 1894 parte,
1576 1823 1660 1892 quae
1680 1805 1805 1872 inutilia
1832 1804 1981 1894 haberet,
2007 1806 2104 1892 plane
2133 1805 2230 1873 abie-

368 1918 441 1990 cta,
462 1911 561 1998 baec,
585 1927 668 1998 quae
689 1911 722 1976 in
743 1931 802 1977 usn
825 1915 953 1996 essent,
985 1909 1056 1976 sola
1084 1907 1163 1974 iuris
1191 1905 1310 1992 publici
1337 1903 1519 1995 laborata).
1562 1905 1648 1972 Hinc
1676 1904 1888 1972 Basilicarum
1915 1913 2097 1972 nostrorum
2124 1906 2227 1992 origo.

368 2008 462 2101 Opus
484 2032 503 2077 a
524 2018 617 2098 patre
639 2018 786 2097 coeptum
806 2011 876 2078 Leo
897 2010 982 2076 tilius
1002 2009 1155 2096 perfecit,
1176 2007 1320 2094 reliquos
1341 2007 1457 2091 viginti
1478 2005 1594 2094 libros,
1621 2013 1657 2072 nt
1677 2005 1821 2093 videtur,
1849 2003 2040 2072 adliciendo.
2083 2005 2137 2072 Be
2164 2006 2229 2072 hac

370 2113 519 2180 secunda
538 2109 800 2199 decaoddporoc
822 2111 964 2178 editione
991 2110 1125 2176 disertis
1153 2107 1265 2175 verbis
1291 2108 1462 2192 loquuntur
1489 2113 1526 2172 et
1551 2105 1724 2173 fulicam
1752 2103 1920 2173 Scittitsco
1941 2115 1974 2172 et
1997 2102 2232 2198 (ledrensem),

371 2233 502 2302 quorum
529 2215 731 2299 testimonia,
760 2231 860 2300 qnare
881 2230 901 2278 a
921 2209 1135 2276 Zachariaeo
1143 2205 1180 2300 ⁷]
1202 2208 1377 2275 refutentur
1384 2255 1394 2296 ,
1421 2226 1540 2274 caussa
1567 2207 1693 2274 omnino
1721 2227 1785 2274 non
1813 2214 1876 2273 est.
1918 2208 2004 2274 Hinc
2032 2207 2168 2296 factum,
2194 2213 2233 2274 ιιι

370 2310 631 2402 ἀνακαθάρσιως
651 2334 766 2398 nomen
786 2313 930 2380 Basilica
950 2311 1159 2399 retinuerint,
1181 2310 1256 2374 hinc
1276 2309 1407 2397 factum,
1427 2316 1463 2375 ut
1482 2310 1538 2388 τῆς
1558 2306 1828 2393 ἑξηκοιταβιιιλου
1849 2325 1965 2392 nomen
1987 2308 2157 2375 habuerint
2171 2303 2231 2400 ⁸),

370 2416 446 2482 hinc
465 2416 602 2504 factum,
623 2421 659 2482 ut
678 2416 784 2484 Leoni
803 2413 1078 2504 attribuerentur3
1099 2402 1174 2478 hinc
1195 2411 1331 2497 factum,
1357 2416 1393 2475 ιιι
1414 2409 1560 2476 Basilica
1587 2416 1623 2476 et
1650 2410 1723 2495 ipsa
1749 2409 1852 2474 fnisse
1879 2415 2053 2494 repurgata
2075 2408 2233 2476 Theodo-

370 2537 427 2583 rus
447 2515 623 2583 Balsamon
642 2523 756 2584 auctor
776 2517 820 2582 sit
827 2510 883 2606 ⁰),
906 2515 980 2580 hinc
1001 2513 1137 2601 factum,
1162 2518 1198 2578 ut
1224 2511 1336 2578 ultima
1357 2509 1568 2580 Basilicarum
1589 2509 1737 2578 recensio
1759 2505 1779 2588 ἡ
1800 2510 1967 2574 τελευταία
1995 2507 2235 2595 ἀιακάθιιρσις

315 2625 321 2639 “
370 2619 435 2682 τῶι
455 2616 561 2700 νόμων
581 2618 622 2683 ab
643 2618 758 2685 eodem
778 2623 930 2706 vocetur,
950 2616 1025 2681 hino
1045 2615 1180 2700 factum,
1206 2617 1242 2678 nt
1262 2612 1437 2698 imperator
1458 2613 1528 2678 Leo
1556 2610 1649 2676 buiris
1670 2610 1744 2678 libri
1772 2609 2003 2677 confectionem
2034 2612 2065 2676 in
2088 2611 2234 2678 Novella

377 2721 410 2784 1.
432 2724 467 2784 et
488 2719 549 2784 sibi
576 2725 610 2784 et
631 2718 715 2804 patri
742 2718 940 2807 attribuerit,
968 2716 1042 2782 hinc
1069 2715 1204 2796 factum,
1234 2720 1269 2780 ut
1295 2713 1381 2780 idem
1410 2713 1585 2800 imperator
1610 2711 1643 2778 in
1669 2711 1882 2778 Basilicarum
1908 2711 2069 2798 prooemio
2099 2731 2236 2778 numero

372 2819 489 2907 plurali
509 2839 587 2885 usus
608 2814 725 2910 sitm).
769 2817 860 2901 Quae
881 2819 1069 2884 coniectura
1098 2816 1128 2880 si
1149 2834 1212 2881 non
1238 2813 1420 2901 displiceat,
1448 2811 1709 2902 quemadmodum
1730 2812 1800 2878 Leo
1821 2813 1855 2878 in
1876 2811 2089 2879 Basilicarum
2110 2829 2234 2899 prooe-

373 2921 437 2988 mio
457 2921 513 2998 τῆς
532 2917 799 3007 ἑξηκοιταβίβλου
821 2909 1076 3005 compilationem
1099 2915 1184 3002 patri
1205 2914 1330 3000 sibique
1350 2913 1527 2982 attribuere
1549 2915 1706 3004 potuerit,
1728 2914 1811 2980 satis
1832 2913 2011 3000 apparebit.

524 3017 580 3087 Ex
600 3022 680 3088 libro
702 3021 928 3088 Athanasiano
948 3020 999 3086 tit.
1024 3016 1060 3083 7.
1082 3021 1185 3083 const.
1209 3012 1245 3080 2.
1267 3013 1477 3082 Basilicarum
1504 3017 1558 3082 lib.
1581 3011 1618 3082 9.
1646 3016 1697 3081 ιίι.
1720 3011 1756 3080 2.
1779 3014 1887 3080 thema
1910 3010 1946 3079 2.
1968 3013 2019 3080 ed.
2041 3010 2252 3078 lleimbachi·

374 3130 450 3190 tom.
472 3119 499 3186 Ι.
522 3143 555 3209 p.
582 3119 675 3190 447.
697 3122 875 3190 derivatum
903 3128 966 3190 aab.
1006 3119 1110 3206 Incip.
1139 3113 1178 3182 od
1205 3113 1307 3200 μόνον
1342 3111 1360 3182 ὁ
1387 3114 1600 3204 πρωτότυιιος.
1643 3115 1760 3182 Desfn.
1789 3113 1901 3191 αὐτοῖς
1929 3111 2148 3204 ὑπουργούοιις
2176 3115 2239 3192 τῆς

373 3221 499 3304 τάξεως.

524 3321 579 3389 De
608 3323 743 3390 scholiis
773 3323 985 3391 Basilicarum
1012 3319 1149 3387 diversa
1174 3319 1257 3386 ratio
1284 3323 1348 3385 est
1391 3315 1469 3383 Cum
1498 3317 1642 3384 enimin
1669 3321 1827 3384 contextu
1853 3317 2066 3385 Basilicarum
2092 3316 2238 3401 genuina

374 3426 581 3494 Novellarum
601 3425 848 3503 Instinioaarum
868 3424 970 3490 verba
990 3421 1095 3489 relata
1115 3421 1199 3508 sint,
1231 3419 1264 3485 in
1285 3417 1419 3486 scholiis
1455 3419 1511 3496 τῆς
1537 3415 1806 3506 &dinumerabitur
1830 3415 1999 3486 Theodori
2017 3417 2240 3502 Bnmopoli-

376 3529 464 3614 taai,
492 3525 675 3592 Athanasii
704 3524 905 3592 Scholastica·
911 3571 922 3610 ,
950 3523 1136 3589 Pbr‘toaecai
1162 3523 1342 3606 fragmenta
1370 3519 1462 3607 quasi
1491 3518 1655 3586 cuiusdam
1676 3519 1953 3606 interpretationis
1974 3517 2045 3586 loco
2075 3519 2240 3585 collocata

374 3629 587 3714 reperiuntur.
633 3622 802 3692 Theodori
820 3633 928 3692 autem
947 3624 1160 3690 Basilicarum
1189 3622 1358 3690 architecti
1379 3621 1498 3708 primas
1519 3639 1596 3687 esse
1617 3621 1788 3688 voluerant
1810 3627 1933 3708 partes.
1974 3621 2089 3707 Itaque
2110 3620 2236 3685 factum

376 3735 446 3816 est,
472 3737 507 3794 ut
527 3734 562 3793 et
588 3727 659 3792 eius
680 3726 749 3792 libri
780 3727 938 3794 maximus
965 3725 1063 3792 fuerit
1091 3745 1168 3790 usus
1194 3725 1228 3789 in
1256 3723 1467 3790 Basilicarum
1495 3721 1627 3788 scholiis
1649 3722 1878 3808 componendis
1908 3720 2177 3808 ordinandisque,
2201 3729 2241 3786 et
2328 3765 2331 3768 -

376 3833 557 3916 fragmenta
582 3848 627 3897 ex
653 3847 692 3895 eo
720 3827 927 3895 Novellarum
955 3843 1090 3912 corpore
1122 3825 1271 3892 desumto
1291 3842 1420 3908 semper
1440 3822 1557 3908 ubique
1578 3824 1680 3908 primo
1701 3842 1847 3910 quaeque
1869 3822 1939 3888 loco
1963 3823 2071 3908 posita
2092 3841 2242 3888 cernan-

376 3941 445 4019 tur,
470 3932 498 3996 si
520 3950 583 4017 qua
603 3930 645 3996 de
667 3949 785 3997 caussa
805 3928 971 4016 acciderit,
990 3933 1026 3992 ut
1045 3925 1087 3994 ad
1108 3925 1244 3993 eundern
1265 3923 1410 3992 eiusdem
1431 3922 1592 3990 Novellae
1611 3923 1716 3992 locum
1736 3931 1771 3990 et
1783 3923 2005 4011 explicandum
2021 3922 2243 3989 etillustran·

377 4033 450 4100 dum
471 4033 527 4098 alii
555 4051 681 4118 quoqne
703 4030 912 4099 Novellarum
932 4029 1131 4114 interpretes
1152 4025 1394 4093 adhiberentur.
1436 4023 1509 4091 Hoc
1539 4031 1646 4091 brnen
1667 4026 1752 4091 satis
1777 4045 1850 4092 raro
1871 4024 1988 4090 factam
2010 4022 2178 4111 videmus,
2201 4031 2243 4091 et

377 4135 424 4202 ita
445 4133 588 4222 quidem,
609 4133 638 4198 si
660 4152 742 4220 quae
763 4139 909 4198 veterum
929 4129 1143 4216 interpretum
1164 4135 1339 4215 appareret
1361 4124 1403 4196 de
1424 4124 1538 4196 eadem
1552 4126 1695 4198 Novella
1715 4123 1959 4213 interpretanda
1980 4123 2154 4194 dissensio.
2183 4121 2247 4190 nx

377 4235 603 4302 athanasiana
625 4251 724 4320 opere
745 4231 778 4298 hi
799 4231 990 4299 scholiorum
1008 4229 1073 4298 loci
1093 4227 1224 4298 deducti
1244 4232 1335 4296 sunta

480 4590 509 4658 1)
525 4593 569 4644 stc
585 4593 654 4642 enlm
672 4591 768 4642 habent
782 4587 850 4652 apud
868 4591 988 4642 wionem
1014 4591 1032 4640 i.
1049 4589 1067 4640 l.
1084 4603 1110 4652 ιι.
1127 4585 1188 4640 bibi
1204 4582 1249 4638 ιιαὶ
1262 4587 1366 4656 sipritus
1381 4583 1428 4646 μὲν
1443 4580 1479 4634 τὰ
1495 4581 1522 4636 ἐν
1544 4579 1638 4635 πλάτει
1662 4583 1713 4634 τῶν
1736 4579 1820 4644 νόμων
1843 4579 1944 4643 κείμενα
1966 4576 2073 4632 ἅπαντα
2095 4577 2247 4632 &manda-

379 4677 483 4750 pfoosoa.
511 4675 653 4728 Praemia
671 4677 788 4738 prociirt
805 4689 831 4738 ιι.
849 4676 917 4724 vin.
935 4673 963 4725 da
979 4675 1016 4742 τῷ
1032 4669 1093 4742 παρ’
1112 4666 1185 4738 ἡμῖν
1207 4667 1301 4740 ἀρτίως
1316 4667 1555 4739 ἂποκιιιαθαρμινῳ
1573 4669 1621 4718 τοῦ
1637 4664 1719 4727 νόμον
1745 4665 1839 4717 πλάτει
1846 4700 1855 4730 ,
1892 4673 1919 4716 et
1936 4681 1960 4729 ιι.
1978 4665 2027 4716 ix.
2046 4661 2095 4731 ripa
2115 4663 2247 4730 μάθησιν

381 4761 426 4814 καὶ
441 4763 537 4825 γνῶσιν·
550 4763 599 4812 τοῦ
631 4757 747 4817 πλάτους
763 4759 812 4811 τοῦ
829 4757 918 4820 νόμον.
1027 4777 1029 4782 ·
1069 4759 1098 4820 B)
1114 4757 1182 4808 Nan
1198 4757 1217 4808 i.
1235 4757 1254 4806 l.
1270 4768 1297 4817 p·
1318 4751 1386 4806 vui.
1408 4755 1477 4805 luris
1493 4753 1604 4804 studiosi
1623 4754 1658 4802 ad
1674 4747 1706 4802 sd
1723 4748 1817 4822 ἀρτίως
1834 4746 1895 4819 παρ’
1918 4745 1989 4815 ἡμῶν
2010 4747 2250 4820 ἀϊιοκειιαθαρ-

380 4848 476 4906 pisos
492 4845 541 4897 τοῦ
558 4841 640 4908 νόμον
655 4841 755 4902 πλάτος
764 4847 942 4909 remittuntur,
959 4846 1022 4905 etp.
1033 4843 1059 4892 a.
1072 4837 1167 4892 sidiam
1180 4836 1241 4910 χρή,
1253 4831 1296 4889 ὅτι
1312 4833 1706 4902 commordeas-redatruare,
1721 4831 1757 4885 soi
1772 4835 1890 4896 uincire
1907 4835 2095 4884 owsoroiroi-
2115 4833 2250 4883 meime-

380 4927 500 4991 τάξαιιεν.
613 4927 689 4994 a)1..
712 4929 729 4978 i.
749 4941 774 4990 p·
797 4927 842 4980 80·
865 4922 1098 4994 emissarium,
1124 4922 1152 4974 fv
1172 4918 1365 4994 τεσσαράκοντα
1385 4921 1483 4986 βίβλοις
1504 4947 1532 4964 ⁴-
1561 4917 1672 4990 estpars
1779 4917 1813 4982 4)
1834 4919 1864 4968 ln
1885 4919 1954 4968 ituro
1975 4916 2005 4968 of
2026 4915 2106 4987 ῥοπαὶ
2126 4931 2151 4980 p.
2175 4917 2249 4968 100.

381 5018 411 5080 ι)
428 5016 492 5067 llam
509 5017 543 5066 de
558 5016 647 5078 prima
661 5007 863 5081 duanaedpaaua
887 5017 963 5075 parte
984 5014 1010 5061 in
1033 5022 1201 5073 epanagoges
1218 5008 1384 5070 praefatione
1400 5015 1562 5056 sermo-son
1582 5007 1633 5052 est.
1751 5000 1786 5068 o)
1808 5003 1877 5052 vide
1894 5003 2003 5051 narrem
2020 5003 2053 5052 rie
2069 5000 2192 5052 amnicis
2217 5016 2249 5066 p.

381 5104 409 5152 t.
476 5099 551 5165 dli..
569 5101 588 5150 l.
607 5113 631 5162 p.
651 5100 696 5150 itti.
712 5099 767 5148 not.
791 5097 837 5146 bb.
921 5091 951 5160 a)
967 5095 1058 5160 itaque
1075 5097 1143 5144 onim
1160 5093 1379 5152 verisimilem,
1406 5091 1458 5142 hoc
1478 5089 1594 5138 nominis
1610 5087 1730 5137 haedleh
1751 5087 1867 5136 mitrarum
1893 5085 1994 5148 mbae,
2017 5087 2042 5132 si
2058 5085 2109 5134 duo
2126 5087 2254 5135 masena

382 5186 521 5248 sexaginta
534 5185 676 5244 librorum,
697 5191 779 5242 eaque
801 5180 908 5231 diversa
924 5181 990 5229 luris
1015 5189 1140 5241 corpora.
1180 5175 1249 5228 vide
1271 5175 1383 5226 tratrem
1407 5175 1441 5223 rie
1458 5171 1578 5221 basilicis
1590 5185 1628 5236 Vp.
1645 5171 1671 5220 7.
1689 5173 1717 5221 et
1735 5169 1777 5220 to.
1886 5166 1914 5233 a)
1930 5167 2115 5218 Basilicarum
2131 5172 2252 5219 nomine

382 5265 535 5331 designatur
551 5269 592 5331 id,
625 5267 692 5332 quod
709 5263 869 5314 Germanico
884 5264 993 5314 ‹iidmns
1011 5263 1080 5326 ,aas
1096 5261 1260 5312 kalamitate
1278 5251 1477 5309 aeoeuioct‘t.
1524 5255 1591 5305 Vide
1608 5255 1818 5318 Bannoberglum
1844 5253 1877 5304 ad
1903 5253 2016 5302 Psallam
2041 5253 2075 5302 da
2100 5251 2252 5303 liistiniani

383 5353 502 5402 Bovalils
519 5365 544 5414 p.
563 5353 588 5400 9.
623 5352 713 5414 Neque
737 5351 826 5398 statim
847 5347 881 5398 ab
897 5348 1041 5399 lnttlohnc
1058 5356 1152 5396 nomen
1175 5343 1263 5406 legum
1286 5343 1396 5405 corpori
1418 5341 1529 5392 inditum
1550 5339 1747 5392 videturesse.
1851 5337 1896 5397 10>
1916 5336 1981 5387 Com
1999 5337 2051 5386 hoo
2073 5337 2253 5398 prooemium

383 5445 462 5497 snpra
478 5436 676 5485 observaverim
694 5446 746 5486 aon
764 5443 837 5494 esse,
853 5433 906 5480 nisi
921 5431 1025 5481 latiorm
1042 5430 1154 5480 alicutns
1171 5428 1367 5478 constitutionis
1383 5425 1552 5488 particulam,
1568 5424 1631 5487 quid
1648 5425 1752 5485 mirum,
1768 5422 1792 5469 si
1809 5419 1927 5472 Leonem
1944 5423 1971 5472 in
1989 5422 2039 5481 ils,
2073 5413 2139 5482 quas
2155 5431 2251 5480 prae·

382 5521 507 5573 tarmusa
522 5521 592 5582 sunt,
608 5518 642 5566 dc
657 5522 714 5567 suis
729 5518 863 5582 patrisque
880 5515 913 5564 de
930 5515 1051 5564 Basilidis
1067 5514 1169 5563 meritis
1189 5512 1272 5562 verba
1287 5510 1387 5559 iecisse
1404 5499 1570 5558 statamus?
1610 5519 1669 5557 cum
1686 5507 1844 5568 praesertim
1860 5505 1929 5558 Bor.
1953 5503 1980 5554 l.
2008 5504 2076 5556 idem
2094 5503 2127 5552 ab
2145 5503 2255 5553 eodem

382 5604 480 5655 mctum
503 5613 565 5651 esse
587 5601 730 5652 videamus.
779 5601 843 5664 lam,
860 5599 928 5663 quod
947 5599 963 5646 Ι.
981 5598 998 5646 Ι.
1016 5598 1050 5664 τῇ
1076 5593 1195 5660 βασιλείᾳ
1217 5589 1301 5660 ἡμῶν,
1346 5585 1419 5660 ἡμεῖς
1444 5586 1720 5657 σωματοποιησάμινοι
1758 5585 2027 5649 amarissimorum,
2042 5613 2078 5625 ·-
2094 5587 2255 5656 παρέχομεν

291 5686 296 5696 ’
382 5690 517 5749 dicontur,
545 5687 612 5736 liaeo
630 5689 659 5734 et
682 5697 717 5734 err
737 5686 796 5736 sola
817 5684 984 5747 imperatoris
1007 5691 1123 5742 persona
1142 5679 1270 5741 explicari
1290 5681 1411 5741 possunt.
1454 5675 1565 5740 contra,
1582 5677 1608 5726 si
1624 5681 1686 5726 ante
1703 5677 1782 5725 haee:
1800 5669 1976 5736 ’loamismpi
1997 5673 2034 5736 τῷ
2050 5671 2174 5736 βασιλέοιν
2192 5688 2256 5721 m·

383 5768 499 5839 ριιιιιιμῳ
520 5773 546 5820 et
564 5772 664 5832 patre-
682 5776 710 5820 ιι
724 5769 804 5820 fllium
820 5761 969 5820 ιιιιιιιιιιιιιοιι
992 5775 1054 5814 esse
1069 5766 1229 5824 statuamus,
1250 5765 1324 5812 reate
1341 5761 1451 5823 pluralis
1466 5771 1591 5810 numerus
1608 5761 1640 5811 ad
1662 5763 1801 5822 utrumque
1827 5758 1970 5808 referatur.
2009 5756 2141 5817 siqiridem
2159 5757 2256 5806 tertias

384 5855 523 5916 singularis
541 5857 642 5905 numeri
658 5863 775 5918 persona
790 5863 847 5902 cam
865 5853 949 5913 prima
960 5850 1135 5904 watunotain
1150 5850 1261 5910 primam
1278 5845 1500 5908 pluralisnurneri
1510 5855 1654 5907 personam
1670 5857 1705 5896 ex
1721 5843 1824 5908 legibus
1839 5841 2072 5906 grammaticorum
2090 5845 2256 5889 ιιιιιιειιιιι.
