4748 7074
876 546 1317 644 nnonnoounnu'
1742 628 1750 641 .
1938 575 2015 646 rsa

175 781 245 829 cum
265 761 325 850 iis,
345 779 429 848 quae
449 779 554 848 supra·
569 759 817 852 disputavimus,
837 766 921 830 satis
941 763 1196 830 convenientem.
1214 757 1450 844 ιἈνιὶγνοσμν
1471 767 1525 827 est
1544 759 1630 829 enim
1651 781 1695 830 ex
1716 765 1880 831 constanti
1902 763 2012 831 Grae·

175 883 299 944 conum,
333 863 386 948 qui
416 861 468 928 his
495 864 690 948 temporibus
716 863 889 954 vixerunt,
933 864 1060 930 dicendi
1080 864 1205 930 ratione
1232 865 1372 950 „locna,
1398 865 1456 948 qui
1481 863 1676 950 odtepcbtr,
1707 867 1850 950 mtotrrr,
1877 867 2013 950 prrrelc-

172 961 308 1050 pitrcr.“
351 961 435 1029 Vide
468 959 603 1028 Sniccri
632 965 817 1031 thesaunrm
850 964 1105 1032 ecclesiasticum
1142 972 1217 1029 tom.
1245 965 1271 1028 l.
1301 986 1332 1050 p.
1359 961 1449 1028 aab.
1504 961 1646 1052 nouem,
1689 984 1750 1050 quo
1785 965 1894 1030 Latini
1930 985 2013 1033 voce

174 1061 335 1150 „tectio“
356 1069 506 1150 utuntur,
532 1063 636 1130 modo.
678 1064 764 1132 Vide
791 1063 950 1130 Iacobum
979 1060 1207 1150 Godofredum
1237 1063 1278 1129 ad
1306 1069 1410 1130 coust.
1443 1064 1475 1129 1.
1498 1063 1623 1130 'l'heod
1646 1061 1726 1130 Cod.
1747 1065 1774 1131 l.
1796 1063 1833 1131 4.
1856 1065 1907 1132 ed.
1936 1067 2014 1131 llil-

172 1165 333 1230 teritum.
355 1164 434 1251 l.p.
457 1161 521 1228 38.
561 1164 678 1252 ltaque
710 1168 779 1253 napi
814 1166 975 1252 διαφορᾶς
1007 1161 1268 1247 ἀναγνωσμάτων
1301 1165 1350 1230 sic
1382 1167 1500 1231 Latine
1533 1163 1702 1231 reddetur:
1746 1166 1787 1230 de
1824 1167 2014 1232 diccrnlote
2095 1189 2101 1200 ·

171 1265 358 1330 haitanana.
424 1263 516 1346 Quae
536 1284 603 1330 res
620 1285 713 1352 quam
741 1267 824 1334 bene
845 1271 984 1352 apteque
1005 1283 1092 1354 eum,
1116 1285 1209 1351 quem
1236 1266 1340 1330 nostri
1366 1265 1465 1332 libelli
1486 1271 1598 1332 auctor
1624 1271 1756 1332 secutus
1776 1266 1905 1334 videtur
1927 1285 2015 1356 esse,

170 1365 270 1433 smcm
291 1366 469 1454 exprimat,
488 1365 561 1451 ipse
582 1367 687 1434 videa.

301 1465 421 1548 Exiis,
442 1485 525 1554 quac
545 1467 649 1533 adhuc
669 1468 915 1554 disputavimus,
937 1467 1019 1533 satis
1033 1465 1143 1554 liquet,
1164 1465 1206 1533 dc
1219 1467 1322 1532 nostri
1345 1467 1488 1552 opusculi
1507 1473 1638 1536 auctore
1660 1487 1724 1534 non
1746 1469 1829 1534 sotis
1851 1475 2013 1535 constare.

170 1567 334 1654 Numquis
355 1569 440 1634 enim
456 1567 584 1648 credat,
606 1567 646 1634 ab
670 1569 800 1657 eodem,
821 1569 874 1655 rpui
897 1567 1121 1634 delestiniani
1135 1567 1285 1632 Novellis
1307 1569 1564 1634 commentarium
1586 1569 1764 1656 composuit
1787 1573 2016 1660 totuu1,etium

168 1669 289 1734 varias
307 1669 449 1734 eiusdem
468 1669 539 1733 libri
560 1669 719 1735 lectiones
737 1677 913 1754 congestas
933 1687 1010 1735 esse
1031 1669 1063 1734 in
1078 1687 1235 1754 unumque
1255 1660 1437 1734 collectus?
1481 1669 1602 1738 Contra
1616 1691 1709 1756 quam
1728 1670 1769 1733 V.
1785 1669 1833 1736 Cl.
1847 1669 2016 1736 Eduardo

170 1763 438 1858 Zocbanaeotj
461 1769 595 1856 placuit,
630 1771 683 1855 qui
714 1772 819 1856 ipsum
846 1769 927 1835 adeo
950 1768 1163 1834 Athanasium
1191 1788 1249 1855 pro
1278 1771 1381 1834 nostri
1407 1770 1504 1836 libelli
1531 1773 1689 1857 scriptore
1717 1769 1837 1837 habere
1865 1771 2016 1837 voluerit.

171 1867 277 1936 nnus
299 1869 459 1955 opinionis
480 1869 557 1934 illud
589 1870 716 1955 quidem
744 1871 982 1937 tundamentum
1011 1889 1088 1936 esse
1117 1889 1182 1936 non
1209 1875 1337 1957 potest,
1371 1869 1455 1956 quod
1492 1870 1543 1937 hic
1578 1873 1702 1938 libellus
1738 1889 1803 1938 mm
1837 1874 1870 1938 in
1903 1871 2015 1938 codice

171 1971 357 2038 Parisiensi
385 1971 511 2036 Graeco
552 1967 684 2058 1381.,
713 1991 807 2057 quam
829 1973 861 2037 in
883 1991 923 2038 eo
945 1971 1042 2058 libro,
1072 1990 1164 2057 quem
1188 1969 1318 2036 Codicis
1341 1965 1379 2034 B'.
1402 1971 1529 2038 nomine
1551 1971 1723 2058 designare
1745 1973 1915 2050 consuevi,
1945 1991 2016 2038 cum

173 2073 403 2138 Athanasiuno
426 2089 562 2157 corpore
592 2073 782 2139 coniunctus
810 2073 975 2138 habeatur.
1025 2071 1101 2137 Etsi
1128 2071 1211 2138 enim
1232 2071 1293 2137 hoc
1313 2073 1385 2138 viro
1407 2073 1594 2140 doctissimo
1623 2074 1851 2160 concedamus,
1892 2074 2017 2138 huncce

171 2181 321 2240 nostrum
343 2153 482 2239 libellum
503 2173 556 2238 vel
578 2174 716 2238 maxime
738 2173 780 2239 ad
802 2173 1062 2239 Athanasiauum
1084 2191 1201 2258 corpus
1224 2174 1401 2262 pertinere,
1438 2181 1546 2240 tamen
1567 2183 1715 2261 corrupto
1743 2177 1851 2241 horum
1873 2173 2015 2240 codicum

173 2274 365 2342 testimonio
388 2281 510 2339 tantmn
530 2293 596 2339 non
618 2274 796 2352 tribuerim,
818 2281 870 2362 ut,
892 2292 975 2360 quae
995 2274 1172 2338 Athanasii
1192 2293 1255 2338 non
1277 2280 1368 2356 sunt,
1401 2273 1573 2342 Athanasii
1595 2295 1672 2342 esse
1693 2279 1904 2363 pronuntiem.

306 2373 360 2440 De
394 2375 580 2460 integritate
614 2375 719 2440 nostri
756 2373 855 2440 libelli
888 2375 918 2440 si
951 2381 1137 2462 quaeratur,
1196 2393 1266 2439 cum
1298 2375 1331 2439 in
1369 2375 1480 2442 codice
1514 2375 1695 2442 Parisieusi
1728 2377 1855 2444 Graeco
1900 2375 2015 2442 1381.

182 2477 284 2564 plane
304 2493 368 2542 non
389 2475 516 2558 integer
534 2474 706 2564 habeatur,
748 2475 902 2542 dubitatio
923 2476 1137 2542 subnascutur
1158 2481 1301 2561 oportet,
1345 2483 1448 2541 utrum
1470 2477 1502 2542 in
1523 2477 1671 2564 reliquis,
1705 2498 1786 2564 quos
1807 2477 2015 2564 adhibuimus,

176 2577 345 2644 codicibus
372 2576 601 2661 manuscriptis
630 2595 713 2662 quae
742 2577 851 2642 ultimo
879 2576 949 2642 loco
977 2576 1039 2642 hoc
1066 2583 1119 2642 est
1148 2573 1182 2663 3.
1217 2573 1277 2641 31.
1308 2577 1412 2644 relata
1435 2585 1489 2642 est
1516 2579 1696 2666 sententia,
1729 2597 1801 2645 eam
1829 2599 1886 2666 pro
1914 2581 2017 2644 nostri

177 2677 275 2743 libelli
297 2675 361 2741 tine
381 2668 555 2743 habeamus
582 2695 696 2742 necne.
760 2676 853 2766 Ego,
895 2678 949 2764 qui
981 2679 1064 2744 hane
1090 2677 1340 2762 disputationem
1367 2678 1409 2744 ad
1438 2673 1622 2764 disputandi
1650 2680 1860 2746 subtilitatem
1887 2679 2016 2746 videam

179 2798 240 2844 non
268 2776 393 2855 redire,
427 2777 471 2843 ad
501 2777 645 2844 codicum
670 2781 956 2866 manuscriptorum
986 2779 1201 2846 testimonium
1231 2779 1517 2866 auctoritatemque
1539 2779 1741 2847 descendere
1764 2781 1860 2848 volui.
1904 2783 2014 2867 Atque

184 2897 289 2944 omnes
311 2875 438 2962 quidem
459 2876 530 2942 libri
550 2897 645 2944 manu
666 2880 810 2968 exarati,
847 2897 928 2966 quos
957 2878 1082 2966 quidem
1105 2879 1273 2945 consulere
1295 2881 1469 2968 potuerim,
1503 2887 1578 2966 post
1599 2877 1633 2966 3.
1660 2881 1725 2949 21.
1747 2882 1827 2948 nihil
1849 2881 2016 2967 quicquam

187 2978 298 3046 deesse
320 2997 381 3044 uno
404 2997 516 3044 omncs
537 2997 595 3044 ore
616 2985 791 3046 testantur.
820 2977 880 3046 Sic
902 2987 992 3046 certe
1014 2979 1144 3046 codices
1160 2979 1367 3046 Parisieuses
1380 2981 1500 3048 Graeci
1525 2981 1651 3070 1347,
1675 2981 1802 3070 1351.,
1828 2980 1941 3046 1357.
1963 2984 2017 3062 A,

186 3077 594 3166 floenet.A.,n1areianus
620 3079 719 3168 177.,
739 3081 1001 3148 vindobonensis
1022 3077 1098 3160 ts,
1119 3079 1278 3147 Medicaei
1300 3081 1528 3167 plutum.
1550 3082 1620 3150 cod.
1644 3081 1680 3148 8.
1705 3091 1739 3149 et
1764 3084 1835 3171 13,
1857 3083 1934 3168 plut.
1957 3082 2016 3146 lv.

188 3181 251 3246 cod.
276 3179 335 3248 13.
383 3180 458 3246 Ηοο
479 3179 625 3268 aceedit,
662 3181 745 3267 quod
768 3179 802 3270 3.
827 3181 892 3248 81.
912 3201 951 3249 cx
974 3183 1056 3248 tituli
1080 3181 1144 3247 ab.
1167 3189 1271 3248 const.
1294 3181 1331 3247 4.
1355 3183 1502 3249 desumto
1523 3184 1583 3268 sit,
1613 3203 1787 3272 quaeres,
1814 3205 1883 3253 curn
1905 3191 2017 3248 noster

187 3281 305 3348 libellus
333 3282 451 3348 seriem
482 3279 688 3367 ordinemque
717 3283 894 3372 titulorum,
934 3285 987 3369 qui
1019 3283 1104 3368 apud
1132 3283 1345 3348 Athanasium
1371 3283 1522 3371 habetur,
1563 3293 1733 3370 sequatur,
1774 3285 1941 3352 manifesto
1963 3289 2018 3348 est

187 3387 380 3466 argumento,
409 3389 464 3446 aut
485 3401 594 3468 parum
616 3388 671 3447 aut
693 3382 772 3448 nihil
799 3391 876 3470 post
902 3385 967 3450 ista
988 3381 1169 3448 ὑπόκεινται
1190 3385 1254 3447 τῶν
1275 3382 1395 3450 πόλεων
1416 3383 1547 3450 deesse.
1602 3385 1641 3450 ln
1662 3387 1766 3451 medio
1789 3386 1887 3451 totius
1909 3383 2016 3469 operis

187 3489 330 3548 contextu
351 3501 416 3548 non
438 3481 572 3568 desunt,
610 3484 747 3568 quaein
769 3486 880 3550 codice
902 3484 1083 3551 Parisieusi
1105 3483 1163 3549 Gr.
1197 3482 1309 3552 1381.
1343 3485 1541 3574 habeantur,
1575 3487 1608 3552 in
1634 3486 1765 3573 reliquis
1786 3487 1877 3552 libris
1903 3505 2017 3552 manu·

189 3584 310 3670 seriptis
332 3582 450 3649 desint.
495 3579 548 3648 De
571 3603 633 3668 qua
654 3602 691 3649 re
712 3585 796 3652 inira
818 3587 930 3671 paucis
952 3585 1068 3651 dicturi
1089 3605 1208 3650 sumus

301 3684 441 3768 Restat,
469 3689 504 3746 ut
525 3682 688 3749 codicibus
709 3688 952 3772 manuscriptis,
983 3707 1063 3774 quos
1085 3705 1183 3772 supra
1205 3687 1405 3773 enumeravi,
1435 3683 1695 3773 quemadmodum
1716 3707 1794 3752 usus
1821 3687 1897 3766 sim,
1935 3706 2016 3774 pau-

190 3785 232 3850 cis
250 3803 417 3871 exponam.
467 3783 519 3847 Ae
539 3785 663 3869 prinum
684 3786 810 3872 quidem
831 3787 909 3852 illud
930 3790 1023 3873 (quasi
1045 3787 1208 3853 cuiusdam
1230 3787 1426 3852 fundamenti
1447 3789 1518 3852 loco
1540 3785 1719 3874 ponendum
1741 3795 1808 3868 est,
1836 3788 1917 3854 duas
1939 3807 2016 3854 eas-

190 3905 244 3971 que
258 3906 390 3974 prorsus
412 3883 563 3950 diversas
585 3885 745 3975 codicum,
772 3889 885 3974 quibus
914 3895 1026 3954 noster
1046 3889 1172 3954 libellus
1194 3890 1390 3976 continetur,
1416 3889 1553 3953 familias
1574 3887 1616 3952 ad
1638 3895 1780 3954 nostram
1801 3907 1901 3976 usque
1923 3897 2016 3955 aeta·
2115 3885 2120 3898 '
2147 3952 2152 3962 ,

190 3985 467 4072 supervenisse.
518 3986 634 4052 Altera
654 3988 766 4054 codice
788 3989 969 4054 Parisiensi
991 3989 1119 4055 Graeco
1144 3986 1259 4054 1381.
1282 3989 1478 4078 continetur,
1507 3989 1613 4055 altera
1633 3989 1782 4077 reliquis,
1816 4011 1896 4076 quos
1918 4009 2017 4076 supra

192 4089 444 4174 enumeravimus,
465 4085 628 4153 codicibus
648 4089 886 4175 manuscriptis.
922 4087 1013 4170 Quae
1035 4109 1091 4156 res
1116 4110 1208 4176 quum
1229 4091 1302 4156 aliis
1323 4092 1521 4174 argumentis
1542 4090 1787 4166 demonstratur,
1809 4097 1874 4156 tum
1895 4093 2016 4156 utrius-

191 4205 245 4272 que
262 4195 434 4255 contextus
455 4188 578 4254 lacunis
599 4189 852 4276 reliquorumque
873 4191 1017 4257 codicum
1038 4191 1070 4255 in
1093 4189 1225 4256 easdem
1248 4193 1450 4276 corruptelas
1472 4211 1634 4259 consensu
1655 4192 1739 4257 satis
1761 4191 1952 4258 declaratur.

302 4289 355 4356 lle
376 4289 501 4356 laconis
522 4291 571 4356 sic
591 4289 721 4356 habeto.
772 4289 863 4372 Quae
891 4289 926 4380 3.
952 4291 1012 4356 10.
1044 4291 1119 4358 inde
1147 4311 1168 4357 a
1195 4292 1306 4358 verbis
1341 4288 1359 4356 ὁ
1381 4295 1616 4379 portamusque
1638 4293 1804 4358 adverba
1831 4291 2015 4378 ιὶχιιριστειῑ

191 4390 428 4472 turbabantur,
471 4393 505 4458 in
535 4393 648 4458 codiee
675 4391 857 4458 Parisiensi
893 4393 1020 4459 Graeco
1054 4389 1167 4458 1381.
1197 4413 1260 4460 nou
1290 4393 1424 4480 desunt,
1473 4395 1590 4460 desunt
1617 4394 1783 4460 antemio
1812 4393 1883 4459 cod.
1913 4393 2015 4460 Mare.

196 4487 289 4568 177.,
323 4492 461 4560 llaenel.
484 4493 547 4580 A.,
580 4491 844 4581 Paris.1347.,
870 4491 984 4560 1351.
992 4541 1004 4581 ,
1032 4491 1145 4560 1357.
1168 4495 1210 4560 A.
1255 4493 1375 4560 Contra
1396 4515 1476 4561 vero
1498 4494 1533 4580 §.
1556 4492 1593 4560 4.
1622 4499 1697 4580 post
1719 4491 1902 4584 ἐξεταζέτω,
1934 4513 2016 4584 quae

191 4590 342 4662 incodice
362 4595 470 4660 Paris.
497 4589 610 4660 1381.
633 4593 769 4660 habetur
789 4595 918 4684 lacuna,
947 4591 1092 4662 aCodd.
1116 4596 1218 4662 Marc.
1246 4595 1345 4683 177.,
1373 4595 1478 4662 Paris.
1506 4592 1621 4659 1317.
1646 4603 1679 4661 et
1700 4595 1839 4661 llaenel.
1863 4599 1903 4661 A.
1925 4603 2016 4661 recte

192 4692 351 4782 ordineque
372 4695 550 4781 suppletur.
603 4693 705 4762 Porro
726 4695 761 4781 3.
784 4694 822 4762 4.
844 4697 941 4764 iidem
962 4695 1093 4763 codices
1114 4695 1234 4762 habent
1254 4693 1331 4782 πρὸς
1352 4693 1389 4760 τὸ
1412 4697 1462 4760 tut
1483 4691 1609 4772 τούτοις
1629 4703 1809 4782 συμφέρον,
1838 4715 1907 4760 eum
1935 4691 2014 4760 Ced.
2060 4751 2073 4767 ,

190 4789 284 4861 Paris.
309 4791 423 4862 1381.
444 4792 523 4880 πρὸς
538 4791 582 4858 ’τὸ
603 4803 767 4882 συμφέρον
788 4797 918 4864 habeat.
950 4799 1060 4884 Atque
1081 4799 1179 4864 etiam
1199 4796 1295 4863 iidem
1315 4797 1385 4862 libri
1407 4797 1562 4884 lacunam,
1584 4816 1667 4882 quae
1688 4797 1724 4886 3.
1747 4794 1783 4862 6.
1806 4803 1880 4881 post
1900 4813 2015 4861 vocem

192 4893 398 4984 διηγορευμένη
412 4897 446 4960 in
457 4895 562 4960 Paris.
581 4893 696 4961 1381.
714 4897 860 4986 habetur,
880 4905 971 4965 recte
983 4899 1127 4984 explent.
1163 4897 1313 4984 Denique
1330 4895 1365 4986 3.
1384 4896 1443 4963 ta.
1459 4897 1554 4966 iidem
1569 4899 1699 4965 cedices
1712 4904 1787 4984 post
1801 4915 1912 4962 vocem
1926 4893 2014 4978 αὐτῷ

193 4995 267 5062 satis
285 5005 359 5084 apte
381 4998 540 5066 dederunt
560 4993 647 5062 κατὰ
664 4998 726 5062 ’τοὺ
747 4997 903 5064 δεσπότου
924 4995 1041 5077 αὐτῶν,
1064 5018 1148 5086 quae
1169 4999 1295 5086 quidem
1317 5001 1421 5065 omniu
1441 5000 1475 5066 in
1496 4999 1606 5064 codice
1624 4999 1729 5066 Paris.
1749 4996 1862 5062 1381.
1887 4995 2013 5061 desunt.

301 5099 354 5166 lle
376 5099 569 5184 sbugularum
597 5117 712 5165 vocum
740 5099 950 5186 corruptelis,
982 5099 1017 5164 in
1045 5099 1159 5187 quibus
1180 5101 1296 5187 reliqui
1317 5100 1489 5166 codicesa
1515 5099 1637 5165 codicis
1667 5099 1865 5164 Parisieusis
1896 5095 2015 5162 Graeci

194 5195 294 5268 1381.
321 5201 385 5268 tide
411 5201 544 5287 abeunt,
583 5201 632 5267 sic
659 5200 794 5265 habeto:
838 5196 870 5286 3.
900 5197 936 5264 3.
964 5197 1077 5268 Codex
1104 5201 1211 5268 Paris.
1244 5197 1358 5269 1381.
1392 5201 1492 5268 habet
1524 5207 1742 5290 νεκνίνισταις
1791 5197 1892 5264 Codd.
1922 5199 2015 5264 llae-

189 5299 244 5366 nel
263 5301 320 5392 A.,
361 5299 463 5370 llere.
496 5299 584 5366 177.
607 5307 641 5366 et
667 5300 775 5366 Paris.
809 5297 925 5365 1347.
955 5300 1189 5369 κοκννόνιστνι.
1255 5303 1358 5369 Porro
1395 5303 1511 5369 ibidem
1550 5298 1648 5365 iidem
1684 5298 1813 5366 codices
1847 5307 2014 5382 κινουμένη

189 5397 310 5486 babent,
332 5421 404 5468 cum
424 5401 531 5467 Paris.
557 5397 673 5468 1381.
695 5405 820 5482 κειμένη
841 5399 968 5469 habeat.
1022 5402 1134 5471 Paullo
1156 5413 1232 5492 post
1251 5405 1349 5470 iidem
1371 5403 1499 5470 codices
1522 5400 1640 5467 hubent
1661 5403 1724 5464 τῶν
1745 5397 1914 5488 ἀριθμῶν,
1944 5421 2014 5468 cum

190 5497 259 5568 Ceri.
286 5503 394 5570 Paris.
427 5499 542 5568 1381.
562 5499 621 5567 τὸν
648 5497 797 5616 dprquv
824 5501 953 5571 habeat.
1023 5505 1133 5592 Atque
1161 5507 1260 5574 etiam
1287 5503 1322 5594 3.
1350 5502 1386 5571 4.
1414 5499 1493 5570 Col.
1515 5501 1621 5568 l'ariS.
1656 5497 1770 5568 1381.
1800 5499 1818 5576 ἢ
1841 5504 2013 5588 παρθένων

325 5809 356 5870 1)
371 5809 404 5863 ln
419 5808 503 5864 llbro:
519 5804 550 5860 at
565 5807 646 5879 ῥοπαὶ
659 5823 687 5875 p.
702 5809 745 5862 31.
761 5811 804 5861 bt.
821 5815 849 5862 at
863 5811 906 5863 81.
1012 5803 1016 5812 ’
