<?xml version="1.0" encoding="UTF-8"?>
<!DOCTYPE html PUBLIC "-//W3C//DTD XHTML 1.0 Transitional//EN"
    "http://www.w3.org/TR/xhtml1/DTD/xhtml1-transitional.dtd">
<html xmlns="http://www.w3.org/1999/xhtml" xml:lang="en" lang="en">
 <head>
  <title>
</title>
<meta http-equiv="Content-Type" content="text/html;charset=utf-8" />
  <meta name='ocr-system' content='tesseract 3.04.00' />
  <meta name='ocr-capabilities' content='ocr_page ocr_carea ocr_par ocr_line ocrx_word'/>
</head>
<body>
  <div class='ocr_page' id='page_1' title='image "./anekdotaexcodic00theogoog_0464.png"; bbox 0 0 4802 7060; ppageno 0'>
   <div class='ocr_carea' id='block_1_1' title="bbox 946 497 2045 570">
    <p class='ocr_par' dir='ltr' id='par_1_1' title="bbox 946 497 2045 570">
     <span class='ocr_line' id='line_1_1' title="bbox 946 497 2045 570; baseline 0.002 -6"><span class='ocrx_word' id='word_1_1' title='bbox 946 497 1185 570; x_wconf 80' lang='lat' dir='ltr'><strong>CAPUT</strong></span> <span class='ocrx_word' id='word_1_2' title='bbox 1249 505 1320 566; x_wconf 92' lang='grc'><strong>111.</strong></span> <span class='ocrx_word' id='word_1_3' title='bbox 1988 523 2045 568; x_wconf 80' lang='lat' dir='ltr'><strong>uxr</strong></span> 
     </span>
    </p>
   </div>
   <div class='ocr_carea' id='block_1_2' title="bbox 161 681 2044 4411">
    <p class='ocr_par' dir='ltr' id='par_1_2' title="bbox 166 681 2044 3308">
     <span class='ocr_line' id='line_1_2' title="bbox 172 681 2043 771; baseline 0.004 -23"><span class='ocrx_word' id='word_1_4' title='bbox 172 703 228 771; x_wconf 89' lang='lat' dir='ltr'><strong>pra</strong></span> <span class='ocrx_word' id='word_1_5' title='bbox 257 681 414 760; x_wconf 86' lang='lat' dir='ltr'><strong>vidimus,</strong></span> <span class='ocrx_word' id='word_1_6' title='bbox 458 681 632 768; x_wconf 85' lang='lat' dir='ltr'><strong>putendum</strong></span> <span class='ocrx_word' id='word_1_7' title='bbox 661 687 749 768; x_wconf 86' lang='lat' dir='ltr'><strong>erat,</strong></span> <span class='ocrx_word' id='word_1_8' title='bbox 791 685 985 770; x_wconf 85' lang='lat' dir='ltr'><strong>praesertim</strong></span> <span class='ocrx_word' id='word_1_9' title='bbox 1015 703 1085 752; x_wconf 91' lang='lat' dir='ltr'><strong>cum</strong></span> <span class='ocrx_word' id='word_1_10' title='bbox 1114 685 1229 752; x_wconf 84' lang='lat' dir='ltr'><strong>Codici</strong></span> <span class='ocrx_word' id='word_1_11' title='bbox 1260 685 1421 753; x_wconf 84' lang='lat' dir='ltr'><strong>Vaticano</strong></span> <span class='ocrx_word' id='word_1_12' title='bbox 1450 684 1557 751; x_wconf 89' lang='lat' dir='ltr'><strong>moltis</strong></span> <span class='ocrx_word' id='word_1_13' title='bbox 1593 685 1628 751; x_wconf 88' lang='lat' dir='ltr'><strong>in</strong></span> <span class='ocrx_word' id='word_1_14' title='bbox 1656 686 1738 752; x_wconf 86' lang='lat' dir='ltr'><strong>locis</strong></span> <span class='ocrx_word' id='word_1_15' title='bbox 1768 688 1967 770; x_wconf 86' lang='lat' dir='ltr'><strong>consentiat,</strong></span> <span class='ocrx_word' id='word_1_16' title='bbox 2012 691 2043 755; x_wconf 90' lang='lat' dir='ltr'><strong>si</strong></span> 
     </span>
     <span class='ocr_line' id='line_1_3' title="bbox 171 781 2039 874; baseline 0.001 -24"><span class='ocrx_word' id='word_1_17' title='bbox 171 783 298 872; x_wconf 88' lang='lat' dir='ltr'><strong>quando</strong></span> <span class='ocrx_word' id='word_1_18' title='bbox 327 781 499 859; x_wconf 86' lang='lat' dir='ltr'><strong>acciderit,</strong></span> <span class='ocrx_word' id='word_1_19' title='bbox 541 793 576 850; x_wconf 91' lang='lat' dir='ltr'><strong>nt</strong></span> <span class='ocrx_word' id='word_1_20' title='bbox 605 785 719 872; x_wconf 89' lang='lat' dir='ltr'><strong>reliqui</strong></span> <span class='ocrx_word' id='word_1_21' title='bbox 748 784 880 851; x_wconf 88' lang='lat' dir='ltr'><strong>codices</strong></span> <span class='ocrx_word' id='word_1_22' title='bbox 906 786 1118 872; x_wconf 90' lang='lat' dir='ltr'><strong>manuscripti</strong></span> <span class='ocrx_word' id='word_1_23' title='bbox 1148 784 1234 854; x_wconf 85' lang='lat' dir='ltr'><strong>aliud</strong></span> <span class='ocrx_word' id='word_1_24' title='bbox 1257 787 1334 873; x_wconf 92' lang='lat' dir='ltr'><strong>quid</strong></span> <span class='ocrx_word' id='word_1_25' title='bbox 1356 787 1550 872; x_wconf 72' lang='lat' dir='ltr'><strong>praeferant.</strong></span> <span class='ocrx_word' id='word_1_26' title='bbox 1594 785 1654 854; x_wconf 88' lang='lat' dir='ltr'><strong>Sic</strong></span> <span class='ocrx_word' id='word_1_27' title='bbox 1684 807 1754 874; x_wconf 90' lang='lat' dir='ltr'><strong>cap.</strong></span> <span class='ocrx_word' id='word_1_28' title='bbox 1781 788 1940 855; x_wconf 83' lang='lat' dir='ltr'><strong>1.10.et</strong></span> <span class='ocrx_word' id='word_1_29' title='bbox 1965 790 2039 856; x_wconf 88' lang='lat' dir='ltr'><strong>Vat.</strong></span> 
     </span>
     <span class='ocr_line' id='line_1_4' title="bbox 171 884 2043 979; baseline 0.002 -27"><span class='ocrx_word' id='word_1_30' title='bbox 171 887 383 971; x_wconf 69' lang='grc' dir='ltr'><em>προσκυνηταὶ</em></span> <span class='ocrx_word' id='word_1_31' title='bbox 405 905 462 970; x_wconf 89' lang='lat' dir='ltr'><strong>pro</strong></span> <span class='ocrx_word' id='word_1_32' title='bbox 484 884 755 970; x_wconf 81' lang='grc' dir='ltr'><em>προσκινούμενοι</em></span> <span class='ocrx_word' id='word_1_33' title='bbox 777 887 914 978; x_wconf 74' lang='lat' dir='ltr'><strong>habent3</strong></span> <span class='ocrx_word' id='word_1_34' title='bbox 936 889 985 953; x_wconf 85' lang='lat' dir='ltr'><strong>sic</strong></span> <span class='ocrx_word' id='word_1_35' title='bbox 1000 905 1070 973; x_wconf 78' lang='lat' dir='ltr'><strong>cap).</strong></span> <span class='ocrx_word' id='word_1_36' title='bbox 1085 886 1121 950; x_wconf 89' lang='grc'><strong>5.</strong></span> <span class='ocrx_word' id='word_1_37' title='bbox 1143 887 1176 952; x_wconf 84' lang='grc' dir='ltr'><strong>ἰν</strong></span> <span class='ocrx_word' id='word_1_38' title='bbox 1199 897 1334 974; x_wconf 86' lang='lat' dir='ltr'><strong>utroque</strong></span> <span class='ocrx_word' id='word_1_39' title='bbox 1356 887 1436 953; x_wconf 84' lang='lat' dir='ltr'><strong>libro</strong></span> <span class='ocrx_word' id='word_1_40' title='bbox 1459 885 1518 952; x_wconf 83' lang='grc' dir='ltr'><em>οὐκ</em></span> <span class='ocrx_word' id='word_1_41' title='bbox 1532 891 1609 952; x_wconf 88' lang='lat' dir='ltr'><strong>ante</strong></span> <span class='ocrx_word' id='word_1_42' title='bbox 1630 886 1841 967; x_wconf 77' lang='grc' dir='ltr'><em>αὐτεξουσιόυ</em></span> <span class='ocrx_word' id='word_1_43' title='bbox 1863 890 1978 979; x_wconf 77' lang='lat' dir='ltr'><strong>deest3</strong></span> <span class='ocrx_word' id='word_1_44' title='bbox 1993 893 2043 956; x_wconf 84' lang='lat' dir='ltr'><strong>sic</strong></span> 
     </span>
     <span class='ocr_line' id='line_1_5' title="bbox 169 983 2039 1082; baseline 0.001 -28"><span class='ocrx_word' id='word_1_45' title='bbox 169 1007 241 1074; x_wconf 81' lang='lat' dir='ltr'><strong>cap.</strong></span> <span class='ocrx_word' id='word_1_46' title='bbox 257 983 290 1050; x_wconf 83' lang='grc'><strong>9.</strong></span> <span class='ocrx_word' id='word_1_47' title='bbox 308 983 468 1050; x_wconf 78' lang='grc' dir='ltr'><em>ἰδιωτικόν</em></span> <span class='ocrx_word' id='word_1_48' title='bbox 481 1005 540 1071; x_wconf 83' lang='lat' dir='ltr'><strong>pro</strong></span> <span class='ocrx_word' id='word_1_49' title='bbox 555 985 684 1066; x_wconf 75' lang='grc' dir='ltr'><em>ἰδιώτην</em></span> <span class='ocrx_word' id='word_1_50' title='bbox 699 986 816 1053; x_wconf 83' lang='lat' dir='ltr'>ibidem</span> <span class='ocrx_word' id='word_1_51' title='bbox 830 988 980 1076; x_wconf 79' lang='lat' dir='ltr'><strong>habetur3</strong></span> <span class='ocrx_word' id='word_1_52' title='bbox 1002 989 1050 1052; x_wconf 83' lang='lat' dir='ltr'><strong>sic</strong></span> <span class='ocrx_word' id='word_1_53' title='bbox 1067 1005 1140 1074; x_wconf 80' lang='lat' dir='ltr'><strong>cap.</strong></span> <span class='ocrx_word' id='word_1_54' title='bbox 1165 985 1224 1052; x_wconf 87' lang='grc'><strong>13.</strong></span> <span class='ocrx_word' id='word_1_55' title='bbox 1240 984 1416 1072; x_wconf 80' lang='grc' dir='ltr'><em>ὡρισμένον</em></span> <span class='ocrx_word' id='word_1_56' title='bbox 1433 1009 1491 1074; x_wconf 85' lang='lat' dir='ltr'><strong>pro</strong></span> <span class='ocrx_word' id='word_1_57' title='bbox 1505 987 1640 1072; x_wconf 78' lang='grc' dir='ltr'><em>ἄριστον</em></span> <span class='ocrx_word' id='word_1_58' title='bbox 1662 993 1798 1075; x_wconf 80' lang='lat' dir='ltr'><strong>uterque</strong></span> <span class='ocrx_word' id='word_1_59' title='bbox 1821 990 1902 1057; x_wconf 86' lang='lat' dir='ltr'><strong>liber·</strong></span> <span class='ocrx_word' id='word_1_60' title='bbox 1918 991 2039 1082; x_wconf 76' lang='lat' dir='ltr'><strong>habet3</strong></span> 
     </span>
     <span class='ocr_line' id='line_1_6' title="bbox 170 1084 2033 1178; baseline 0.002 -23"><span class='ocrx_word' id='word_1_61' title='bbox 170 1093 218 1155; x_wconf 89' lang='lat' dir='ltr'><strong>sic</strong></span> <span class='ocrx_word' id='word_1_62' title='bbox 230 1107 302 1172; x_wconf 91' lang='lat' dir='ltr'><strong>cap.</strong></span> <span class='ocrx_word' id='word_1_63' title='bbox 318 1085 382 1152; x_wconf 80' lang='grc'><strong>85.</strong></span> <span class='ocrx_word' id='word_1_64' title='bbox 395 1085 512 1152; x_wconf 84' lang='lat' dir='ltr'><strong>ibidem</strong></span> <span class='ocrx_word' id='word_1_65' title='bbox 528 1084 617 1171; x_wconf 73' lang='grc' dir='ltr'><em>αὐτῷ</em></span> <span class='ocrx_word' id='word_1_66' title='bbox 634 1107 693 1174; x_wconf 92' lang='lat' dir='ltr'><strong>pru</strong></span> <span class='ocrx_word' id='word_1_67' title='bbox 707 1085 962 1174; x_wconf 79' lang='grc' dir='ltr'><em>αὑτωνροελλνιν</em></span> <span class='ocrx_word' id='word_1_68' title='bbox 977 1095 1050 1178; x_wconf 78' lang='lat' dir='ltr'><strong>est3</strong></span> <span class='ocrx_word' id='word_1_69' title='bbox 1073 1086 1209 1174; x_wconf 90' lang='lat' dir='ltr'><strong>denique</strong></span> <span class='ocrx_word' id='word_1_70' title='bbox 1222 1107 1292 1174; x_wconf 89' lang='lat' dir='ltr'><strong>cap.</strong></span> <span class='ocrx_word' id='word_1_71' title='bbox 1309 1084 1373 1154; x_wconf 80' lang='lat'><strong>86.</strong></span> <span class='ocrx_word' id='word_1_72' title='bbox 1388 1095 1465 1174; x_wconf 89' lang='lat' dir='ltr'><strong>post</strong></span> <span class='ocrx_word' id='word_1_73' title='bbox 1480 1087 1599 1154; x_wconf 77' lang='grc' dir='ltr'><em>τούτου</em></span> <span class='ocrx_word' id='word_1_74' title='bbox 1621 1091 1724 1156; x_wconf 89' lang='lat' dir='ltr'><strong>verba</strong></span> <span class='ocrx_word' id='word_1_75' title='bbox 1746 1089 1784 1154; x_wconf 84' lang='lat' dir='ltr'><strong>oi</strong></span> <span class='ocrx_word' id='word_1_76' title='bbox 1805 1088 1906 1173; x_wconf 84' lang='grc' dir='ltr'><em>μόνον</em></span> <span class='ocrx_word' id='word_1_77' title='bbox 1927 1095 2033 1159; x_wconf 84' lang='lat' dir='ltr'><strong>iuter-</strong></span> 
     </span>
     <span class='ocr_line' id='line_1_7' title="bbox 172 1186 2043 1278; baseline 0.004 -24"><span class='ocrx_word' id='word_1_78' title='bbox 172 1197 338 1277; x_wconf 90' lang='lat' dir='ltr'><strong>ponnntur.</strong></span> <span class='ocrx_word' id='word_1_79' title='bbox 375 1186 439 1252; x_wconf 85' lang='lat' dir='ltr'><strong>Est</strong></span> <span class='ocrx_word' id='word_1_80' title='bbox 462 1193 582 1275; x_wconf 86' lang='lat' dir='ltr'><strong>tamen,</strong></span> <span class='ocrx_word' id='word_1_81' title='bbox 605 1191 656 1254; x_wconf 92' lang='lat' dir='ltr'><strong>ubi</strong></span> <span class='ocrx_word' id='word_1_82' title='bbox 679 1195 713 1256; x_wconf 94' lang='lat' dir='ltr'><strong>et</strong></span> <span class='ocrx_word' id='word_1_83' title='bbox 734 1191 1064 1276; x_wconf 89' lang='lat' dir='ltr'><strong>ipseNumocanuuis</strong></span> <span class='ocrx_word' id='word_1_84' title='bbox 1086 1191 1225 1276; x_wconf 86' lang='lat' dir='ltr'><strong>scriptor</strong></span> <span class='ocrx_word' id='word_1_85' title='bbox 1251 1189 1334 1256; x_wconf 89' lang='lat' dir='ltr'><strong>satis</strong></span> <span class='ocrx_word' id='word_1_86' title='bbox 1357 1195 1540 1275; x_wconf 79' lang='lat' dir='ltr'><strong>corruptam</strong></span> <span class='ocrx_word' id='word_1_87' title='bbox 1566 1190 1938 1278; x_wconf 57' lang='lat' dir='ltr'><strong>scripturamlsequatur.</strong></span> <span class='ocrx_word' id='word_1_88' title='bbox 1983 1192 2043 1261; x_wconf 83' lang='lat' dir='ltr'><strong>Sic</strong></span> 
     </span>
     <span class='ocr_line' id='line_1_8' title="bbox 172 1286 2040 1380; baseline 0.001 -22"><span class='ocrx_word' id='word_1_89' title='bbox 172 1313 240 1378; x_wconf 86' lang='lat' dir='ltr'><strong>cup.</strong></span> <span class='ocrx_word' id='word_1_90' title='bbox 268 1290 329 1354; x_wconf 97' lang='grc'><strong>13.</strong></span> <span class='ocrx_word' id='word_1_91' title='bbox 352 1286 444 1352; x_wconf 78' lang='grc' dir='ltr'><em>οὐδέν</em></span> <span class='ocrx_word' id='word_1_92' title='bbox 465 1287 601 1356; x_wconf 78' lang='grc' dir='ltr'><em>δεόντων</em></span> <span class='ocrx_word' id='word_1_93' title='bbox 625 1312 681 1376; x_wconf 83' lang='lat' dir='ltr'><strong>pro</strong></span> <span class='ocrx_word' id='word_1_94' title='bbox 704 1289 743 1356; x_wconf 87' lang='grc' dir='ltr'><em>οὐ</em></span> <span class='ocrx_word' id='word_1_95' title='bbox 765 1287 931 1379; x_wconf 54' lang='lat' dir='ltr'><strong>dedictum</strong></span> <span class='ocrx_word' id='word_1_96' title='bbox 975 1311 1046 1377; x_wconf 84' lang='lat' dir='ltr'><strong>cap.</strong></span> <span class='ocrx_word' id='word_1_97' title='bbox 1080 1289 1140 1354; x_wconf 77' lang='grc'><strong>11.</strong></span> <span class='ocrx_word' id='word_1_98' title='bbox 1163 1288 1292 1356; x_wconf 81' lang='grc' dir='ltr'><em>σύνεσιν</em></span> <span class='ocrx_word' id='word_1_99' title='bbox 1319 1310 1378 1376; x_wconf 83' lang='lat' dir='ltr'><strong>pro</strong></span> <span class='ocrx_word' id='word_1_100' title='bbox 1400 1295 1604 1380; x_wconf 76' lang='lat' dir='ltr'><strong>ouuar&#39;ueucu3</strong></span> <span class='ocrx_word' id='word_1_101' title='bbox 1647 1309 1717 1378; x_wconf 84' lang='lat' dir='ltr'><strong>cup.</strong></span> <span class='ocrx_word' id='word_1_102' title='bbox 1752 1289 1812 1358; x_wconf 82' lang='lat' dir='ltr'><strong>lb.</strong></span> <span class='ocrx_word' id='word_1_103' title='bbox 1836 1294 2040 1380; x_wconf 74' lang='grc' dir='ltr'><em>ὃιοριζεσθαι</em></span> 
     </span>
     <span class='ocr_line' id='line_1_9' title="bbox 169 1387 2044 1485; baseline 0 -29"><span class='ocrx_word' id='word_1_104' title='bbox 169 1413 228 1479; x_wconf 91' lang='lat' dir='ltr'><strong>pro</strong></span> <span class='ocrx_word' id='word_1_105' title='bbox 250 1390 476 1482; x_wconf 61' lang='grc' dir='ltr'><em>ὄιαρίζεσθαις</em></span> <span class='ocrx_word' id='word_1_106' title='bbox 506 1411 578 1477; x_wconf 89' lang='lat' dir='ltr'><strong>cap.</strong></span> <span class='ocrx_word' id='word_1_107' title='bbox 603 1389 666 1456; x_wconf 86' lang='grc'><strong>26.</strong></span> <span class='ocrx_word' id='word_1_108' title='bbox 689 1389 893 1478; x_wconf 79' lang='grc' dir='ltr'><em>ἀδιορίστονς</em></span> <span class='ocrx_word' id='word_1_109' title='bbox 914 1411 972 1478; x_wconf 89' lang='lat' dir='ltr'><strong>pro</strong></span> <span class='ocrx_word' id='word_1_110' title='bbox 994 1389 1218 1482; x_wconf 71' lang='lat' dir='ltr'><strong>cidrapr&#39;orouc3</strong></span> <span class='ocrx_word' id='word_1_111' title='bbox 1262 1411 1333 1478; x_wconf 85' lang='lat' dir='ltr'><strong>cap.</strong></span> <span class='ocrx_word' id='word_1_112' title='bbox 1357 1388 1422 1456; x_wconf 92' lang='grc'><strong>22.</strong></span> <span class='ocrx_word' id='word_1_113' title='bbox 1443 1393 1560 1476; x_wconf 80' lang='grc' dir='ltr'><em>νεαρᾶς</em></span> <span class='ocrx_word' id='word_1_114' title='bbox 1586 1387 1706 1472; x_wconf 81' lang='grc' dir='ltr'><em>Ῥώμης</em></span> <span class='ocrx_word' id='word_1_115' title='bbox 1735 1413 1792 1480; x_wconf 89' lang='lat' dir='ltr'><strong>pro</strong></span> <span class='ocrx_word' id='word_1_116' title='bbox 1813 1402 1888 1470; x_wconf 88' lang='grc' dir='ltr'><em>νέας</em></span> <span class='ocrx_word' id='word_1_117' title='bbox 1905 1392 2044 1485; x_wconf 54' lang='grc' dir='ltr'><em>Ῥώμηςρ</em></span> 
     </span>
     <span class='ocr_line' id='line_1_10' title="bbox 171 1487 2042 1583; baseline 0 -23"><span class='ocrx_word' id='word_1_118' title='bbox 171 1515 240 1579; x_wconf 89' lang='lat' dir='ltr'><strong>cap.</strong></span> <span class='ocrx_word' id='word_1_119' title='bbox 265 1489 327 1556; x_wconf 82' lang='grc'><strong>27.</strong></span> <span class='ocrx_word' id='word_1_120' title='bbox 350 1487 512 1574; x_wconf 79' lang='grc' dir='ltr'><em>πρόσοδον</em></span> <span class='ocrx_word' id='word_1_121' title='bbox 534 1513 592 1578; x_wconf 90' lang='lat' dir='ltr'><strong>pro</strong></span> <span class='ocrx_word' id='word_1_122' title='bbox 614 1491 771 1583; x_wconf 64' lang='grc' dir='ltr'><em>πρόοδονς</em></span> <span class='ocrx_word' id='word_1_123' title='bbox 811 1512 882 1578; x_wconf 90' lang='lat' dir='ltr'><strong>cap.</strong></span> <span class='ocrx_word' id='word_1_124' title='bbox 908 1493 970 1558; x_wconf 80' lang='lat'><strong>50.</strong></span> <span class='ocrx_word' id='word_1_125' title='bbox 1000 1495 1217 1576; x_wconf 72' lang='grc' dir='ltr'><strong>καταλεγῆναι</strong></span> <span class='ocrx_word' id='word_1_126' title='bbox 1243 1513 1302 1580; x_wconf 93' lang='lat' dir='ltr'><strong>pro</strong></span> <span class='ocrx_word' id='word_1_127' title='bbox 1330 1495 1567 1574; x_wconf 78' lang='grc' dir='ltr'><strong>καταταγῆναι.</strong></span> <span class='ocrx_word' id='word_1_128' title='bbox 1611 1491 1764 1580; x_wconf 77' lang='lat' dir='ltr'><strong>idemque</strong></span> <span class='ocrx_word' id='word_1_129' title='bbox 1794 1495 1874 1560; x_wconf 89' lang='lat' dir='ltr'><strong>liber</strong></span> <span class='ocrx_word' id='word_1_130' title='bbox 1905 1503 1959 1560; x_wconf 88' lang='lat' dir='ltr'><strong>est</strong></span> <span class='ocrx_word' id='word_1_131' title='bbox 1988 1497 2042 1562; x_wconf 92' lang='lat' dir='ltr'><strong>ubi</strong></span> 
     </span>
     <span class='ocr_line' id='line_1_11' title="bbox 170 1591 2043 1680; baseline -0.001 -19"><span class='ocrx_word' id='word_1_132' title='bbox 170 1597 315 1678; x_wconf 85' lang='lat' dir='ltr'><strong>lacunas,</strong></span> <span class='ocrx_word' id='word_1_133' title='bbox 337 1611 418 1677; x_wconf 88' lang='lat' dir='ltr'><strong>quus</strong></span> <span class='ocrx_word' id='word_1_134' title='bbox 439 1593 553 1677; x_wconf 77' lang='lat' dir='ltr'>reliqui</span> <span class='ocrx_word' id='word_1_135' title='bbox 576 1595 647 1658; x_wconf 84' lang='lat' dir='ltr'>libri</span> <span class='ocrx_word' id='word_1_136' title='bbox 669 1614 733 1659; x_wconf 93' lang='lat' dir='ltr'><strong>non</strong></span> <span class='ocrx_word' id='word_1_137' title='bbox 755 1593 886 1679; x_wconf 89' lang='lat' dir='ltr'><strong>babent,</strong></span> <span class='ocrx_word' id='word_1_138' title='bbox 910 1594 1084 1680; x_wconf 86' lang='lat' dir='ltr'><strong>praeterat.</strong></span> <span class='ocrx_word' id='word_1_139' title='bbox 1129 1594 1189 1660; x_wconf 86' lang='lat' dir='ltr'><strong>Sic</strong></span> <span class='ocrx_word' id='word_1_140' title='bbox 1210 1595 1332 1659; x_wconf 87' lang='lat' dir='ltr'><strong>omissa</strong></span> <span class='ocrx_word' id='word_1_141' title='bbox 1353 1599 1430 1660; x_wconf 91' lang='lat' dir='ltr'><strong>suut</strong></span> <span class='ocrx_word' id='word_1_142' title='bbox 1450 1613 1521 1680; x_wconf 89' lang='lat' dir='ltr'><strong>cap.</strong></span> <span class='ocrx_word' id='word_1_143' title='bbox 1549 1593 1610 1659; x_wconf 86' lang='lat'><strong>10.</strong></span> <span class='ocrx_word' id='word_1_144' title='bbox 1634 1593 1736 1660; x_wconf 89' lang='lat' dir='ltr'><strong>verba</strong></span> <span class='ocrx_word' id='word_1_145' title='bbox 1766 1593 1786 1673; x_wconf 79' lang='grc' dir='ltr'><strong><em>ἢ</em></strong></span> <span class='ocrx_word' id='word_1_146' title='bbox 1811 1591 1898 1660; x_wconf 81' lang='grc' dir='ltr'><em>κατὰ</em></span> <span class='ocrx_word' id='word_1_147' title='bbox 1919 1618 2043 1680; x_wconf 68' lang='lat' dir='ltr'><strong>apope-</strong></span> 
     </span>
     <span class='ocr_line' id='line_1_12' title="bbox 168 1691 2044 1788; baseline 0.002 -27"><span class='ocrx_word' id='word_1_148' title='bbox 168 1703 284 1780; x_wconf 88' lang='grc' dir='ltr'><em>μιαιάν</em></span> <span class='ocrx_word' id='word_1_149' title='bbox 305 1691 444 1782; x_wconf 57' lang='lat' dir='ltr'><strong>rimosum</strong></span> <span class='ocrx_word' id='word_1_150' title='bbox 489 1701 587 1780; x_wconf 87' lang='lat' dir='ltr'><strong>caput</strong></span> <span class='ocrx_word' id='word_1_151' title='bbox 612 1692 674 1761; x_wconf 87' lang='grc'><strong>1-1.</strong></span> <span class='ocrx_word' id='word_1_152' title='bbox 701 1695 982 1788; x_wconf 57' lang='lat' dir='ltr'><strong>reciprocatorum</strong></span> <span class='ocrx_word' id='word_1_153' title='bbox 1023 1716 1094 1783; x_wconf 82' lang='lat' dir='ltr'><strong>cap.</strong></span> <span class='ocrx_word' id='word_1_154' title='bbox 1118 1695 1183 1762; x_wconf 88' lang='grc'><strong>33.</strong></span> <span class='ocrx_word' id='word_1_155' title='bbox 1207 1699 1397 1786; x_wconf 72' lang='grc' dir='ltr'><em>έπίσκοπσν;</em></span> <span class='ocrx_word' id='word_1_156' title='bbox 1440 1713 1510 1780; x_wconf 86' lang='lat' dir='ltr'><strong>cap.</strong></span> <span class='ocrx_word' id='word_1_157' title='bbox 1536 1693 1598 1760; x_wconf 83' lang='grc'><strong>37.</strong></span> <span class='ocrx_word' id='word_1_158' title='bbox 1622 1713 1724 1760; x_wconf 85' lang='lat' dir='ltr'><strong>voces</strong></span> <span class='ocrx_word' id='word_1_159' title='bbox 1746 1693 1765 1773; x_wconf 78' lang='grc' dir='ltr'><em>ι’]</em></span> <span class='ocrx_word' id='word_1_160' title='bbox 1786 1701 1831 1771; x_wconf 74' lang='grc' dir='ltr'><strong>εἰς</strong></span> <span class='ocrx_word' id='word_1_161' title='bbox 1853 1697 2044 1775; x_wconf 73' lang='grc' dir='ltr'><em>οἱανδήποτε</em></span> 
     </span>
     <span class='ocr_line' id='line_1_13' title="bbox 170 1793 2043 1886; baseline 0 -23"><span class='ocrx_word' id='word_1_162' title='bbox 170 1799 257 1863; x_wconf 72' lang='lat' dir='ltr'><strong>brev</strong></span> <span class='ocrx_word' id='word_1_163' title='bbox 277 1795 337 1859; x_wconf 79' lang='grc' dir='ltr'><em>τοὺ</em></span> <span class='ocrx_word' id='word_1_164' title='bbox 359 1795 525 1876; x_wconf 74' lang='grc' dir='ltr'><em>θεωρῆσαι</em></span> <span class='ocrx_word' id='word_1_165' title='bbox 545 1793 643 1878; x_wconf 78' lang='grc' dir='ltr'><em>χάριν</em></span> <span class='ocrx_word' id='word_1_166' title='bbox 664 1800 928 1886; x_wconf 66' lang='grc' dir='ltr'><em>παραγενέσθαις</em></span> <span class='ocrx_word' id='word_1_167' title='bbox 971 1817 1042 1884; x_wconf 85' lang='lat' dir='ltr'><strong>cap.</strong></span> <span class='ocrx_word' id='word_1_168' title='bbox 1068 1795 1131 1863; x_wconf 81' lang='grc'><strong>77.</strong></span> <span class='ocrx_word' id='word_1_169' title='bbox 1159 1798 1262 1863; x_wconf 87' lang='lat' dir='ltr'><strong>verba</strong></span> <span class='ocrx_word' id='word_1_170' title='bbox 1282 1803 1310 1861; x_wconf 84' lang='lat' dir='ltr'><strong>et</strong></span> <span class='ocrx_word' id='word_1_171' title='bbox 1332 1793 1429 1879; x_wconf 79' lang='grc' dir='ltr'><strong>δὲμὴ</strong></span> <span class='ocrx_word' id='word_1_172' title='bbox 1450 1797 1650 1884; x_wconf 77' lang='grc' dir='ltr'><em>γνωρίζηται,</em></span> <span class='ocrx_word' id='word_1_173' title='bbox 1684 1793 1855 1878; x_wconf 78' lang='grc' dir='ltr'><em>οἱᾳὸηπστε</em></span> <span class='ocrx_word' id='word_1_174' title='bbox 1878 1794 2043 1863; x_wconf 86' lang='grc' dir='ltr'><em>ὑπόκειται</em></span> 
     </span>
     <span class='ocr_line' id='line_1_14' title="bbox 169 1893 2040 1988; baseline 0.001 -26"><span class='ocrx_word' id='word_1_175' title='bbox 169 1896 271 1988; x_wconf 62' lang='lat' dir='ltr'><strong>citat</strong></span> <span class='ocrx_word' id='word_1_176' title='bbox 294 1916 366 1981; x_wconf 79' lang='lat' dir='ltr'><strong>cup.</strong></span> <span class='ocrx_word' id='word_1_177' title='bbox 390 1893 452 1959; x_wconf 83' lang='grc'><strong>85.</strong></span> <span class='ocrx_word' id='word_1_178' title='bbox 474 1899 530 1960; x_wconf 85' lang='grc' dir='ltr'><strong>καὶ</strong></span> <span class='ocrx_word' id='word_1_179' title='bbox 552 1893 627 1972; x_wconf 75' lang='grc' dir='ltr'><em>τοὺς</em></span> <span class='ocrx_word' id='word_1_180' title='bbox 649 1896 872 1978; x_wconf 77' lang='grc' dir='ltr'><em>μετασχόντας</em></span> <span class='ocrx_word' id='word_1_181' title='bbox 893 1896 1011 1964; x_wconf 77' lang='grc' dir='ltr'><em>αὐτῶν.</em></span> <span class='ocrx_word' id='word_1_182' title='bbox 1056 1899 1174 1984; x_wconf 86' lang='lat' dir='ltr'><strong>Neque</strong></span> <span class='ocrx_word' id='word_1_183' title='bbox 1196 1898 1316 1964; x_wconf 85' lang='lat' dir='ltr'><strong>desunt</strong></span> <span class='ocrx_word' id='word_1_184' title='bbox 1337 1897 1487 1984; x_wconf 82' lang='lat' dir='ltr'><strong>exempla</strong></span> <span class='ocrx_word' id='word_1_185' title='bbox 1509 1898 1729 1986; x_wconf 80' lang='lat' dir='ltr'><strong>corruptelae,</strong></span> <span class='ocrx_word' id='word_1_186' title='bbox 1764 1917 1848 1984; x_wconf 89' lang='lat' dir='ltr'><strong>quae</strong></span> <span class='ocrx_word' id='word_1_187' title='bbox 1869 1917 1911 1964; x_wconf 91' lang='lat' dir='ltr'><strong>ex</strong></span> <span class='ocrx_word' id='word_1_188' title='bbox 1934 1899 2040 1964; x_wconf 91' lang='lat' dir='ltr'><strong>iuter·</strong></span> 
     </span>
     <span class='ocr_line' id='line_1_15' title="bbox 169 1995 2037 2086; baseline -0.001 -20"><span class='ocrx_word' id='word_1_189' title='bbox 169 2000 334 2086; x_wconf 87' lang='lat' dir='ltr'><strong>potatione</strong></span> <span class='ocrx_word' id='word_1_190' title='bbox 355 2003 473 2062; x_wconf 83' lang='lat' dir='ltr'><strong>enatae</strong></span> <span class='ocrx_word' id='word_1_191' title='bbox 496 2005 557 2062; x_wconf 82' lang='lat' dir='ltr'><strong>est</strong></span> <span class='ocrx_word' id='word_1_192' title='bbox 611 1996 670 2064; x_wconf 86' lang='lat' dir='ltr'><strong>Sic</strong></span> <span class='ocrx_word' id='word_1_193' title='bbox 693 2017 765 2085; x_wconf 88' lang='lat' dir='ltr'><strong>cap.</strong></span> <span class='ocrx_word' id='word_1_194' title='bbox 789 1997 825 2066; x_wconf 84' lang='grc' dir='ltr'><strong>Θ.</strong></span> <span class='ocrx_word' id='word_1_195' title='bbox 849 2001 1077 2086; x_wconf 70' lang='grc' dir='ltr'><em>πληρωθέντος</em></span> <span class='ocrx_word' id='word_1_196' title='bbox 1100 2019 1157 2085; x_wconf 92' lang='lat' dir='ltr'><strong>pru</strong></span> <span class='ocrx_word' id='word_1_197' title='bbox 1182 1995 1407 2084; x_wconf 69' lang='grc' dir='ltr'><em>παρελθόντος</em></span> <span class='ocrx_word' id='word_1_198' title='bbox 1429 1997 1583 2086; x_wconf 81' lang='lat' dir='ltr'><strong>babetnr3</strong></span> <span class='ocrx_word' id='word_1_199' title='bbox 1623 2001 1671 2064; x_wconf 88' lang='lat' dir='ltr'><strong>sic</strong></span> <span class='ocrx_word' id='word_1_200' title='bbox 1694 2019 1766 2084; x_wconf 91' lang='lat' dir='ltr'><strong>cap.</strong></span> <span class='ocrx_word' id='word_1_201' title='bbox 1789 1995 1853 2063; x_wconf 79' lang='grc'><strong>-12,</strong></span> <span class='ocrx_word' id='word_1_202' title='bbox 1877 2000 2037 2084; x_wconf 80' lang='grc' dir='ltr'><em>λὸίανρτο</em></span> 
     </span>
     <span class='ocr_line' id='line_1_16' title="bbox 168 2096 2040 2188; baseline -0.001 -22"><span class='ocrx_word' id='word_1_203' title='bbox 168 2105 293 2166; x_wconf 77' lang='grc' dir='ltr'><em>οἰκείαν</em></span> <span class='ocrx_word' id='word_1_204' title='bbox 307 2096 441 2182; x_wconf 83' lang='lat' dir='ltr'><strong>legitur3</strong></span> <span class='ocrx_word' id='word_1_205' title='bbox 464 2097 662 2185; x_wconf 89' lang='lat' dir='ltr'><strong>sicdeuique</strong></span> <span class='ocrx_word' id='word_1_206' title='bbox 675 2099 1117 2188; x_wconf 70' lang='lat' dir='ltr'><strong>cup.3.xe1irozupraqcpro</strong></span> <span class='ocrx_word' id='word_1_207' title='bbox 1135 2103 1303 2180; x_wconf 74' lang='grc' dir='ltr'><em>ἑλκομένης</em></span> <span class='ocrx_word' id='word_1_208' title='bbox 1321 2098 1352 2163; x_wconf 93' lang='lat' dir='ltr'><strong>iu</strong></span> <span class='ocrx_word' id='word_1_209' title='bbox 1361 2097 1540 2166; x_wconf 86' lang='lat' dir='ltr'><strong>Parisiensi</strong></span> <span class='ocrx_word' id='word_1_210' title='bbox 1553 2099 1587 2162; x_wconf 93' lang='grc' dir='ltr'><strong>Ν</strong></span> <span class='ocrx_word' id='word_1_211' title='bbox 1589 2101 1796 2166; x_wconf 89' lang='lat' dir='ltr'><strong>omocauonis</strong></span> <span class='ocrx_word' id='word_1_212' title='bbox 1810 2098 1922 2166; x_wconf 92' lang='lat' dir='ltr'><strong>codice</strong></span> <span class='ocrx_word' id='word_1_213' title='bbox 1936 2098 2040 2166; x_wconf 87' lang='lat' dir='ltr'><strong>babe-</strong></span> 
     </span>
     <span class='ocr_line' id='line_1_17' title="bbox 168 2196 2044 2288; baseline -0.002 -20"><span class='ocrx_word' id='word_1_214' title='bbox 168 2211 231 2282; x_wconf 87' lang='lat' dir='ltr'><strong>tur,</strong></span> <span class='ocrx_word' id='word_1_215' title='bbox 254 2219 441 2286; x_wconf 87' lang='lat' dir='ltr'><strong>quamquam</strong></span> <span class='ocrx_word' id='word_1_216' title='bbox 464 2196 665 2266; x_wconf 86' lang='lat' dir='ltr'><strong>Oxoniensis</strong></span> <span class='ocrx_word' id='word_1_217' title='bbox 689 2201 862 2268; x_wconf 88' lang='lat' dir='ltr'><strong>tibereum</strong></span> <span class='ocrx_word' id='word_1_218' title='bbox 885 2203 1019 2288; x_wconf 87' lang='lat' dir='ltr'><strong>reliquis</strong></span> <span class='ocrx_word' id='word_1_219' title='bbox 1041 2205 1175 2266; x_wconf 89' lang='lat' dir='ltr'><strong>nostrae</strong></span> <span class='ocrx_word' id='word_1_220' title='bbox 1204 2199 1404 2266; x_wconf 80' lang='lat' dir='ltr'><strong>collectionis</strong></span> <span class='ocrx_word' id='word_1_221' title='bbox 1425 2201 1653 2287; x_wconf 82' lang='lat' dir='ltr'><strong>manuscriptis</strong></span> <span class='ocrx_word' id='word_1_222' title='bbox 1680 2201 1844 2267; x_wconf 85' lang='lat' dir='ltr'><strong>codicibus</strong></span> <span class='ocrx_word' id='word_1_223' title='bbox 1875 2203 2044 2282; x_wconf 74' lang='grc' dir='ltr'><em>ἑλκομένης</em></span> 
     </span>
     <span class='ocr_line' id='line_1_18' title="bbox 168 2299 2043 2389; baseline -0.001 -22"><span class='ocrx_word' id='word_1_224' title='bbox 168 2303 341 2389; x_wconf 86' lang='lat' dir='ltr'><strong>praeterat.</strong></span> <span class='ocrx_word' id='word_1_225' title='bbox 362 2299 474 2385; x_wconf 87' lang='lat' dir='ltr'><strong>ltaque</strong></span> <span class='ocrx_word' id='word_1_226' title='bbox 482 2301 513 2362; x_wconf 88' lang='lat' dir='ltr'>N</span> <span class='ocrx_word' id='word_1_227' title='bbox 516 2302 724 2366; x_wconf 89' lang='lat' dir='ltr'><strong>omucanonis</strong></span> <span class='ocrx_word' id='word_1_228' title='bbox 738 2305 926 2370; x_wconf 78' lang='lat' dir='ltr'><strong>auctoritati</strong></span> <span class='ocrx_word' id='word_1_229' title='bbox 942 2303 974 2366; x_wconf 92' lang='lat' dir='ltr'><strong>in</strong></span> <span class='ocrx_word' id='word_1_230' title='bbox 990 2309 1124 2367; x_wconf 90' lang='lat' dir='ltr'><strong>nostrae</strong></span> <span class='ocrx_word' id='word_1_231' title='bbox 1139 2301 1342 2376; x_wconf 84' lang='lat' dir='ltr'><strong>collectionis</strong></span> <span class='ocrx_word' id='word_1_232' title='bbox 1356 2308 1510 2368; x_wconf 88' lang='lat' dir='ltr'><strong>contextu</strong></span> <span class='ocrx_word' id='word_1_233' title='bbox 1523 2303 1685 2369; x_wconf 79' lang='lat' dir='ltr'><strong>formando</strong></span> <span class='ocrx_word' id='word_1_234' title='bbox 1701 2301 1834 2389; x_wconf 87' lang='lat' dir='ltr'><strong>aliquid,</strong></span> <span class='ocrx_word' id='word_1_235' title='bbox 1854 2308 2043 2368; x_wconf 84' lang='lat' dir='ltr'><strong>nontamen</strong></span> 
     </span>
     <span class='ocr_line' id='line_1_19' title="bbox 167 2399 2040 2489; baseline -0.001 -19"><span class='ocrx_word' id='word_1_236' title='bbox 167 2405 296 2470; x_wconf 87' lang='lat' dir='ltr'><strong>nimium</strong></span> <span class='ocrx_word' id='word_1_237' title='bbox 325 2399 464 2468; x_wconf 87' lang='lat' dir='ltr'><strong>dandum</strong></span> <span class='ocrx_word' id='word_1_238' title='bbox 493 2401 562 2466; x_wconf 91' lang='lat' dir='ltr'><strong>luit.</strong></span> <span class='ocrx_word' id='word_1_239' title='bbox 604 2401 658 2468; x_wconf 90' lang='lat' dir='ltr'><strong>Ad</strong></span> <span class='ocrx_word' id='word_1_240' title='bbox 681 2403 837 2469; x_wconf 90' lang='lat' dir='ltr'><strong>lubricum</strong></span> <span class='ocrx_word' id='word_1_241' title='bbox 864 2401 1102 2471; x_wconf 83' lang='lat' dir='ltr'><strong>emendationis</strong></span> <span class='ocrx_word' id='word_1_242' title='bbox 1128 2422 1243 2487; x_wconf 82' lang='lat' dir='ltr'><strong>genus,</strong></span> <span class='ocrx_word' id='word_1_243' title='bbox 1276 2403 1340 2468; x_wconf 91' lang='lat' dir='ltr'><strong>nisi</strong></span> <span class='ocrx_word' id='word_1_244' title='bbox 1361 2404 1395 2468; x_wconf 93' lang='lat' dir='ltr'><strong>in</strong></span> <span class='ocrx_word' id='word_1_245' title='bbox 1416 2404 1672 2470; x_wconf 79' lang='lat' dir='ltr'><strong>manifestatori</strong></span> <span class='ocrx_word' id='word_1_246' title='bbox 1694 2403 1894 2489; x_wconf 86' lang='lat' dir='ltr'><strong>corruptela,</strong></span> <span class='ocrx_word' id='word_1_247' title='bbox 1924 2403 1975 2468; x_wconf 93' lang='lat' dir='ltr'><strong>cni</strong></span> <span class='ocrx_word' id='word_1_248' title='bbox 1997 2420 2040 2468; x_wconf 87' lang='lat' dir='ltr'><strong>ex</strong></span> 
     </span>
     <span class='ocr_line' id='line_1_20' title="bbox 166 2503 2040 2592; baseline -0.002 -20"><span class='ocrx_word' id='word_1_249' title='bbox 166 2507 308 2592; x_wconf 82' lang='lat' dir='ltr'><strong>genuina</strong></span> <span class='ocrx_word' id='word_1_250' title='bbox 329 2503 540 2569; x_wconf 88' lang='lat' dir='ltr'><strong>Novellarum</strong></span> <span class='ocrx_word' id='word_1_251' title='bbox 562 2505 709 2570; x_wconf 90' lang='lat' dir='ltr'><strong>oratioue</strong></span> <span class='ocrx_word' id='word_1_252' title='bbox 730 2505 891 2571; x_wconf 90' lang='lat' dir='ltr'><strong>medicina</strong></span> <span class='ocrx_word' id='word_1_253' title='bbox 912 2505 1008 2571; x_wconf 83' lang='lat' dir='ltr'><strong>tacite</strong></span> <span class='ocrx_word' id='word_1_254' title='bbox 1030 2503 1175 2572; x_wconf 87' lang='lat' dir='ltr'><strong>adhiberi</strong></span> <span class='ocrx_word' id='word_1_255' title='bbox 1197 2511 1331 2592; x_wconf 85' lang='lat' dir='ltr'><strong>posset,</strong></span> <span class='ocrx_word' id='word_1_256' title='bbox 1366 2503 1435 2570; x_wconf 89' lang='lat' dir='ltr'><strong>lere</strong></span> <span class='ocrx_word' id='word_1_257' title='bbox 1458 2525 1616 2592; x_wconf 87' lang='lat' dir='ltr'><strong>nunquam</strong></span> <span class='ocrx_word' id='word_1_258' title='bbox 1641 2505 1813 2584; x_wconf 90' lang='lat' dir='ltr'><strong>descendi,</strong></span> <span class='ocrx_word' id='word_1_259' title='bbox 1844 2503 1916 2590; x_wconf 87' lang='lat' dir='ltr'><strong>scd,</strong></span> <span class='ocrx_word' id='word_1_260' title='bbox 1942 2510 1978 2568; x_wconf 93' lang='lat' dir='ltr'><strong>ut</strong></span> <span class='ocrx_word' id='word_1_261' title='bbox 2005 2511 2040 2568; x_wconf 91' lang='lat' dir='ltr'><strong>et</strong></span> 
     </span>
     <span class='ocr_line' id='line_1_21' title="bbox 168 2603 2043 2694; baseline -0.002 -20"><span class='ocrx_word' id='word_1_262' title='bbox 168 2609 357 2686; x_wconf 69' lang='lat' dir='ltr'><strong>siccaneas</strong></span> <span class='ocrx_word' id='word_1_263' title='bbox 380 2623 480 2690; x_wconf 90' lang='lat' dir='ltr'><strong>quare</strong></span> <span class='ocrx_word' id='word_1_264' title='bbox 496 2605 712 2688; x_wconf 87' lang='lat' dir='ltr'><strong>emendarem,</strong></span> <span class='ocrx_word' id='word_1_265' title='bbox 736 2608 819 2674; x_wconf 88' lang='lat' dir='ltr'><strong>satis</strong></span> <span class='ocrx_word' id='word_1_266' title='bbox 831 2625 1042 2692; x_wconf 89' lang='lat' dir='ltr'><strong>exponerem.</strong></span> <span class='ocrx_word' id='word_1_267' title='bbox 1066 2603 1197 2671; x_wconf 80' lang='lat' dir='ltr'><strong>luatelti</strong></span> <span class='ocrx_word' id='word_1_268' title='bbox 1212 2608 1429 2693; x_wconf 87' lang='lat' dir='ltr'><strong>coniecturas,</strong></span> <span class='ocrx_word' id='word_1_269' title='bbox 1449 2608 1533 2672; x_wconf 89' lang='lat' dir='ltr'><strong>satis</strong></span> <span class='ocrx_word' id='word_1_270' title='bbox 1548 2608 1622 2673; x_wconf 91' lang='lat' dir='ltr'><strong>illus</strong></span> <span class='ocrx_word' id='word_1_271' title='bbox 1638 2607 1765 2694; x_wconf 87' lang='lat' dir='ltr'><strong>quidem</strong></span> <span class='ocrx_word' id='word_1_272' title='bbox 1786 2607 1938 2686; x_wconf 87' lang='lat' dir='ltr'><strong>insulsas,</strong></span> <span class='ocrx_word' id='word_1_273' title='bbox 1951 2603 2043 2671; x_wconf 83' lang='lat' dir='ltr'><strong>velut</strong></span> 
     </span>
     <span class='ocr_line' id='line_1_22' title="bbox 168 2702 2043 2795; baseline -0.002 -20"><span class='ocrx_word' id='word_1_274' title='bbox 168 2729 239 2794; x_wconf 84' lang='lat' dir='ltr'><strong>cap.</strong></span> <span class='ocrx_word' id='word_1_275' title='bbox 264 2704 301 2772; x_wconf 87' lang='grc'><strong>2.</strong></span> <span class='ocrx_word' id='word_1_276' title='bbox 323 2726 353 2791; x_wconf 91' lang='lat' dir='ltr'><strong>p.</strong></span> <span class='ocrx_word' id='word_1_277' title='bbox 377 2702 469 2771; x_wconf 84' lang='grc'><strong>209.</strong></span> <span class='ocrx_word' id='word_1_278' title='bbox 493 2711 557 2770; x_wconf 83' lang='grc'><strong>1101.</strong></span> <span class='ocrx_word' id='word_1_279' title='bbox 579 2703 642 2770; x_wconf 82' lang='grc'><strong>49.</strong></span> <span class='ocrx_word' id='word_1_280' title='bbox 665 2712 710 2784; x_wconf 76' lang='grc' dir='ltr'><strong>εἰς</strong></span> <span class='ocrx_word' id='word_1_281' title='bbox 732 2729 789 2792; x_wconf 91' lang='lat' dir='ltr'><strong>pro</strong></span> <span class='ocrx_word' id='word_1_282' title='bbox 813 2705 876 2794; x_wconf 82' lang='grc' dir='ltr'><em>εἷς,</em></span> <span class='ocrx_word' id='word_1_283' title='bbox 909 2727 980 2795; x_wconf 79' lang='lat' dir='ltr'><strong>cap.</strong></span> <span class='ocrx_word' id='word_1_284' title='bbox 1005 2706 1068 2774; x_wconf 88' lang='grc'><strong>20.</strong></span> <span class='ocrx_word' id='word_1_285' title='bbox 1091 2728 1122 2794; x_wconf 88' lang='lat' dir='ltr'><strong>p.</strong></span> <span class='ocrx_word' id='word_1_286' title='bbox 1148 2704 1240 2772; x_wconf 85' lang='grc'><strong>216.</strong></span> <span class='ocrx_word' id='word_1_287' title='bbox 1263 2713 1328 2772; x_wconf 83' lang='grc'><strong>1101.</strong></span> <span class='ocrx_word' id='word_1_288' title='bbox 1350 2703 1414 2770; x_wconf 82' lang='grc'><strong>46.</strong></span> <span class='ocrx_word' id='word_1_289' title='bbox 1444 2709 1600 2790; x_wconf 80' lang='grc' dir='ltr'><em>περιιοῡσι</em></span> <span class='ocrx_word' id='word_1_290' title='bbox 1622 2729 1680 2795; x_wconf 88' lang='lat' dir='ltr'><strong>pro</strong></span> <span class='ocrx_word' id='word_1_291' title='bbox 1702 2709 1871 2795; x_wconf 79' lang='grc' dir='ltr'><em>προσοῡσι,</em></span> <span class='ocrx_word' id='word_1_292' title='bbox 1901 2725 2043 2772; x_wconf 86' lang='lat' dir='ltr'><strong>comme·</strong></span> 
     </span>
     <span class='ocr_line' id='line_1_23' title="bbox 168 2805 2043 2898; baseline -0.002 -22"><span class='ocrx_word' id='word_1_293' title='bbox 168 2827 295 2876; x_wconf 88' lang='lat' dir='ltr'><strong>morare</strong></span> <span class='ocrx_word' id='word_1_294' title='bbox 321 2805 423 2892; x_wconf 89' lang='lat' dir='ltr'><strong>volui,</strong></span> <span class='ocrx_word' id='word_1_295' title='bbox 464 2824 507 2871; x_wconf 88' lang='lat' dir='ltr'><strong>ne</strong></span> <span class='ocrx_word' id='word_1_296' title='bbox 535 2805 610 2892; x_wconf 92' lang='lat' dir='ltr'><strong>qnid</strong></span> <span class='ocrx_word' id='word_1_297' title='bbox 633 2807 674 2873; x_wconf 88' lang='lat' dir='ltr'><strong>ad</strong></span> <span class='ocrx_word' id='word_1_298' title='bbox 700 2815 868 2876; x_wconf 89' lang='lat' dir='ltr'><strong>externam</strong></span> <span class='ocrx_word' id='word_1_299' title='bbox 892 2810 1003 2895; x_wconf 88' lang='lat' dir='ltr'><strong>operis</strong></span> <span class='ocrx_word' id='word_1_300' title='bbox 1028 2810 1161 2876; x_wconf 83' lang='lat' dir='ltr'><strong>sormam</strong></span> <span class='ocrx_word' id='word_1_301' title='bbox 1185 2808 1307 2874; x_wconf 88' lang='lat' dir='ltr'><strong>deesse</strong></span> <span class='ocrx_word' id='word_1_302' title='bbox 1330 2806 1505 2874; x_wconf 82' lang='lat' dir='ltr'><strong>uideretur.</strong></span> <span class='ocrx_word' id='word_1_303' title='bbox 1550 2808 1618 2894; x_wconf 92' lang='lat' dir='ltr'><strong>lpsi</strong></span> <span class='ocrx_word' id='word_1_304' title='bbox 1645 2810 1734 2898; x_wconf 87' lang='lat' dir='ltr'><strong>uperi</strong></span> <span class='ocrx_word' id='word_1_305' title='bbox 1764 2811 1956 2872; x_wconf 78' lang='lat' dir='ltr'>LXXXVII</span> <span class='ocrx_word' id='word_1_306' title='bbox 1982 2825 2043 2874; x_wconf 87' lang='lat' dir='ltr'><strong>ca-</strong></span> 
     </span>
     <span class='ocr_line' id='line_1_24' title="bbox 168 2907 2043 2998; baseline -0.002 -22"><span class='ocrx_word' id='word_1_307' title='bbox 168 2911 337 2998; x_wconf 87' lang='lat' dir='ltr'><strong>pitulorum</strong></span> <span class='ocrx_word' id='word_1_308' title='bbox 358 2907 496 2976; x_wconf 89' lang='lat' dir='ltr'><strong>indicem</strong></span> <span class='ocrx_word' id='word_1_309' title='bbox 517 2925 560 2974; x_wconf 85' lang='lat' dir='ltr'><strong>ex</strong></span> <span class='ocrx_word' id='word_1_310' title='bbox 582 2909 815 2995; x_wconf 87' lang='lat' dir='ltr'><strong>antiquissimis</strong></span> <span class='ocrx_word' id='word_1_311' title='bbox 835 2911 927 2976; x_wconf 90' lang='lat' dir='ltr'><strong>libris</strong></span> <span class='ocrx_word' id='word_1_312' title='bbox 950 2911 1098 2976; x_wconf 88' lang='lat' dir='ltr'><strong>baustum</strong></span> <span class='ocrx_word' id='word_1_313' title='bbox 1119 2927 1321 2996; x_wconf 88' lang='lat' dir='ltr'><strong>praeponere</strong></span> <span class='ocrx_word' id='word_1_314' title='bbox 1343 2927 1408 2974; x_wconf 93' lang='lat' dir='ltr'><strong>uon</strong></span> <span class='ocrx_word' id='word_1_315' title='bbox 1430 2908 1593 2990; x_wconf 89' lang='lat' dir='ltr'><strong>dubitavi,</strong></span> <span class='ocrx_word' id='word_1_316' title='bbox 1624 2929 1693 2978; x_wconf 89' lang='lat' dir='ltr'><strong>cum</strong></span> <span class='ocrx_word' id='word_1_317' title='bbox 1717 2909 1850 2976; x_wconf 86' lang='lat' dir='ltr'><strong>Codicis</strong></span> <span class='ocrx_word' id='word_1_318' title='bbox 1873 2907 2043 2974; x_wconf 86' lang='lat' dir='ltr'><strong>l&#39;arisien-</strong></span> 
     </span>
     <span class='ocr_line' id='line_1_25' title="bbox 169 3009 2042 3098; baseline -0.001 -21"><span class='ocrx_word' id='word_1_319' title='bbox 169 3014 215 3078; x_wconf 90' lang='lat' dir='ltr'><strong>sis</strong></span> <span class='ocrx_word' id='word_1_320' title='bbox 242 3009 358 3075; x_wconf 86' lang='grc'><strong>1355.</strong></span> <span class='ocrx_word' id='word_1_321' title='bbox 388 3009 566 3075; x_wconf 82' lang='lat' dir='ltr'><strong>auctoritas</strong></span> <span class='ocrx_word' id='word_1_322' title='bbox 599 3012 681 3076; x_wconf 85' lang='lat' dir='ltr'><strong>tanti</strong></span> <span class='ocrx_word' id='word_1_323' title='bbox 709 3012 854 3098; x_wconf 88' lang='lat' dir='ltr'><strong>nonsit,</strong></span> <span class='ocrx_word' id='word_1_324' title='bbox 887 3017 920 3078; x_wconf 92' lang='lat' dir='ltr'><strong>ut</strong></span> <span class='ocrx_word' id='word_1_325' title='bbox 947 3012 1119 3096; x_wconf 79' lang='lat' dir='ltr'><strong>genirinum</strong></span> <span class='ocrx_word' id='word_1_326' title='bbox 1148 3029 1227 3076; x_wconf 88' lang='lat' dir='ltr'><strong>csse</strong></span> <span class='ocrx_word' id='word_1_327' title='bbox 1257 3028 1370 3095; x_wconf 85' lang='lat' dir='ltr'><strong>neges.</strong></span> <span class='ocrx_word' id='word_1_328' title='bbox 1415 3009 1527 3097; x_wconf 83' lang='lat' dir='ltr'><strong>Atque</strong></span> <span class='ocrx_word' id='word_1_329' title='bbox 1549 3011 1631 3077; x_wconf 90' lang='lat' dir='ltr'><strong>baec</strong></span> <span class='ocrx_word' id='word_1_330' title='bbox 1653 3011 1781 3098; x_wconf 91' lang='lat' dir='ltr'><strong>quidem</strong></span> <span class='ocrx_word' id='word_1_331' title='bbox 1805 3011 1917 3098; x_wconf 87' lang='lat' dir='ltr'><strong>habui,</strong></span> <span class='ocrx_word' id='word_1_332' title='bbox 1957 3027 2042 3096; x_wconf 83' lang='lat' dir='ltr'><strong>qnae</strong></span> 
     </span>
     <span class='ocr_line' id='line_1_26' title="bbox 168 3109 2042 3200; baseline -0.002 -20"><span class='ocrx_word' id='word_1_333' title='bbox 168 3115 209 3182; x_wconf 90' lang='lat' dir='ltr'><strong>de</strong></span> <span class='ocrx_word' id='word_1_334' title='bbox 230 3113 310 3194; x_wconf 87' lang='lat' dir='ltr'><strong>boc,</strong></span> <span class='ocrx_word' id='word_1_335' title='bbox 333 3109 417 3198; x_wconf 92' lang='lat' dir='ltr'><strong>quod</strong></span> <span class='ocrx_word' id='word_1_336' title='bbox 439 3111 472 3178; x_wconf 90' lang='lat' dir='ltr'><strong>in</strong></span> <span class='ocrx_word' id='word_1_337' title='bbox 492 3111 642 3178; x_wconf 89' lang='lat' dir='ltr'><strong>oratione</strong></span> <span class='ocrx_word' id='word_1_338' title='bbox 664 3112 769 3176; x_wconf 90' lang='lat' dir='ltr'><strong>nostri</strong></span> <span class='ocrx_word' id='word_1_339' title='bbox 790 3111 863 3178; x_wconf 91' lang='lat' dir='ltr'><strong>libri</strong></span> <span class='ocrx_word' id='word_1_340' title='bbox 884 3113 1077 3198; x_wconf 85' lang='lat' dir='ltr'><strong>castiganda</strong></span> <span class='ocrx_word' id='word_1_341' title='bbox 1099 3113 1131 3178; x_wconf 94' lang='lat' dir='ltr'><strong>in</strong></span> <span class='ocrx_word' id='word_1_342' title='bbox 1154 3112 1378 3200; x_wconf 88' lang='lat' dir='ltr'><strong>integrumque</strong></span> <span class='ocrx_word' id='word_1_343' title='bbox 1399 3111 1606 3180; x_wconf 87' lang='lat' dir='ltr'><strong>restituenda</strong></span> <span class='ocrx_word' id='word_1_344' title='bbox 1634 3119 1768 3180; x_wconf 91' lang='lat' dir='ltr'><strong>secutus</strong></span> <span class='ocrx_word' id='word_1_345' title='bbox 1790 3133 1875 3194; x_wconf 89' lang='lat' dir='ltr'><strong>sum,</strong></span> <span class='ocrx_word' id='word_1_346' title='bbox 1907 3109 2042 3176; x_wconf 89' lang='lat' dir='ltr'><strong>consilio</strong></span> 
     </span>
     <span class='ocr_line' id='line_1_27' title="bbox 167 3213 341 3308; baseline -0.017 -27"><span class='ocrx_word' id='word_1_347' title='bbox 167 3213 341 3308; x_wconf 80' lang='lat' dir='ltr'><strong>praesuret.</strong></span> 
     </span>
    </p>

    <p class='ocr_par' dir='ltr' id='par_1_3' title="bbox 161 3312 2042 4411">
     <span class='ocr_line' id='line_1_28' title="bbox 363 3312 2041 3403; baseline -0.001 -24"><span class='ocrx_word' id='word_1_348' title='bbox 363 3313 497 3398; x_wconf 82' lang='lat' dir='ltr'><strong>Restat,</strong></span> <span class='ocrx_word' id='word_1_349' title='bbox 541 3319 575 3378; x_wconf 93' lang='lat' dir='ltr'><strong>ut</strong></span> <span class='ocrx_word' id='word_1_350' title='bbox 602 3313 645 3380; x_wconf 89' lang='lat' dir='ltr'><strong>de</strong></span> <span class='ocrx_word' id='word_1_351' title='bbox 673 3313 831 3398; x_wconf 85' lang='lat' dir='ltr'><strong>utilitate,</strong></span> <span class='ocrx_word' id='word_1_352' title='bbox 874 3333 968 3400; x_wconf 83' lang='lat' dir='ltr'><strong>quum</strong></span> <span class='ocrx_word' id='word_1_353' title='bbox 998 3314 1067 3398; x_wconf 87' lang='lat' dir='ltr'><strong>bic,</strong></span> <span class='ocrx_word' id='word_1_354' title='bbox 1112 3334 1207 3403; x_wconf 89' lang='lat' dir='ltr'><strong>quem</strong></span> <span class='ocrx_word' id='word_1_355' title='bbox 1236 3315 1376 3402; x_wconf 89' lang='lat' dir='ltr'><strong>edimus,</strong></span> <span class='ocrx_word' id='word_1_356' title='bbox 1418 3315 1629 3382; x_wconf 88' lang='lat' dir='ltr'><strong>Novellarum</strong></span> <span class='ocrx_word' id='word_1_357' title='bbox 1665 3315 1926 3381; x_wconf 90' lang='lat' dir='ltr'><strong>constitutionum</strong></span> <span class='ocrx_word' id='word_1_358' title='bbox 1958 3312 2041 3378; x_wconf 91' lang='lat' dir='ltr'><strong>liber</strong></span> 
     </span>
     <span class='ocr_line' id='line_1_29' title="bbox 164 3413 2041 3503; baseline -0.003 -21"><span class='ocrx_word' id='word_1_359' title='bbox 164 3419 200 3484; x_wconf 90' lang='lat' dir='ltr'><strong>in</strong></span> <span class='ocrx_word' id='word_1_360' title='bbox 242 3414 412 3482; x_wconf 87' lang='lat' dir='ltr'><strong>Iustiniani</strong></span> <span class='ocrx_word' id='word_1_361' title='bbox 455 3413 606 3480; x_wconf 86' lang='lat' dir='ltr'><strong>Novellis</strong></span> <span class='ocrx_word' id='word_1_362' title='bbox 657 3415 771 3480; x_wconf 84' lang='lat' dir='ltr'><strong>critica</strong></span> <span class='ocrx_word' id='word_1_363' title='bbox 819 3421 892 3482; x_wconf 87' lang='lat' dir='ltr'><strong>arte</strong></span> <span class='ocrx_word' id='word_1_364' title='bbox 943 3420 1041 3501; x_wconf 86' lang='lat' dir='ltr'><strong>utque</strong></span> <span class='ocrx_word' id='word_1_365' title='bbox 1090 3416 1263 3503; x_wconf 85' lang='lat' dir='ltr'><strong>disciplina</strong></span> <span class='ocrx_word' id='word_1_366' title='bbox 1310 3417 1531 3502; x_wconf 89' lang='lat' dir='ltr'><strong>perpoliendis</strong></span> <span class='ocrx_word' id='word_1_367' title='bbox 1569 3415 1735 3481; x_wconf 89' lang='lat' dir='ltr'><strong>babituros</strong></span> <span class='ocrx_word' id='word_1_368' title='bbox 1786 3417 1847 3502; x_wconf 88' lang='lat' dir='ltr'><strong>sit,</strong></span> <span class='ocrx_word' id='word_1_369' title='bbox 1891 3415 2041 3480; x_wconf 87' lang='lat' dir='ltr'><strong>dissera-</strong></span> 
     </span>
     <span class='ocr_line' id='line_1_30' title="bbox 166 3507 2042 3603; baseline -0.003 -20"><span class='ocrx_word' id='word_1_370' title='bbox 166 3539 249 3584; x_wconf 87' lang='lat' dir='ltr'><strong>mus.</strong></span> <span class='ocrx_word' id='word_1_371' title='bbox 309 3507 383 3602; x_wconf 79' lang='grc' dir='ltr'><em>Εςό</em></span> <span class='ocrx_word' id='word_1_372' title='bbox 411 3517 495 3580; x_wconf 88' lang='lat' dir='ltr'><strong>sutis</strong></span> <span class='ocrx_word' id='word_1_373' title='bbox 523 3515 646 3582; x_wconf 89' lang='lat' dir='ltr'><strong>habebo</strong></span> <span class='ocrx_word' id='word_1_374' title='bbox 682 3535 786 3602; x_wconf 87' lang='lat' dir='ltr'><strong>pauca</strong></span> <span class='ocrx_word' id='word_1_375' title='bbox 823 3515 916 3582; x_wconf 87' lang='lat' dir='ltr'><strong>buius</strong></span> <span class='ocrx_word' id='word_1_376' title='bbox 951 3517 1001 3582; x_wconf 93' lang='lat' dir='ltr'><strong>rei</strong></span> <span class='ocrx_word' id='word_1_377' title='bbox 1034 3517 1185 3603; x_wconf 89' lang='lat' dir='ltr'><strong>exempla</strong></span> <span class='ocrx_word' id='word_1_378' title='bbox 1220 3517 1281 3583; x_wconf 89' lang='lat' dir='ltr'><strong>boc</strong></span> <span class='ocrx_word' id='word_1_379' title='bbox 1317 3517 1389 3583; x_wconf 92' lang='lat' dir='ltr'><strong>loco</strong></span> <span class='ocrx_word' id='word_1_380' title='bbox 1424 3517 1458 3582; x_wconf 91' lang='lat' dir='ltr'><strong>in</strong></span> <span class='ocrx_word' id='word_1_381' title='bbox 1485 3515 1623 3584; x_wconf 87' lang='lat' dir='ltr'><strong>medium</strong></span> <span class='ocrx_word' id='word_1_382' title='bbox 1657 3517 1812 3602; x_wconf 90' lang='lat' dir='ltr'><strong>prolerre.</strong></span> <span class='ocrx_word' id='word_1_383' title='bbox 1883 3515 1934 3582; x_wconf 87' lang='lat' dir='ltr'><strong>lta</strong></span> <span class='ocrx_word' id='word_1_384' title='bbox 1968 3513 2042 3578; x_wconf 90' lang='lat' dir='ltr'><strong>No-</strong></span> 
     </span>
     <span class='ocr_line' id='line_1_31' title="bbox 165 3603 2042 3704; baseline -0.003 -18"><span class='ocrx_word' id='word_1_385' title='bbox 165 3617 256 3686; x_wconf 86' lang='lat' dir='ltr'><strong>vella</strong></span> <span class='ocrx_word' id='word_1_386' title='bbox 276 3614 340 3682; x_wconf 84' lang='grc'><strong>46.</strong></span> <span class='ocrx_word' id='word_1_387' title='bbox 364 3617 464 3703; x_wconf 83' lang='lat' dir='ltr'><strong>prael.</strong></span> <span class='ocrx_word' id='word_1_388' title='bbox 488 3615 543 3680; x_wconf 76' lang='grc' dir='ltr'><strong>ἵνα</strong></span> <span class='ocrx_word' id='word_1_389' title='bbox 570 3613 608 3680; x_wconf 90' lang='grc' dir='ltr'><strong>τό</strong></span> <span class='ocrx_word' id='word_1_390' title='bbox 638 3624 805 3701; x_wconf 78' lang='grc' dir='ltr'><em>συμφέρον</em></span> <span class='ocrx_word' id='word_1_391' title='bbox 833 3627 901 3694; x_wconf 81' lang='grc' dir='ltr'><em>τοῖς</em></span> <span class='ocrx_word' id='word_1_392' title='bbox 930 3615 1091 3704; x_wconf 77' lang='grc' dir='ltr'><em>ἡμετέροις</em></span> <span class='ocrx_word' id='word_1_393' title='bbox 1119 3616 1269 3698; x_wconf 82' lang='grc' dir='ltr'><em>ὑπηκόοις</em></span> <span class='ocrx_word' id='word_1_394' title='bbox 1297 3617 1549 3702; x_wconf 78' lang='grc' dir='ltr'><em>έξεσρίσκοιμεν,</em></span> <span class='ocrx_word' id='word_1_395' title='bbox 1592 3613 1637 3682; x_wconf 88' lang='grc' dir='ltr'><strong>τό</strong></span> <span class='ocrx_word' id='word_1_396' title='bbox 1664 3618 1734 3700; x_wconf 80' lang='grc' dir='ltr'><strong>μὲν</strong></span> <span class='ocrx_word' id='word_1_397' title='bbox 1765 3603 2042 3698; x_wconf 75' lang='grc' dir='ltr'><em>έκκὲχνμένον</em></span> 
     </span>
     <span class='ocr_line' id='line_1_32' title="bbox 163 3713 2041 3804; baseline -0.003 -18"><span class='ocrx_word' id='word_1_398' title='bbox 163 3723 234 3786; x_wconf 82' lang='grc' dir='ltr'><strong>καὶ</strong></span> <span class='ocrx_word' id='word_1_399' title='bbox 256 3717 434 3804; x_wconf 71' lang='grc' dir='ltr'><em>ἄμετρον</em></span> <span class='ocrx_word' id='word_1_400' title='bbox 454 3713 670 3796; x_wconf 78' lang='grc' dir='ltr'><em>παύοντες,</em></span> <span class='ocrx_word' id='word_1_401' title='bbox 713 3716 756 3783; x_wconf 87' lang='grc' dir='ltr'><strong>τό</strong></span> <span class='ocrx_word' id='word_1_402' title='bbox 787 3719 827 3784; x_wconf 80' lang='grc' dir='ltr'><strong>δέ</strong></span> <span class='ocrx_word' id='word_1_403' title='bbox 860 3714 1032 3803; x_wconf 74' lang='grc' dir='ltr'><em>ἄριστόν</em></span> <span class='ocrx_word' id='word_1_404' title='bbox 1056 3721 1194 3784; x_wconf 80' lang='grc' dir='ltr'><em>,τεκαὶ</em></span> <span class='ocrx_word' id='word_1_405' title='bbox 1221 3725 1523 3802; x_wconf 81' lang='grc' dir='ltr'><em>μεμετρημένον</em></span> <span class='ocrx_word' id='word_1_406' title='bbox 1552 3713 1915 3804; x_wconf 80' lang='grc' dir='ltr'><em>α’ντεισφέροντες.</em></span> <span class='ocrx_word' id='word_1_407' title='bbox 1980 3714 2041 3782; x_wconf 82' lang='lat' dir='ltr'><strong>Sic</strong></span> 
     </span>
     <span class='ocr_line' id='line_1_33' title="bbox 164 3814 2042 3906; baseline -0.004 -18"><span class='ocrx_word' id='word_1_408' title='bbox 164 3819 283 3888; x_wconf 86' lang='lat' dir='ltr'><strong>Codex</strong></span> <span class='ocrx_word' id='word_1_409' title='bbox 304 3820 459 3898; x_wconf 85' lang='lat' dir='ltr'><strong>Venetus,</strong></span> <span class='ocrx_word' id='word_1_410' title='bbox 482 3818 756 3904; x_wconf 77' lang='lat' dir='ltr'><strong>Florentinusque</strong></span> <span class='ocrx_word' id='word_1_411' title='bbox 774 3827 809 3884; x_wconf 91' lang='lat' dir='ltr'><strong>et</strong></span> <span class='ocrx_word' id='word_1_412' title='bbox 824 3818 1038 3900; x_wconf 84' lang='lat' dir='ltr'><strong>Halourrdcr,</strong></span> <span class='ocrx_word' id='word_1_413' title='bbox 1053 3816 1277 3906; x_wconf 77' lang='lat' dir='ltr'><strong>Scriurperua,</strong></span> <span class='ocrx_word' id='word_1_414' title='bbox 1302 3815 1612 3905; x_wconf 75' lang='lat' dir='ltr'><strong>Spunpenierqiur,</strong></span> <span class='ocrx_word' id='word_1_415' title='bbox 1638 3814 1941 3904; x_wconf 77' lang='lat' dir='ltr'><strong>Ocenbruppeninr.</strong></span> <span class='ocrx_word' id='word_1_416' title='bbox 1980 3815 2042 3880; x_wconf 89' lang='lat' dir='ltr'><strong>Vi·</strong></span> 
     </span>
     <span class='ocr_line' id='line_1_34' title="bbox 162 3915 2040 4006; baseline -0.003 -18"><span class='ocrx_word' id='word_1_417' title='bbox 162 3921 358 3988; x_wconf 88' lang='lat' dir='ltr'><strong>des·uutem</strong></span> <span class='ocrx_word' id='word_1_418' title='bbox 378 3919 515 4002; x_wconf 81' lang='grc' dir='ltr'><em>ἄμειρον</em></span> <span class='ocrx_word' id='word_1_419' title='bbox 543 3925 577 3986; x_wconf 91' lang='lat' dir='ltr'><strong>ct</strong></span> <span class='ocrx_word' id='word_1_420' title='bbox 597 3928 830 4002; x_wconf 70' lang='grc' dir='ltr'><em>μεμετρημένα</em></span> <span class='ocrx_word' id='word_1_421' title='bbox 852 3921 913 3987; x_wconf 78' lang='grc' dir='ltr'><em>εἰνὶ</em></span> <span class='ocrx_word' id='word_1_422' title='bbox 936 3921 1076 3986; x_wconf 90' lang='lat' dir='ltr'><strong>invicem</strong></span> <span class='ocrx_word' id='word_1_423' title='bbox 1098 3922 1249 4006; x_wconf 87' lang='lat' dir='ltr'><strong>opposita</strong></span> <span class='ocrx_word' id='word_1_424' title='bbox 1270 3941 1367 4002; x_wconf 88' lang='lat' dir='ltr'><strong>esse,</strong></span> <span class='ocrx_word' id='word_1_425' title='bbox 1400 3919 1483 4006; x_wconf 93' lang='lat' dir='ltr'><strong>qubd</strong></span> <span class='ocrx_word' id='word_1_426' title='bbox 1506 3921 1583 3984; x_wconf 91' lang='lat' dir='ltr'><strong>item</strong></span> <span class='ocrx_word' id='word_1_427' title='bbox 1611 3918 1653 3985; x_wconf 90' lang='lat' dir='ltr'><strong>de</strong></span> <span class='ocrx_word' id='word_1_428' title='bbox 1675 3926 1885 4000; x_wconf 76' lang='grc' dir='ltr'><em>έκκεχνμνέον</em></span> <span class='ocrx_word' id='word_1_429' title='bbox 1908 3925 1942 3983; x_wconf 88' lang='lat' dir='ltr'><strong>et</strong></span> <span class='ocrx_word' id='word_1_430' title='bbox 1964 3915 2040 4006; x_wconf 80' lang='grc' dir='ltr'><em>ἄρι-</em></span> 
     </span>
     <span class='ocr_line' id='line_1_35' title="bbox 163 4011 2041 4110; baseline -0.001 -24"><span class='ocrx_word' id='word_1_431' title='bbox 163 4045 247 4086; x_wconf 89' lang='grc' dir='ltr'><em>στον</em></span> <span class='ocrx_word' id='word_1_432' title='bbox 278 4023 390 4088; x_wconf 63' lang='lat' dir='ltr'><strong>cratere</strong></span> <span class='ocrx_word' id='word_1_433' title='bbox 428 4019 556 4086; x_wconf 86' lang='lat' dir='ltr'><strong>debeat.</strong></span> <span class='ocrx_word' id='word_1_434' title='bbox 620 4019 689 4086; x_wconf 87' lang='lat' dir='ltr'><strong>lam</strong></span> <span class='ocrx_word' id='word_1_435' title='bbox 724 4023 819 4110; x_wconf 87' lang='lat' dir='ltr'><strong>vide,</strong></span> <span class='ocrx_word' id='word_1_436' title='bbox 863 4021 970 4108; x_wconf 89' lang='lat' dir='ltr'><strong>qualis</strong></span> <span class='ocrx_word' id='word_1_437' title='bbox 999 4021 1045 4086; x_wconf 88' lang='lat' dir='ltr'><strong>sit</strong></span> <span class='ocrx_word' id='word_1_438' title='bbox 1072 4022 1175 4110; x_wconf 74' lang='lat' dir='ltr'><strong>effusi</strong></span> <span class='ocrx_word' id='word_1_439' title='bbox 1203 4023 1382 4108; x_wconf 80' lang='lat' dir='ltr'><strong>optimique</strong></span> <span class='ocrx_word' id='word_1_440' title='bbox 1413 4011 1603 4108; x_wconf 67' lang='lat' dir='ltr'><strong>oppositio?</strong></span> <span class='ocrx_word' id='word_1_441' title='bbox 1648 4019 1683 4084; x_wconf 91' lang='lat' dir='ltr'><strong>ln</strong></span> <span class='ocrx_word' id='word_1_442' title='bbox 1713 4039 1776 4107; x_wconf 94' lang='lat' dir='ltr'><strong>quo</strong></span> <span class='ocrx_word' id='word_1_443' title='bbox 1805 4019 1880 4084; x_wconf 92' lang='lat' dir='ltr'><strong>illud</strong></span> <span class='ocrx_word' id='word_1_444' title='bbox 1911 4017 2041 4106; x_wconf 88' lang='lat' dir='ltr'><strong>quidem</strong></span> 
     </span>
     <span class='ocr_line' id='line_1_36' title="bbox 161 4117 2040 4209; baseline -0.001 -21"><span class='ocrx_word' id='word_1_445' title='bbox 161 4123 283 4188; x_wconf 86' lang='lat' dir='ltr'><strong>statim</strong></span> <span class='ocrx_word' id='word_1_446' title='bbox 296 4129 454 4206; x_wconf 83' lang='lat' dir='ltr'><strong>apparet,¹</strong></span> <span class='ocrx_word' id='word_1_447' title='bbox 465 4120 497 4184; x_wconf 88' lang='lat' dir='ltr'><strong>io</strong></span> <span class='ocrx_word' id='word_1_448' title='bbox 508 4124 621 4204; x_wconf 81' lang='lat' dir='ltr'><strong>aptiori</strong></span> <span class='ocrx_word' id='word_1_449' title='bbox 634 4123 736 4190; x_wconf 88' lang='lat' dir='ltr'><strong>locum</strong></span> <span class='ocrx_word' id='word_1_450' title='bbox 752 4123 871 4209; x_wconf 91' lang='lat' dir='ltr'><strong>aliquid</strong></span> <span class='ocrx_word' id='word_1_451' title='bbox 886 4121 1135 4207; x_wconf 82' lang='lat' dir='ltr'><strong>subro‚aodum,</strong></span> <span class='ocrx_word' id='word_1_452' title='bbox 1157 4123 1240 4209; x_wconf 91' lang='lat' dir='ltr'><strong>quod</strong></span> <span class='ocrx_word' id='word_1_453' title='bbox 1255 4122 1434 4189; x_wconf 82' lang='lat' dir='ltr'><strong>introimus</strong></span> <span class='ocrx_word' id='word_1_454' title='bbox 1450 4139 1528 4187; x_wconf 88' lang='lat' dir='ltr'><strong>sese</strong></span> <span class='ocrx_word' id='word_1_455' title='bbox 1542 4121 1710 4187; x_wconf 87' lang='lat' dir='ltr'><strong>contiueat</strong></span> <span class='ocrx_word' id='word_1_456' title='bbox 1725 4139 1813 4186; x_wconf 87' lang='lat' dir='ltr'><strong>suos.</strong></span> <span class='ocrx_word' id='word_1_457' title='bbox 1844 4117 1910 4185; x_wconf 81' lang='lat' dir='ltr'><strong>Cur</strong></span> <span class='ocrx_word' id='word_1_458' title='bbox 1923 4139 1988 4186; x_wconf 90' lang='lat' dir='ltr'><strong>non</strong></span> <span class='ocrx_word' id='word_1_459' title='bbox 2006 4121 2040 4186; x_wconf 90' lang='lat' dir='ltr'><strong>in</strong></span> 
     </span>
     <span class='ocr_line' id='line_1_37' title="bbox 161 4217 2039 4309; baseline -0.002 -20"><span class='ocrx_word' id='word_1_460' title='bbox 161 4227 356 4289; x_wconf 77' lang='lat' dir='ltr'><strong>contextum</strong></span> <span class='ocrx_word' id='word_1_461' title='bbox 377 4221 519 4307; x_wconf 86' lang='lat' dir='ltr'><strong>recipias</strong></span> <span class='ocrx_word' id='word_1_462' title='bbox 540 4221 740 4289; x_wconf 90' lang='lat' dir='ltr'><strong>collectionis</strong></span> <span class='ocrx_word' id='word_1_463' title='bbox 762 4227 953 4290; x_wconf 80' lang='lat' dir='ltr'>LXXXVII</span> <span class='ocrx_word' id='word_1_464' title='bbox 975 4225 1185 4309; x_wconf 86' lang='lat' dir='ltr'><strong>capitulorum</strong></span> <span class='ocrx_word' id='word_1_465' title='bbox 1215 4243 1258 4292; x_wconf 92' lang='lat' dir='ltr'><strong>ex</strong></span> <span class='ocrx_word' id='word_1_466' title='bbox 1280 4223 1474 4290; x_wconf 85' lang='lat' dir='ltr'><strong>auctoritate</strong></span> <span class='ocrx_word' id='word_1_467' title='bbox 1495 4218 1533 4286; x_wconf 89' lang='grc' dir='ltr'><strong>τὸ</strong></span> <span class='ocrx_word' id='word_1_468' title='bbox 1556 4222 1590 4285; x_wconf 76' lang='grc' dir='ltr'><strong>δέ</strong></span> <span class='ocrx_word' id='word_1_469' title='bbox 1611 4217 1786 4308; x_wconf 77' lang='grc' dir='ltr'><em>ὡρισμένον</em></span> <span class='ocrx_word' id='word_1_470' title='bbox 1815 4245 1847 4286; x_wconf 88' lang='grc' dir='ltr'><strong>τε</strong></span> <span class='ocrx_word' id='word_1_471' title='bbox 1869 4226 1935 4286; x_wconf 85' lang='grc' dir='ltr'><em>καί.</em></span> <span class='ocrx_word' id='word_1_472' title='bbox 1980 4217 2039 4286; x_wconf 90' lang='lat' dir='ltr'><strong>Sic</strong></span> 
     </span>
     <span class='ocr_line' id='line_1_38' title="bbox 161 4319 2038 4411; baseline -0.002 -21"><span class='ocrx_word' id='word_1_473' title='bbox 161 4323 254 4390; x_wconf 85' lang='lat' dir='ltr'><strong>enim</strong></span> <span class='ocrx_word' id='word_1_474' title='bbox 277 4342 349 4408; x_wconf 89' lang='lat' dir='ltr'><strong>cap.</strong></span> <span class='ocrx_word' id='word_1_475' title='bbox 377 4321 435 4389; x_wconf 89' lang='grc'><strong>13.</strong></span> <span class='ocrx_word' id='word_1_476' title='bbox 459 4341 525 4408; x_wconf 76' lang='lat' dir='ltr'><strong>pat</strong></span> <span class='ocrx_word' id='word_1_477' title='bbox 547 4321 585 4388; x_wconf 89' lang='grc' dir='ltr'><strong>τό</strong></span> <span class='ocrx_word' id='word_1_478' title='bbox 605 4326 665 4405; x_wconf 83' lang='grc' dir='ltr'><strong>μέν</strong></span> <span class='ocrx_word' id='word_1_479' title='bbox 692 4331 971 4406; x_wconf 78' lang='grc' dir='ltr'><em>ἐκκεχυμένον</em></span> <span class='ocrx_word' id='word_1_480' title='bbox 991 4327 1049 4390; x_wconf 88' lang='grc' dir='ltr'><strong>καὶ</strong></span> <span class='ocrx_word' id='word_1_481' title='bbox 1069 4325 1252 4411; x_wconf 71' lang='grc' dir='ltr'><em>ἄμετρον</em></span> <span class='ocrx_word' id='word_1_482' title='bbox 1273 4322 1443 4401; x_wconf 81' lang='grc' dir='ltr'><em>παύοντες,</em></span> <span class='ocrx_word' id='word_1_483' title='bbox 1465 4320 1503 4387; x_wconf 88' lang='grc' dir='ltr'><strong>τό</strong></span> <span class='ocrx_word' id='word_1_484' title='bbox 1531 4322 1566 4386; x_wconf 78' lang='lat' dir='ltr'><strong>dd</strong></span> <span class='ocrx_word' id='word_1_485' title='bbox 1586 4319 1815 4408; x_wconf 82' lang='grc' dir='ltr'><em>ὡρισμένον</em></span> <span class='ocrx_word' id='word_1_486' title='bbox 1836 4325 1892 4388; x_wconf 83' lang='grc' dir='ltr'><strong>καὶ</strong></span> <span class='ocrx_word' id='word_1_487' title='bbox 1913 4343 2038 4403; x_wconf 86' lang='grc' dir='ltr'><em>μιμε-</em></span> 
     </span>
    </p>
   </div>
   <div class='ocr_carea' id='block_1_3' title="bbox 159 4421 2157 4512">
    <p class='ocr_par' dir='ltr' id='par_1_4' title="bbox 159 4421 2157 4512">
     <span class='ocr_line' id='line_1_39' title="bbox 159 4421 2157 4512; baseline -0.003 -22"><span class='ocrx_word' id='word_1_488' title='bbox 159 4431 368 4508; x_wconf 83' lang='grc' dir='ltr'><em>τρημενον</em></span> <span class='ocrx_word' id='word_1_489' title='bbox 389 4421 662 4510; x_wconf 76' lang='grc' dir='ltr'><em>ἀντεισφέροιτες,</em></span> <span class='ocrx_word' id='word_1_490' title='bbox 684 4445 778 4512; x_wconf 86' lang='lat' dir='ltr'><strong>quam</strong></span> <span class='ocrx_word' id='word_1_491' title='bbox 800 4445 868 4492; x_wconf 88' lang='lat' dir='ltr'><strong>rem</strong></span> <span class='ocrx_word' id='word_1_492' title='bbox 890 4432 925 4492; x_wconf 87' lang='lat' dir='ltr'><strong>ct</strong></span> <span class='ocrx_word' id='word_1_493' title='bbox 947 4425 1188 4494; x_wconf 86' lang='lat' dir='ltr'><strong>Nomocouonis</strong></span> <span class='ocrx_word' id='word_1_494' title='bbox 1209 4447 1230 4493; x_wconf 86' lang='lat' dir='ltr'><strong>a</strong></span> <span class='ocrx_word' id='word_1_495' title='bbox 1252 4423 1566 4490; x_wconf 89' lang='lat' dir='ltr'><strong>Pseudo-lobanne</strong></span> <span class='ocrx_word' id='word_1_496' title='bbox 1587 4423 1757 4508; x_wconf 87' lang='lat' dir='ltr'><strong>compositi</strong></span> <span class='ocrx_word' id='word_1_497' title='bbox 1779 4425 1943 4509; x_wconf 83' lang='lat' dir='ltr'><strong>uprpendix</strong></span> <span class='ocrx_word' id='word_1_498' title='bbox 1966 4439 2039 4507; x_wconf 88' lang='lat' dir='ltr'><strong>cap.</strong></span> <span class='ocrx_word' id='word_1_499' title='bbox 2155 4429 2157 4438; x_wconf 88' lang='grc'><strong>’</strong></span> 
     </span>
    </p>
   </div>
   <div class='ocr_carea' id='block_1_4' title="bbox 154 4520 2040 5824">
    <p class='ocr_par' dir='ltr' id='par_1_5' title="bbox 154 4520 2040 5824">
     <span class='ocr_line' id='line_1_40' title="bbox 165 4520 2037 4614; baseline -0.003 -25"><span class='ocrx_word' id='word_1_500' title='bbox 165 4525 231 4590; x_wconf 91' lang='grc'><strong>11.</strong></span> <span class='ocrx_word' id='word_1_501' title='bbox 248 4525 280 4590; x_wconf 93' lang='lat' dir='ltr'><strong>in</strong></span> <span class='ocrx_word' id='word_1_502' title='bbox 293 4524 486 4591; x_wconf 81' lang='lat' dir='ltr'><strong>bibliotheca</strong></span> <span class='ocrx_word' id='word_1_503' title='bbox 498 4526 577 4591; x_wconf 85' lang='lat' dir='ltr'><strong>iuris</strong></span> <span class='ocrx_word' id='word_1_504' title='bbox 591 4525 736 4590; x_wconf 86' lang='lat' dir='ltr'><strong>canonici</strong></span> <span class='ocrx_word' id='word_1_505' title='bbox 751 4527 803 4592; x_wconf 90' lang='lat' dir='ltr'><strong>cd.</strong></span> <span class='ocrx_word' id='word_1_506' title='bbox 815 4526 947 4592; x_wconf 77' lang='lat' dir='ltr'><strong>lnatclli</strong></span> <span class='ocrx_word' id='word_1_507' title='bbox 957 4533 1032 4592; x_wconf 91' lang='lat' dir='ltr'><strong>tom.</strong></span> <span class='ocrx_word' id='word_1_508' title='bbox 1049 4527 1076 4592; x_wconf 96' lang='grc'><strong>1.</strong></span> <span class='ocrx_word' id='word_1_509' title='bbox 1092 4548 1123 4614; x_wconf 92' lang='lat' dir='ltr'><strong>p.</strong></span> <span class='ocrx_word' id='word_1_510' title='bbox 1134 4523 1224 4592; x_wconf 78' lang='grc'><strong>664.</strong></span> <span class='ocrx_word' id='word_1_511' title='bbox 1239 4525 1416 4611; x_wconf 84' lang='lat' dir='ltr'><strong>confirmat,</strong></span> <span class='ocrx_word' id='word_1_512' title='bbox 1438 4544 1510 4590; x_wconf 91' lang='lat' dir='ltr'><strong>cum</strong></span> <span class='ocrx_word' id='word_1_513' title='bbox 1524 4526 1570 4588; x_wconf 86' lang='lat' dir='ltr'><strong>itu</strong></span> <span class='ocrx_word' id='word_1_514' title='bbox 1588 4522 1724 4590; x_wconf 82' lang='lat' dir='ltr'><strong>babeat:</strong></span> <span class='ocrx_word' id='word_1_515' title='bbox 1752 4521 1790 4588; x_wconf 86' lang='grc' dir='ltr'><strong>τὸ</strong></span> <span class='ocrx_word' id='word_1_516' title='bbox 1812 4525 1846 4588; x_wconf 77' lang='grc' dir='ltr'><strong>δέ</strong></span> <span class='ocrx_word' id='word_1_517' title='bbox 1867 4520 2037 4608; x_wconf 77' lang='grc' dir='ltr'><em>ὡρισμέ-</em></span> 
     </span>
     <span class='ocr_line' id='line_1_41' title="bbox 158 4619 2040 4714; baseline -0.004 -23"><span class='ocrx_word' id='word_1_518' title='bbox 158 4649 236 4691; x_wconf 75' lang='grc' dir='ltr'><strong>νον</strong></span> <span class='ocrx_word' id='word_1_519' title='bbox 256 4627 312 4692; x_wconf 88' lang='grc' dir='ltr'><strong>καὶ</strong></span> <span class='ocrx_word' id='word_1_520' title='bbox 333 4634 639 4710; x_wconf 83' lang='grc' dir='ltr'><em>μεμετρημένον</em></span> <span class='ocrx_word' id='word_1_521' title='bbox 659 4624 930 4714; x_wconf 81' lang='grc' dir='ltr'><em>όντεισφέροντες.</em></span> <span class='ocrx_word' id='word_1_522' title='bbox 977 4625 1069 4708; x_wconf 77' lang='lat' dir='ltr'><strong>Quae</strong></span> <span class='ocrx_word' id='word_1_523' title='bbox 1091 4645 1147 4694; x_wconf 84' lang='lat' dir='ltr'><strong>res</strong></span> <span class='ocrx_word' id='word_1_524' title='bbox 1165 4623 1487 4712; x_wconf 74' lang='lat' dir='ltr'><strong>Oacttbraryyenium‚</strong></span> <span class='ocrx_word' id='word_1_525' title='bbox 1510 4626 1721 4692; x_wconf 81' lang='lat' dir='ltr'><strong>novissimum</strong></span> <span class='ocrx_word' id='word_1_526' title='bbox 1737 4625 1769 4688; x_wconf 92' lang='lat' dir='ltr'>N</span> <span class='ocrx_word' id='word_1_527' title='bbox 1772 4623 1949 4689; x_wconf 89' lang='lat' dir='ltr'><strong>ovellarum</strong></span> <span class='ocrx_word' id='word_1_528' title='bbox 1965 4619 2040 4686; x_wconf 81' lang='lat' dir='ltr'><strong>edi-</strong></span> 
     </span>
     <span class='ocr_line' id='line_1_42' title="bbox 158 4719 2038 4814; baseline -0.004 -20"><span class='ocrx_word' id='word_1_529' title='bbox 158 4733 268 4794; x_wconf 89' lang='lat' dir='ltr'><strong>torem</strong></span> <span class='ocrx_word' id='word_1_530' title='bbox 292 4747 322 4812; x_wconf 86' lang='lat' dir='ltr'><strong>p.</strong></span> <span class='ocrx_word' id='word_1_531' title='bbox 347 4723 437 4794; x_wconf 74' lang='lat'><strong>260.</strong></span> <span class='ocrx_word' id='word_1_532' title='bbox 467 4727 647 4813; x_wconf 88' lang='lat' dir='ltr'><strong>praeterire</strong></span> <span class='ocrx_word' id='word_1_533' title='bbox 669 4726 733 4794; x_wconf 85' lang='lat' dir='ltr'><strong>rroir</strong></span> <span class='ocrx_word' id='word_1_534' title='bbox 755 4729 907 4796; x_wconf 88' lang='lat' dir='ltr'><strong>debebat.</strong></span> <span class='ocrx_word' id='word_1_535' title='bbox 958 4729 1100 4814; x_wconf 84' lang='lat' dir='ltr'><strong>Vulgata</strong></span> <span class='ocrx_word' id='word_1_536' title='bbox 1128 4733 1236 4794; x_wconf 86' lang='lat' dir='ltr'><strong>tamen</strong></span> <span class='ocrx_word' id='word_1_537' title='bbox 1266 4728 1377 4795; x_wconf 89' lang='lat' dir='ltr'><strong>versio</strong></span> <span class='ocrx_word' id='word_1_538' title='bbox 1405 4725 1540 4811; x_wconf 77' lang='grc' dir='ltr'><em>ἄριστον</em></span> <span class='ocrx_word' id='word_1_539' title='bbox 1567 4732 1684 4793; x_wconf 90' lang='lat' dir='ltr'><strong>tuctur.</strong></span> <span class='ocrx_word' id='word_1_540' title='bbox 1727 4723 1786 4792; x_wconf 85' lang='lat' dir='ltr'><strong>Sic</strong></span> <span class='ocrx_word' id='word_1_541' title='bbox 1814 4723 1898 4790; x_wconf 86' lang='lat' dir='ltr'><strong>enim</strong></span> <span class='ocrx_word' id='word_1_542' title='bbox 1921 4719 2038 4788; x_wconf 83' lang='lat' dir='ltr'><strong>Codex</strong></span> 
     </span>
     <span class='ocr_line' id='line_1_43' title="bbox 160 4825 2040 4915; baseline -0.004 -22"><span class='ocrx_word' id='word_1_543' title='bbox 160 4826 441 4912; x_wconf 71' lang='lat' dir='ltr'><strong>vindobonensis,</strong></span> <span class='ocrx_word' id='word_1_544' title='bbox 463 4831 516 4915; x_wconf 92' lang='lat' dir='ltr'><strong>qui</strong></span> <span class='ocrx_word' id='word_1_545' title='bbox 539 4830 623 4894; x_wconf 92' lang='lat' dir='ltr'><strong>iuter</strong></span> <span class='ocrx_word' id='word_1_546' title='bbox 638 4829 777 4896; x_wconf 85' lang='lat' dir='ltr'><strong>Latinos</strong></span> <span class='ocrx_word' id='word_1_547' title='bbox 798 4832 878 4897; x_wconf 87' lang='lat' dir='ltr'><strong>iuris</strong></span> <span class='ocrx_word' id='word_1_548' title='bbox 901 4829 1008 4896; x_wconf 91' lang='lat' dir='ltr'><strong>civilis</strong></span> <span class='ocrx_word' id='word_1_549' title='bbox 1030 4831 1130 4896; x_wconf 90' lang='lat' dir='ltr'><strong>libros</strong></span> <span class='ocrx_word' id='word_1_550' title='bbox 1152 4847 1283 4895; x_wconf 90' lang='lat' dir='ltr'><strong>numero</strong></span> <span class='ocrx_word' id='word_1_551' title='bbox 1311 4825 1371 4894; x_wconf 77' lang='grc'><strong>19.</strong></span> <span class='ocrx_word' id='word_1_552' title='bbox 1394 4827 1521 4894; x_wconf 87' lang='lat' dir='ltr'><strong>relatus</strong></span> <span class='ocrx_word' id='word_1_553' title='bbox 1543 4833 1613 4894; x_wconf 85' lang='lat' dir='ltr'><strong>est:</strong></span> <span class='ocrx_word' id='word_1_554' title='bbox 1640 4826 1729 4913; x_wconf 85' lang='lat' dir='ltr'><strong>quod</strong></span> <span class='ocrx_word' id='word_1_555' title='bbox 1749 4826 1861 4888; x_wconf 84' lang='lat' dir='ltr'><strong>autern</strong></span> <span class='ocrx_word' id='word_1_556' title='bbox 1881 4825 2040 4906; x_wconf 82' lang='lat' dir='ltr'><strong>optiurunr</strong></span> 
     </span>
     <span class='ocr_line' id='line_1_44' title="bbox 157 4923 2038 5022; baseline -0.004 -27"><span class='ocrx_word' id='word_1_557' title='bbox 157 4930 200 4995; x_wconf 82' lang='lat' dir='ltr'><strong>et</strong></span> <span class='ocrx_word' id='word_1_558' title='bbox 218 4929 371 4994; x_wconf 78' lang='lat' dir='ltr'><strong>moritura</strong></span> <span class='ocrx_word' id='word_1_559' title='bbox 392 4927 632 5022; x_wconf 74' lang='lat' dir='ltr'><strong>subrepentes,</strong></span> <span class='ocrx_word' id='word_1_560' title='bbox 656 4939 690 4996; x_wconf 93' lang='lat' dir='ltr'><strong>ut</strong></span> <span class='ocrx_word' id='word_1_561' title='bbox 706 4937 816 4996; x_wconf 88' lang='lat' dir='ltr'><strong>tamen</strong></span> <span class='ocrx_word' id='word_1_562' title='bbox 835 4933 984 5017; x_wconf 76' lang='lat' dir='ltr'><strong>syllabae</strong></span> <span class='ocrx_word' id='word_1_563' title='bbox 1005 4933 1075 4997; x_wconf 82' lang='lat' dir='ltr'><strong>tunt</strong></span> <span class='ocrx_word' id='word_1_564' title='bbox 1095 4928 1274 4998; x_wconf 85' lang='lat' dir='ltr'><strong>asccunda</strong></span> <span class='ocrx_word' id='word_1_565' title='bbox 1295 4949 1391 4997; x_wconf 86' lang='lat' dir='ltr'><strong>manu</strong></span> <span class='ocrx_word' id='word_1_566' title='bbox 1413 4947 1480 4995; x_wconf 84' lang='lat' dir='ltr'><strong>vox</strong></span> <span class='ocrx_word' id='word_1_567' title='bbox 1500 4929 1552 4994; x_wconf 80' lang='lat' dir='ltr'><strong>eat</strong></span> <span class='ocrx_word' id='word_1_568' title='bbox 1569 4929 1723 5014; x_wconf 89' lang='lat' dir='ltr'><strong>imposita</strong></span> <span class='ocrx_word' id='word_1_569' title='bbox 1749 4926 1802 4990; x_wconf 88' lang='lat' dir='ltr'><strong>sit.</strong></span> <span class='ocrx_word' id='word_1_570' title='bbox 1825 4923 2038 4990; x_wconf 86' lang='lat' dir='ltr'><strong>Monacensis</strong></span> 
     </span>
     <span class='ocr_line' id='line_1_45' title="bbox 160 5022 2039 5119; baseline -0.003 -24"><span class='ocrx_word' id='word_1_571' title='bbox 160 5029 292 5107; x_wconf 82' lang='lat' dir='ltr'><strong>Codex,</strong></span> <span class='ocrx_word' id='word_1_572' title='bbox 314 5031 367 5116; x_wconf 91' lang='lat' dir='ltr'><strong>qui</strong></span> <span class='ocrx_word' id='word_1_573' title='bbox 381 5030 556 5108; x_wconf 85' lang='lat' dir='ltr'><strong>interioris</strong></span> <span class='ocrx_word' id='word_1_574' title='bbox 569 5031 676 5096; x_wconf 87' lang='lat' dir='ltr'><strong>civilis</strong></span> <span class='ocrx_word' id='word_1_575' title='bbox 693 5031 826 5097; x_wconf 91' lang='lat' dir='ltr'><strong>codices</strong></span> <span class='ocrx_word' id='word_1_576' title='bbox 842 5051 1062 5119; x_wconf 86' lang='lat' dir='ltr'><strong>pergamenos</strong></span> <span class='ocrx_word' id='word_1_577' title='bbox 1073 5052 1206 5099; x_wconf 89' lang='lat' dir='ltr'><strong>numero</strong></span> <span class='ocrx_word' id='word_1_578' title='bbox 1225 5030 1284 5097; x_wconf 84' lang='grc'><strong>16.</strong></span> <span class='ocrx_word' id='word_1_579' title='bbox 1299 5031 1422 5098; x_wconf 89' lang='lat' dir='ltr'><strong>relatus</strong></span> <span class='ocrx_word' id='word_1_580' title='bbox 1444 5039 1508 5110; x_wconf 89' lang='lat' dir='ltr'><strong>est,</strong></span> <span class='ocrx_word' id='word_1_581' title='bbox 1531 5029 1668 5098; x_wconf 89' lang='lat' dir='ltr'><strong>eundem</strong></span> <span class='ocrx_word' id='word_1_582' title='bbox 1683 5043 1751 5091; x_wconf 91' lang='lat' dir='ltr'><strong>rem</strong></span> <span class='ocrx_word' id='word_1_583' title='bbox 1773 5025 1949 5091; x_wconf 87' lang='lat' dir='ltr'><strong>consumat.</strong></span> <span class='ocrx_word' id='word_1_584' title='bbox 1978 5022 2039 5090; x_wconf 85' lang='lat' dir='ltr'><strong>Sic</strong></span> 
     </span>
     <span class='ocr_line' id='line_1_46' title="bbox 158 5125 2039 5220; baseline -0.004 -23"><span class='ocrx_word' id='word_1_585' title='bbox 158 5131 250 5200; x_wconf 82' lang='lat' dir='ltr'><strong>enim</strong></span> <span class='ocrx_word' id='word_1_586' title='bbox 265 5131 348 5196; x_wconf 91' lang='lat' dir='ltr'><strong>illic:</strong></span> <span class='ocrx_word' id='word_1_587' title='bbox 370 5131 460 5216; x_wconf 86' lang='lat' dir='ltr'><strong>quod</strong></span> <span class='ocrx_word' id='word_1_588' title='bbox 484 5132 595 5194; x_wconf 82' lang='grc' dir='ltr'><em>ιιιιέιιιι</em></span> <span class='ocrx_word' id='word_1_589' title='bbox 616 5125 773 5215; x_wconf 85' lang='lat' dir='ltr'><strong>optimum</strong></span> <span class='ocrx_word' id='word_1_590' title='bbox 793 5135 826 5197; x_wconf 84' lang='lat' dir='ltr'><strong>et</strong></span> <span class='ocrx_word' id='word_1_591' title='bbox 844 5135 998 5197; x_wconf 74' lang='lat' dir='ltr'><strong>meritura</strong></span> <span class='ocrx_word' id='word_1_592' title='bbox 1018 5131 1251 5220; x_wconf 61' lang='lat' dir='ltr'><strong>increpantes,</strong></span> <span class='ocrx_word' id='word_1_593' title='bbox 1274 5139 1308 5198; x_wconf 91' lang='lat' dir='ltr'><strong>ut</strong></span> <span class='ocrx_word' id='word_1_594' title='bbox 1327 5137 1438 5198; x_wconf 85' lang='lat' dir='ltr'><strong>&#39;tomen</strong></span> <span class='ocrx_word' id='word_1_595' title='bbox 1460 5133 1590 5197; x_wconf 88' lang='lat' dir='ltr'><strong>litterae</strong></span> <span class='ocrx_word' id='word_1_596' title='bbox 1612 5147 1642 5215; x_wconf 89' lang='lat' dir='ltr'><strong>r,</strong></span> <span class='ocrx_word' id='word_1_597' title='bbox 1665 5145 1748 5213; x_wconf 89' lang='lat' dir='ltr'><strong>quae</strong></span> <span class='ocrx_word' id='word_1_598' title='bbox 1771 5128 1863 5192; x_wconf 91' lang='lat' dir='ltr'><strong>vocis</strong></span> <span class='ocrx_word' id='word_1_599' title='bbox 1884 5127 2039 5190; x_wconf 73' lang='grc' dir='ltr'><em>νεανίαιν</em></span> 
     </span>
     <span class='ocr_line' id='line_1_47' title="bbox 157 5225 2037 5320; baseline -0.005 -22"><span class='ocrx_word' id='word_1_600' title='bbox 157 5237 237 5312; x_wconf 83' lang='lat' dir='ltr'><strong>est,</strong></span> <span class='ocrx_word' id='word_1_601' title='bbox 271 5230 384 5296; x_wconf 92' lang='lat' dir='ltr'><strong>littera</strong></span> <span class='ocrx_word' id='word_1_602' title='bbox 405 5232 459 5294; x_wconf 91' lang='lat' dir='ltr'><strong>ta</strong></span> <span class='ocrx_word' id='word_1_603' title='bbox 480 5229 626 5295; x_wconf 87' lang='lat' dir='ltr'><strong>secunda</strong></span> <span class='ocrx_word' id='word_1_604' title='bbox 647 5249 742 5296; x_wconf 90' lang='lat' dir='ltr'><strong>manu</strong></span> <span class='ocrx_word' id='word_1_605' title='bbox 763 5232 915 5316; x_wconf 90' lang='lat' dir='ltr'><strong>imposita</strong></span> <span class='ocrx_word' id='word_1_606' title='bbox 936 5233 991 5298; x_wconf 90' lang='lat' dir='ltr'><strong>sit.</strong></span> <span class='ocrx_word' id='word_1_607' title='bbox 1035 5271 1076 5282; x_wconf 91' lang='lat'><em>-</em></span> <span class='ocrx_word' id='word_1_608' title='bbox 1118 5235 1206 5300; x_wconf 91' lang='lat' dir='ltr'><strong>Nov.</strong></span> <span class='ocrx_word' id='word_1_609' title='bbox 1231 5232 1294 5300; x_wconf 78' lang='grc'><strong>67.</strong></span> <span class='ocrx_word' id='word_1_610' title='bbox 1319 5255 1367 5320; x_wconf 93' lang='lat' dir='ltr'><strong>pr.</strong></span> <span class='ocrx_word' id='word_1_611' title='bbox 1397 5253 1441 5299; x_wconf 89' lang='lat' dir='ltr'><strong>ex</strong></span> <span class='ocrx_word' id='word_1_612' title='bbox 1470 5232 1546 5299; x_wconf 87' lang='lat' dir='ltr'><strong>edit.</strong></span> <span class='ocrx_word' id='word_1_613' title='bbox 1571 5225 1829 5315; x_wconf 75' lang='lat' dir='ltr'><strong>Sponpcnbcrpi</strong></span> <span class='ocrx_word' id='word_1_614' title='bbox 1855 5227 1902 5292; x_wconf 86' lang='lat' dir='ltr'><strong>ita</strong></span> <span class='ocrx_word' id='word_1_615' title='bbox 1922 5225 2037 5292; x_wconf 84' lang='lat' dir='ltr'><strong>babet:</strong></span> 
     </span>
     <span class='ocr_line' id='line_1_48' title="bbox 155 5322 2038 5420; baseline -0.005 -22"><span class='ocrx_word' id='word_1_616' title='bbox 155 5333 220 5400; x_wconf 78' lang='lat' dir='ltr'><strong>xci</strong></span> <span class='ocrx_word' id='word_1_617' title='bbox 237 5329 279 5396; x_wconf 80' lang='grc' dir='ltr'><strong>τὰ</strong></span> <span class='ocrx_word' id='word_1_618' title='bbox 299 5333 370 5416; x_wconf 79' lang='grc' dir='ltr'><em>περὶ</em></span> <span class='ocrx_word' id='word_1_619' title='bbox 391 5329 456 5393; x_wconf 80' lang='grc' dir='ltr'><strong>τῶν</strong></span> <span class='ocrx_word' id='word_1_620' title='bbox 476 5325 667 5410; x_wconf 80' lang='grc' dir='ltr'><em>ἁγιωτάτων</em></span> <span class='ocrx_word' id='word_1_621' title='bbox 684 5333 863 5410; x_wconf 67' lang='grc' dir='ltr'><em>ἐκκλησιῶν</em></span> <span class='ocrx_word' id='word_1_622' title='bbox 884 5335 1016 5411; x_wconf 83' lang='grc' dir='ltr'><em>πολλοῖς</em></span> <span class='ocrx_word' id='word_1_623' title='bbox 1037 5332 1259 5418; x_wconf 81' lang='grc' dir='ltr'><em>περιλαβόντες</em></span> <span class='ocrx_word' id='word_1_624' title='bbox 1280 5332 1399 5416; x_wconf 89' lang='grc' dir='ltr'><em>νόμοις,</em></span> <span class='ocrx_word' id='word_1_625' title='bbox 1421 5335 1469 5396; x_wconf 80' lang='grc' dir='ltr'><strong>ἔτι</strong></span> <span class='ocrx_word' id='word_1_626' title='bbox 1490 5332 1547 5396; x_wconf 82' lang='grc' dir='ltr'><strong>καὶ</strong></span> <span class='ocrx_word' id='word_1_627' title='bbox 1569 5335 1678 5420; x_wconf 77' lang='grc' dir='ltr'><em>ἑτέρον</em></span> <span class='ocrx_word' id='word_1_628' title='bbox 1700 5325 1847 5411; x_wconf 75' lang='grc' dir='ltr'><em>δεόμεθα</em></span> <span class='ocrx_word' id='word_1_629' title='bbox 1872 5329 1953 5412; x_wconf 81' lang='grc' dir='ltr'><em>πρὸς</em></span> <span class='ocrx_word' id='word_1_630' title='bbox 1978 5322 2038 5402; x_wconf 79' lang='grc' dir='ltr'><strong>τὰς</strong></span> 
     </span>
     <span class='ocr_line' id='line_1_49' title="bbox 155 5421 2040 5522; baseline -0.004 -22"><span class='ocrx_word' id='word_1_631' title='bbox 155 5428 387 5515; x_wconf 76' lang='grc' dir='ltr'><em>ἁνακνψόσας</em></span> <span class='ocrx_word' id='word_1_632' title='bbox 402 5430 466 5493; x_wconf 82' lang='grc' dir='ltr'><strong>τῶν</strong></span> <span class='ocrx_word' id='word_1_633' title='bbox 480 5425 678 5510; x_wconf 73' lang='grc' dir='ltr'><em>ὑποθέσεων,</em></span> <span class='ocrx_word' id='word_1_634' title='bbox 701 5435 757 5500; x_wconf 86' lang='grc' dir='ltr'><strong>καὶ</strong></span> <span class='ocrx_word' id='word_1_635' title='bbox 779 5421 883 5509; x_wconf 73' lang='grc' dir='ltr'><em>αὖθις</em></span> <span class='ocrx_word' id='word_1_636' title='bbox 904 5431 1135 5522; x_wconf 77' lang='grc' dir='ltr'><em>ἀναφοομένας</em></span> <span class='ocrx_word' id='word_1_637' title='bbox 1155 5433 1396 5522; x_wconf 83' lang='grc' dir='ltr'><em>σἰρκοῑιντος.</em></span> <span class='ocrx_word' id='word_1_638' title='bbox 1427 5431 1503 5497; x_wconf 89' lang='lat' dir='ltr'><strong>Non</strong></span> <span class='ocrx_word' id='word_1_639' title='bbox 1524 5429 1791 5498; x_wconf 86' lang='lat' dir='ltr'><strong>contemnendum</strong></span> <span class='ocrx_word' id='word_1_640' title='bbox 1813 5435 1932 5514; x_wconf 70' lang='lat' dir='ltr'><strong>tmen,</strong></span> <span class='ocrx_word' id='word_1_641' title='bbox 1953 5425 2040 5512; x_wconf 89' lang='lat' dir='ltr'><strong>quod</strong></span> 
     </span>
     <span class='ocr_line' id='line_1_50' title="bbox 154 5525 2038 5620; baseline -0.006 -18"><span class='ocrx_word' id='word_1_642' title='bbox 154 5553 235 5620; x_wconf 85' lang='lat' dir='ltr'><strong>cap.</strong></span> <span class='ocrx_word' id='word_1_643' title='bbox 259 5531 323 5598; x_wconf 76' lang='grc'><strong>27.</strong></span> <span class='ocrx_word' id='word_1_644' title='bbox 346 5531 706 5616; x_wconf 77' lang='grc' dir='ltr'><em>νοελιεσσοΙΙσολίοιιίε</em></span> <span class='ocrx_word' id='word_1_645' title='bbox 734 5534 833 5602; x_wconf 83' lang='grc' dir='ltr'><em>1νι1ιε1</em></span> <span class='ocrx_word' id='word_1_646' title='bbox 854 5536 1016 5606; x_wconf 87' lang='lat' dir='ltr'><strong>Novellae</strong></span> <span class='ocrx_word' id='word_1_647' title='bbox 1038 5535 1261 5604; x_wconf 85' lang='lat' dir='ltr'><strong>emendandae</strong></span> <span class='ocrx_word' id='word_1_648' title='bbox 1282 5533 1448 5599; x_wconf 84' lang='lat' dir='ltr'><strong>auxilium:</strong></span> <span class='ocrx_word' id='word_1_649' title='bbox 1486 5529 1675 5619; x_wconf 81' lang='grc' dir='ltr'><em>ἁρκοῦντες,</em></span> <span class='ocrx_word' id='word_1_650' title='bbox 1701 5547 1796 5616; x_wconf 90' lang='lat' dir='ltr'><strong>quam</strong></span> <span class='ocrx_word' id='word_1_651' title='bbox 1817 5545 1887 5594; x_wconf 90' lang='lat' dir='ltr'><strong>rem</strong></span> <span class='ocrx_word' id='word_1_652' title='bbox 1908 5533 1943 5592; x_wconf 91' lang='lat' dir='ltr'><strong>et</strong></span> <span class='ocrx_word' id='word_1_653' title='bbox 1964 5525 2038 5591; x_wconf 89' lang='lat' dir='ltr'><strong>No·</strong></span> 
     </span>
     <span class='ocr_line' id='line_1_51' title="bbox 154 5625 2039 5724; baseline -0.007 -22"><span class='ocrx_word' id='word_1_654' title='bbox 154 5633 352 5702; x_wconf 89' lang='lat' dir='ltr'><strong>mucanonis</strong></span> <span class='ocrx_word' id='word_1_655' title='bbox 373 5631 537 5719; x_wconf 88' lang='lat' dir='ltr'><strong>appendix</strong></span> <span class='ocrx_word' id='word_1_656' title='bbox 560 5651 632 5719; x_wconf 87' lang='lat' dir='ltr'><strong>cap.</strong></span> <span class='ocrx_word' id='word_1_657' title='bbox 659 5631 721 5701; x_wconf 86' lang='grc'><strong>17.</strong></span> <span class='ocrx_word' id='word_1_658' title='bbox 744 5636 830 5722; x_wconf 87' lang='lat' dir='ltr'><strong>apud</strong></span> <span class='ocrx_word' id='word_1_659' title='bbox 852 5637 1033 5706; x_wconf 88' lang='lat' dir='ltr'><strong>lustellium</strong></span> <span class='ocrx_word' id='word_1_660' title='bbox 1056 5637 1077 5702; x_wconf 95' lang='grc' dir='ltr'><strong>Ι.</strong></span> <span class='ocrx_word' id='word_1_661' title='bbox 1098 5637 1119 5701; x_wconf 94' lang='grc'><strong>1.</strong></span> <span class='ocrx_word' id='word_1_662' title='bbox 1143 5659 1172 5724; x_wconf 94' lang='lat' dir='ltr'><strong>p.</strong></span> <span class='ocrx_word' id='word_1_663' title='bbox 1197 5631 1288 5700; x_wconf 87' lang='grc'><strong>669.</strong></span> <span class='ocrx_word' id='word_1_664' title='bbox 1312 5633 1398 5699; x_wconf 90' lang='lat' dir='ltr'><strong>omui</strong></span> <span class='ocrx_word' id='word_1_665' title='bbox 1425 5652 1468 5700; x_wconf 87' lang='lat' dir='ltr'><strong>ex</strong></span> <span class='ocrx_word' id='word_1_666' title='bbox 1496 5639 1589 5719; x_wconf 86' lang='lat' dir='ltr'><strong>parte</strong></span> <span class='ocrx_word' id='word_1_667' title='bbox 1610 5630 1792 5712; x_wconf 78' lang='lat' dir='ltr'><strong>confirmat,</strong></span> <span class='ocrx_word' id='word_1_668' title='bbox 1826 5628 1917 5694; x_wconf 84' lang='lat' dir='ltr'><strong>ouius</strong></span> <span class='ocrx_word' id='word_1_669' title='bbox 1938 5625 2039 5694; x_wconf 89' lang='lat' dir='ltr'><strong>testi-</strong></span> 
     </span>
     <span class='ocr_line' id='line_1_52' title="bbox 154 5725 2038 5824; baseline -0.008 -18"><span class='ocrx_word' id='word_1_670' title='bbox 154 5735 302 5806; x_wconf 88' lang='lat' dir='ltr'><strong>monium</strong></span> <span class='ocrx_word' id='word_1_671' title='bbox 322 5735 363 5802; x_wconf 89' lang='lat' dir='ltr'><strong>ab</strong></span> <span class='ocrx_word' id='word_1_672' title='bbox 387 5731 659 5820; x_wconf 75' lang='lat' dir='ltr'><strong>Oreobroppeuio</strong></span> <span class='ocrx_word' id='word_1_673' title='bbox 680 5757 711 5824; x_wconf 92' lang='lat' dir='ltr'><strong>p.</strong></span> <span class='ocrx_word' id='word_1_674' title='bbox 737 5735 828 5804; x_wconf 70' lang='grc'><strong>321.</strong></span> <span class='ocrx_word' id='word_1_675' title='bbox 850 5739 935 5808; x_wconf 86' lang='lat' dir='ltr'><strong>malo</strong></span> <span class='ocrx_word' id='word_1_676' title='bbox 966 5759 1056 5806; x_wconf 90' lang='lat' dir='ltr'><strong>more</strong></span> <span class='ocrx_word' id='word_1_677' title='bbox 1084 5739 1363 5805; x_wconf 89' lang='lat' dir='ltr'><strong>commemoratum</strong></span> <span class='ocrx_word' id='word_1_678' title='bbox 1391 5753 1455 5802; x_wconf 93' lang='lat' dir='ltr'><strong>non</strong></span> <span class='ocrx_word' id='word_1_679' title='bbox 1482 5739 1545 5800; x_wconf 89' lang='lat' dir='ltr'><strong>est.</strong></span> <span class='ocrx_word' id='word_1_680' title='bbox 1589 5732 1642 5800; x_wconf 87' lang='lat' dir='ltr'><strong>lta</strong></span> <span class='ocrx_word' id='word_1_681' title='bbox 1664 5731 1763 5800; x_wconf 90' lang='lat' dir='ltr'><strong>totius</strong></span> <span class='ocrx_word' id='word_1_682' title='bbox 1784 5729 1847 5798; x_wconf 90' lang='lat' dir='ltr'><strong>loci</strong></span> <span class='ocrx_word' id='word_1_683' title='bbox 1867 5730 1950 5796; x_wconf 87' lang='lat' dir='ltr'><strong>baec</strong></span> <span class='ocrx_word' id='word_1_684' title='bbox 1971 5725 2038 5794; x_wconf 89' lang='lat' dir='ltr'><strong>erit</strong></span> 
     </span>
    </p>
   </div>
   <div class='ocr_carea' id='block_1_5' title="bbox 0 0 2406 7060">
    <p class='ocr_par' dir='ltr' id='par_1_6' title="bbox 0 0 2406 7060">
     <span class='ocr_line' id='line_1_53' title="bbox 0 0 2406 7060; baseline 0 5"><span class='ocrx_word' id='word_1_685' title='bbox 0 0 2406 7060; x_wconf 95' lang='lat' dir='ltr'><strong> </strong></span> 
     </span>
    </p>
   </div>
  </div>
 </body>
</html>
