4864 7070
956 559 1297 634 CAPUTin
1987 585 2079 632 nu

207 743 427 824 τίτλοςκδ.
450 751 537 832 περὶ
558 743 1068 834 διαθήκηςάπιλευθέριον
1088 751 1262 834 καὶπερὶ
1283 749 1523 836 προνομίαν
1549 743 1659 832 πρών
1678 751 1747 813 καὶ
1769 749 1858 832 περὶ
1880 751 2076 816 διακατα-

452 851 535 928 χών
555 851 625 915 καὶ
646 852 734 935 περὶ
755 845 1029 928 καθηκούσης
1050 847 1254 929 διαθήκης
1271 847 1458 938 καὶπαρά
1479 853 1559 914 τίνι
1582 847 1746 936 ὀφείλει
1768 844 1786 926 ή
1809 847 1992 929 διαθήκη
2007 875 2075 918 πα-

454 951 708 1033 ραδίδοσθαι
735 952 806 1014 καὶ
826 952 912 1036 περὶ
932 957 1123 1036 μέμιμεως
1144 947 1276 1028 αύτής.

454 1049 558 1136 10010.
586 1050 640 1116 101.
665 1046 727 1114 78.
749 1051 792 1114 A.
837 1048 855 1130 ή
877 1059 1045 1134 συγγένεια
1067 1047 1170 1134 ὄνομά
1191 1059 1270 1115 ἐστι.

454 1148 645 1218 00010101.
670 1147 736 1215 811.
760 1150 800 1216 Β.
843 1151 1054 1242 κληρονόμου,
1075 1151 1113 1217 ού
1135 1149 1290 1238 ῥήγνυται
1312 1147 1332 1230 ή
1356 1148 1512 1230 διαθήκη.

205 1252 347 1326 τίτλος
366 1244 434 1314 κε’.
456 1253 549 1338 περὶ
571 1249 802 1338 ἀνατροπῆς
823 1251 1031 1332 διαθήκης
1051 1255 1120 1318 καὶ
1141 1256 1232 1338 περὶ
1252 1259 1439 1334 μέμιμεως
1465 1251 1597 1331 αύτής.

453 1350 555 1437 10010.
579 1352 634 1418 101.
656 1349 721 1418 811.
745 1353 785 1420 Β.
805 1363 878 1430 ταῖς
898 1351 1077 1431 διαθήκαις
1097 1371 1172 1438 τρια
1192 1352 1290 1431 πάθη
1310 1356 1507 1438 παρενοχλεῖ.

452 1448 569 1516 110010.
591 1453 644 1518 101.
666 1449 731 1518 81.
755 1455 796 1520 Β.
839 1456 895 1520 καὶ
921 1452 959 1518 τὸ
981 1455 1093 1519 λοιπόν
1115 1453 1240 1518 δι’δοται
1261 1456 1307 1536 τῴ
1327 1457 1543 1536 μοναιπηράρ.

199 1553 344 1628 τίτλος
371 1548 442 1625 κς’.
472 1556 562 1638 περὶ
589 1550 730 1619 νόθων
766 1553 945 1637 εὐγενῶν
980 1558 1050 1619 καὶ
1079 1557 1168 1638 περὶ
1203 1551 1542 1634 ύιιεξονσιότητος
1569 1555 1637 1616 καὶ
1658 1549 1804 1630 λύσεως
1825 1552 1966 1638 αὐτῶν,
1986 1561 2074 1644 περὶ

451 1651 829 1732 αύτεξουσιότητος
850 1659 919 1720 καὶ
941 1657 1027 1740 περὶ
1057 1657 1286 1720 υίοθεσιιύν
1306 1657 1377 1721 καὶ
1398 1657 1488 1738 περὶ
1509 1649 1728 1729 εὐνούχων.
1829 1664 1832 1679 ’

452 1752 554 1840 10010.
578 1753 632 1820 101.
655 1752 718 1820 81.
742 1755 783 1822 Β.
825 1759 891 1821 τών
911 1765 1105 1839 τικτομένων
1127 1761 1160 1821 σι’
1185 1765 1253 1838 μέν.

453 1851 571 1920 Desin.
595 1855 649 1921 101.
673 1854 736 1922 84.
760 1858 803 1923 A.
855 1861 905 1923 ἐπὶ
926 1869 995 1934 τοῖς
1017 1864 1146 1934 οέκείοις
1173 1854 1389 1940 ἀναγκάζεται
1410 1851 1559 1942 πριάπεια
1579 1856 1699 1918 παισίν.

202 1957 343 2032 τίτλος
364 1953 432 2034 κζ’.
454 1958 545 2041 περὶ
566 1955 780 2044 μαρτύρων
801 1958 1110 2042 εύπροσδέκτων
1130 1961 1200 2023 καὶ
1229 1961 1491 2038 κωλυομένων
1520 1955 1591 2018 καὶ
1613 1958 1703 2040 περὶ
1723 1958 1800 2020 τῶν
1816 1955 2074 2042 ἀρνουμένων

449 2055 544 2134 τούς
571 2059 706 2134 ἰδίους
734 2069 968 2142 συγγενεῖς,
1011 2063 1070 2124 ἐτι
1103 2083 1147 2143 γε
1178 2055 1254 2142 μὴν
1290 2060 1379 2144 περὶ
1406 2051 1539 2143 ὅρκου,
1581 2059 1672 2138 περὶ
1708 2053 2073 2146 ἀναιμηλαφήσεως

452 2154 580 2242 ὅρκου
607 2163 678 2223 καὶ
706 2161 797 2243 περὶ
819 2157 1023 2246 ἐπιόρκου.

453 2259 630 2344 10010101.
654 2255 718 2324 Si.
741 2260 783 2324 A.
826 2263 896 2347 περὶ
917 2259 1087 2346 μαρτύρων
1107 2261 1270 2326 ἐντεῦθεν.
1334 2257 1451 2324 110010.
1473 2257 1528 2323 101.
1556 2254 1643 2322 1113.
1670 2255 1711 2322 Β.
1756 2253 1830 2346 ὅπερ
1851 2265 1919 2326 ἐστὶ
1946 2261 2071 2328 καινόν.

202 2359 346 2434 τίτλος
372 2355 485 2440 κη’.1)
507 2363 597 2444 περὶ
627 2361 697 2437 τῆς
723 2357 918 2425 ἀνωτάτω
946 2361 1115 2448 τριάδος
1142 2365 1212 2427 καὶ
1237 2363 1328 2446 περὶ
1352 2365 1621 2445 χειροτονίας
1642 2357 1870 2426 ἐπισκόπων
1890 2365 1961 2429 καὶ
1983 2371 2073 2448 περὶ

456 2462 660 2546 κληρικών
680 2465 750 2526 καὶ
777 2465 976 2542 μοναχιόν.

453 2559 631 2646 10010101.
658 2561 746 2628 104.
770 2563 811 2628 A.
856 2562 981 2639 πάντας
1003 2561 1103 2639 ούτως
1125 2560 1283 2628 πιστεύειν
1303 2557 1322 2640 ή
1346 2557 1501 2640 διάταξις.

452 2660 648 2728 110010101.
676 2660 763 2728 109.
788 2666 830 2728 A.
880 2665 921 2747 τῇ
942 2667 1096 2746 ἐκκλησία
1117 2661 1137 2743 ἢ
1157 2665 1203 2747 τη]
1223 2667 1428 2748 μοναοτηρίιρ
1457 2659 1729 2750 προσκυρούσθω.

197 2763 344 2839 τίτλος
363 2759 446 2828 κθ.
468 2766 557 2848 περὶ
578 2765 840 2830 κωδικέλλου.

452 2863 554 2950 10010.
577 2865 631 2930 101.
659 2861 748 2931 1119.
770 2865 810 2930 Β.
853 2865 1044 2938 κωδίκελλος
1065 2867 1151 2930 ἐστὶν
1171 2867 1327 2942 ἐλλιπούς.

452 2964 571 3032 Desint.
593 2967 648 3032 101.
674 2966 762 3031 iit).
785 2967 829 3032 A.
850 2967 1108 3051 προοληιγθήναι
1129 2973 1174 3042 εἰς
1194 2964 1252 3045 τήν
1273 2962 1441 3052 ἀκρόασιν.

193 3068 346 3143 τίτλος
372 3062 418 3132 λ’.
446 3070 532 3150 περὶ
553 3064 818 3154 κληρονόμων
840 3070 911 3132 καὶ
932 3071 1021 3151 περὶ
1049 3065 1284 3143 συστάσεως
1311 3069 1590 3152 κληρονομίας
1610 3068 1678 3130 καὶ
1702 3061 2073 3144 ἀποκαταστάσεως

449 3170 520 3232 καὶ
554 3176 643 3254 περὶ
664 3167 940 3254 συνεισιροράς
968 3166 1138 3254 προικός
1162 3171 1232 3234 καὶ
1258 3170 1513 3252 διασκέψεως
1541 3165 1684 3232 αὐτῶν.

454 3267 557 3354 10010.
580 3269 634 3334 101.
669 3269 756 3334 iio.
779 3268 820 3334 Β.
862 3271 1059 3354 κληρονομία
1080 3271 1166 3334 ἐστὶν
1186 3265 1207 3346 ἡ
1227 3275 1272 3345 εές
1292 3267 1477 3356 ὁλόκληρον.

453 3366 569 3436 110010.
594 3370 650 3437 101.
677 3367 763 3436 116.
787 3371 829 3436 A.
874 3369 947 3435 τότε
967 3366 1165 3456 τελευτήσει,
1187 3371 1293 3445 καλῶς
1314 3365 1415 3434 αὐτόν
1435 3372 1637 3452 κληρονομεῖ.

192 3469 342 3546 τίτλος
374 3465 441 3534 λα’.
465 3474 550 3554 περὶ
571 3469 954 3546 ἀποκαταστάσεως
975 3475 1146 3536 έλαττον
1167 3471 1243 3535 τῶν
1264 3467 1333 3535 κε’.
1356 3471 1567 3548 ἐνιαυτῶν,
1590 3471 1660 3534 καὶ
1682 3472 1770 3552 περὶ
1792 3471 2072 3547 πληθυντικής

449 3565 825 3648 ἀποκαταστάσεως
860 3577 930 3638 καὶ
965 3575 1052 3658 περὶ
1088 3573 1319 3638 πεκουλίων
1356 3567 1489 3634 αὐτων
1523 3573 1597 3636 καὶ
1631 3573 1722 3656 περὶ
1755 3571 1824 3649 τής
1860 3569 2071 3656 ἀφηλίκων

451 3670 836 3750 ἀποκαταστάσεως.

449 3774 550 3860 Incip.
574 3775 627 3840 101.
655 3771 743 3839 116.
768 3776 808 3839 A.
852 3769 1080 3856 ἡάρμόζουοα
1102 3776 1163 3838 τινὶ
1184 3769 1460 3848 ἀποκατάστασις.

451 3873 566 3940 Desin.
590 3875 644 3941 101.
672 3872 759 3940 118.
783 3876 825 3940 A.
869 3877 926 3940 καὶ
954 3872 1171 3952 ἀναισχυντόν
1192 3898 1223 3938 τι
1244 3885 1345 3940 ποιεῖν
1366 3871 1531 3960 ἐπιχειρῶν
1551 3873 1657 3936 ταῦτα
1678 3869 1876 3958 ἀνατρέψαι.

189 3977 338 4049 τίτλος
359 3971 435 4059 iss'.
457 3979 544 4062 περὶ
565 3977 785 4062 φαλκιδίου
806 3979 877 4040 καὶ
897 3973 1083 4060 ἀμέτρων
1103 3975 1273 4060 δωρεάν.

448 4075 552 4162 Incip.
578 4076 632 4142 101.
658 4073 746 4142 118.
769 4076 809 4142 Β.
854 4081 1027 4165 φαλκίδιος
1048 4080 1133 4141 ἐστὶν
1154 4075 1242 4162 ἀχρι.

449 4173 566 4244 Desin.
589 4176 642 4242 101.
672 4175 758 4242 1110.
781 4177 822 4242 Β.
867 4181 925 4244 καὶ
946 4177 987 4243 τά
1008 4175 1105 4244 λοιπά
1126 4175 1203 4262 πρὸς
1223 4175 1281 4242 τόν
1302 4175 1474 4261 φαλκίδιον
1494 4175 1653 4260 κατέβαλε
1675 4184 1744 4252 τοῖς
1764 4177 1983 4257 ληγαταριόις.

189 4279 344 4353 τίτλος
371 4275 445 4359 λγ’.
467 4280 557 4362 περὶ
578 4275 825 4362 ἀποκλήρων.

449 4379 554 4464 Incip.
578 4378 633 4443 101.
661 4376 746 4443 iti.
772 4380 814 4443 A.
858 4385 933 4454 εἴτις
957 4388 1026 4454 τοῖς
1047 4381 1140 4453 ἐδιόις
1160 4381 1299 4460 γονεῦσι.

450 4478 566 4545 110010.
590 4479 642 4544 101.
670 4477 757 4544 135.
781 4481 821 4544 A.
845 4479 920 4556 τούς
941 4479 1071 4555 λοιπούς
1091 4476 1252 4568 ἀδελφούς
1273 4480 1328 4543 καὶ
1343 4474 1586 4563 άδελφόπαιδας
1606 4479 1662 4542 καὶ
1684 4475 1741 4554 τήν
1761 4485 1882 4560 μητέρα
1896 4477 2068 4558 ἔρχεσθαι.

189 4583 345 4655 τίτλος
372 4577 438 4646 κδ’.
467 4583 553 4662 περὶ
589 4582 837 4664 ἐλευθεριών
858 4583 924 4645 καὶ
946 4577 1297 4645 ἀναδουλάσεων.“
1332 4578 1434 4664 lucip.
1471 4575 1523 4644 101.
1558 4575 1644 4641 125.
1674 4579 1715 4642 A.
1743 4574 1762 4655 ή
1784 4580 1847 4642 τάν
1874 4576 2071 4660 πραγμάτων

448 4679 535 4764 ἀκρα
556 4681 718 4764 διαίρέσις.
767 4679 884 4748 Desin.
913 4682 966 4748 101.
994 4677 1082 4747 139.
1104 4682 1147 4746 A.
1169 4682 1225 4744 καὶ
1252 4681 1407 4763 περὶτῶν
1428 4686 1709 4764 κεχρεωστημέυων
1738 4675 1828 4760 αύτιῤ
1850 4674 1983 4758 ἐνάγειν.

187 4808 209 4848 τ
224 4783 346 4858 ι’τλος
373 4775 442 4847 λε’.
465 4783 556 4868 περὶ
578 4779 759 4863 ληγάτων
779 4786 1046 4870 προσκαίρων
1067 4783 1139 4846 καὶ
1160 4781 1363 4858 διηνεκών.

446 4881 623 4968 10010101.
654 4879 739 4948 139.
762 4883 805 4947 A.
849 4881 985 4965 λεγάτον
1013 4884 1080 4947 ἐστὶ
1108 4876 1221 4968 δωρεά.

448 4981 564 5050 Desin.
588 4983 641 5049 101.
672 4981 757 5049 1311.
780 4983 820 5049 Β.
864 4981 1080 5065 ἀναγκάζεται
1102 4983 1215 5048 δοῦναι
1235 4988 1280 5056 εἰς
1301 4977 1358 5058 τήν
1379 4976 1506 5066 ἀγοράν
1528 4977 1643 5046 αύτού.

192 5087 342 5160 τίτλος
362 5081 434 5158 λς’.
457 5087 545 5168 περὶ
567 5081 794 5168 ἐπιτρόπων
815 5087 885 5149 καὶ
906 5080 1195 5169 κουρατιόρων.

447 5186 548 5271 Incip.
571 5185 624 5251 101.
652 5181 740 5248 131.
763 5184 805 5249 A.
849 5182 1107 5271 ἐπιτροπεύονται
1128 5179 1216 5248 κατά
1236 5205 1294 5246 τον
1314 5179 1490 5248 πολιτικόν.

447 5283 563 5351 Desin.
585 5285 638 5350 101.
667 5282 754 5348 133.
778 5285 821 5349 A.
864 5290 908 5360 είς
930 5283 967 5350 τό
987 5283 1031 5367 μὴ
1053 5281 1237 5361 ἀπαιτηθέν
1256 5290 1361 5368 χρέος.

190 5388 346 5462 τίτλος
367 5384 425 5466 λζ’.
449 5391 536 5474 περὶ
564 5387 637 5450 τού
663 5383 714 5468 μὴ
740 5385 1032 5470 ἐνυβρίζεσθαι
1061 5387 1111 5450 τά
1133 5386 1314 5470 λείψανα
1335 5385 1413 5448 τῶν
1434 5380 1679 5449 τεθνεώτων
1700 5375 1812 5467 παρά
1833 5381 1915 5446 τῶν
1936 5383 2068 5447 δανει-

445 5489 555 5554 στῶν
576 5488 646 5552 καὶ
667 5487 753 5574 περὶ
774 5489 855 5564 τού,
899 5483 997 5554 πότε
1018 5487 1086 5551 δεῖ
1102 5483 1263 5568 ἐνάγειν
1284 5482 1378 5561 τούς
1399 5481 1621 5558 δανειστάς
1640 5477 1746 5545 κατά
1774 5483 1851 5546 τῶν
1872 5480 2069 5568 κληρονό-

444 5611 526 5670 μων
547 5590 620 5652 τῶν
647 5585 992 5666 τελευτησάντων.

447 5689 549 5774 10010.
572 5689 625 5754 101.
653 5684 741 5754 133.
766 5687 809 5754 A.
859 5686 1053 5772 μεμνήμεθα
1070 5687 1104 5750 δὲ
1124 5683 1202 5775 πρός
1222 5683 1362 5762 τούτοις.

445 5789 562 5857 Desin.
585 5788 639 5854 101.
666 5782 753 5853 133.
777 5786 816 5854 Β.
867 5791 922 5867 τῆς
943 5812 977 5854 τε
999 5789 1088 5864 δίκης
1109 5793 1280 5852 ἐκπιπτέτω
1301 5790 1358 5852 καὶ
1379 5787 1486 5868 ἕτερον
1506 5783 1664 5848 τοσούτου
1684 5779 1947 5874 προσαπολλύτω.

264 5957 293 6016 i)
311 5957 375 6006 inde
399 5960 431 6008 ab
453 5961 504 6010 Ιιοο
521 5959 598 6010 titulo
616 5969 699 6024 usqne
715 5960 747 6009 nd
765 5960 844 6011 tinen
868 5961 987 6023 provini
1012 5960 1144 6012 titninrunn
1162 5959 1351 6020 inscriptiones
1367 5957 1396 6006 in
1411 5957 1536 6006 nontnxtn
1553 5955 1645 6019 operis
1662 5955 1808 6008 collocatae
1826 5957 2003 6018 reperiuntur,
2020 5953 2067 6004 neti
2124 5971 2129 5980 ·

185 6045 277 6094 minin
303 6042 453 6094 distinctae.
