4824 7048
616 557 873 632 surannae
895 523 1239 628 meroa'sroaurr
1261 555 1648 632 nrzxurmcnun.

1991 562 2071 635 686

191 750 258 837 666
271 779 324 835 της
334 751 614 858 γνωμηςκακοθελός
627 748 681 815 dt
664 776 760 816 οκακι
760 755 828 826 νοις
840 745 1110 856 πρλνςόκειῶθηοαν.
1161 749 1342 809 calamitatis
1361 752 1570 810 necessitatem
1598 755 1748 814 coniiciat
1789 755 1971 816 Necessario
1991 758 2071 816 enim

194 838 299 910 Kal
269 865 324 922 γαρ
338 846 365 904 εί
351 845 438 904 δίναν
449 863 527 942 προς
536 835 660 936 ἀνάγκης
672 841 718 898 sai
731 830 809 900 ούτοι
822 835 1028 941 66666666,‘
1007 860 1047 907 ως
1057 859 1111 897 aar
1160 837 1249 894 etiam
1272 837 1303 892 bi
1324 837 1403 894 scire
1425 838 1541 910 debent,
1563 842 1698 910 quamvis
1720 857 1829 900 corona
1849 844 2022 900 divinitus
2015 859 2068 900 rn-

190 924 394 1005 «666604-16)
412 919 612 1026 περιεβάλοντο
629 918 751 996 ἀνωθεν,
774 919 891 1022 ἀλλάγε
910 919 924 982 6
945 917 1109 1022 χρόνοςαύ
1160 920 1225 977 duti
1258 922 1330 993 sint,
1373 927 1468 977 tamen
1498 924 1555 978 sibl
1591 924 1671 980 vitae
1700 930 1814 999 tempus
1846 927 2070 984 adnumeratum

193 1023 254 1082 τοῖς
281 1008 444 1112 ἀριθμητός
472 1016 524 1089 τής
552 1009 639 1085 ζωῆς,
674 1010 736 1080 καί,
773 1002 791 1067 ό
809 1028 909 1109 εγησιν
920 1004 937 1066 ό
959 1002 1109 1108 προφήτης
1160 1021 1244 1078 esse,
1274 1014 1322 1080 et,
1352 1007 1428 1077 quud
1451 1007 1493 1062 ait
1513 1023 1566 1064 rex
1587 1024 1624 1064 ac
1645 1011 1796 1084 propbeta,
1817 1015 1931 1084 palmae
1951 1013 2069 1070 modulo

191 1099 240 1156 καλ
268 1091 472 1174 βασιλιύςΠ),
502 1091 665 1164 παλαιστὰς
693 1092 791 1163 αὐτοῖς
813 1089 910 1168 τάςη
895 1089 1001 1169 ιμίρας
1022 1091 1107 1150 ἔθετο
1159 1049 1253 1150 Deu6r
1281 1091 1357 1162 ipsis
1386 1093 1523 1162 posuisse
1552 1093 1631 1162 dies,
1662 1099 1693 1149 et
1721 1111 1793 1166 opus
1816 1100 1874 1154 sibi
1902 1115 1971 1154 esse
2002 1115 2068 1154 cum

191 1177 208 1280 6
237 1178 325 1252 Θιός,
347 1181 394 1282 666
414 1181 495 1280 χρεία
516 1174 627 1248 τούτοις
649 1179 695 1274 γαλ
717 1178 809 1255 φίλων
830 1177 878 1236 καλ
900 1181 1038 1276 συγγενῶν
1059 1178 1106 1236 καλ
1157 1176 1262 1232 amicis
1292 1182 1352 1232 tum
1381 1177 1517 1250 cognatis
1547 1182 1577 1234 et
1598 1134 1732 1235 b6nestia
1754 1181 1896 1238 ministris
1918 1185 1948 1239 in
1971 1184 2069 1254 impe-

190 1260 323 1342 ύνιηκόων
345 1258 397 1324 ούκ
425 1261 546 1342 ἀγεννῶν
567 1267 606 1332 είς
627 1259 678 1341 τήν
705 1265 756 1360 τής
777 1263 923 1340 βασιλείας
943 1257 1102 1337 ἀντίληψιν,
1154 1260 1315 1330 riiolticiu,
1336 1261 1363 1316 si
1386 1262 1476 1332 probe
1497 1277 1547 1317 res
1569 1278 1640 1318 suas
1663 1263 1809 1320 moderari
1832 1269 1988 1338 voluerint,
2008 1267 2067 1324 sibi

189 1353 217 1410 εί
218 1345 395 1445 μέλλοιεν
381 1355 464 1428 υγιῶς
485 1351 670 1424 οίκονομῦσαι
698 1343 735 1406 τά
756 1341 931 1425 πράγματα·
956 1347 1050 1422 μίτρην
1072 1344 1102 1404 66
1156 1345 1381 1416 opitulantibus.
1424 1347 1480 1414 out
1502 1363 1572 1402 vero
1596 1363 1652 1402 nun
1674 1354 1757 1404 recta
1778 1366 1914 1406 mensura
1935 1353 2067 1408 metiun-

188 1427 228 1530 μή
251 1435 330 1508 καλῷ
347 1437 498 1530 μετροῦσιν
519 1427 798 1532 ἀντιμετρηθήσεται
820 1426 1015 1528 ίσοτάλαντον,
1053 1430 1103 1488 καλ
1154 1437 1211 1500 tur,
1234 1431 1272 1486 iis
1291 1431 1393 1486 eadem
1412 1435 1527 1486 statera
1545 1434 1626 1489 Deus
1643 1435 1828 1504 remetietur,
1854 1439 1883 1489 et
1903 1437 2068 1492 iniustitiae

189 1513 228 1617 66
250 1515 361 1589 ἀδικίας
383 1513 465 1596 ζυγά,
479 1514 538 1576 υύκ
559 1519 671 1586 ἐνδίκως
692 1510 757 1577 οὐδ’
788 1509 2067 1592 61'6666646666666·trutina,neccoutraipsosrurusternclrnane,bcmrnrrurm-

190 1597 332 1682 γήσαιτα,
354 1606 395 1677 τῷ
417 1601 506 1704 ἀδίκῳ
528 1595 562 1662 τό
585 1603 692 1660 δίκαιον
712 1620 925 1678 καταστήσεται
935 1597 988 1676 ¹⁸)
1009 1605 1104 1661 καθα·
1155 1603 1202 1656 sto
1232 1601 1342 1656 iustum
1377 1601 1501 1673 tribuet,
1543 1602 1782 1672 quemadmodum
1820 1606 1887 1660 soni
1915 1605 2067 1662 cuiusdam

186 1681 686 1787 περείτινοςφθόγγουρύαρμοστία
700 1679 904 1762 δξάντιηοόνων
918 1686 1106 1784 συνισταμένη
1157 1691 1320 1740 concentus
1351 1699 1369 1739 e
1398 1685 1555 1742 contrariis
1584 1687 1703 1742 chordis
1732 1689 1884 1744 condatur.
1925 1691 1968 1746 At
1990 1691 2067 1746 enim

189 1775 311 1851 χορδῶν.
326 1763 997 1872 Ἀλλάγάρτότήςπλεονεξίαςισωςδισιιαίς,Ἰ
980 1765 1042 1847 ητό
1056 1773 1108 1868 τής
1158 1769 1303 1826 avaritiae
1330 1769 1461 1825 forsan
1453 1771 1533 1844 rgnis
1556 1771 1633 1826 vel¹
1627 1773 1760 1827 insaniae
1782 1773 1910 1845 flamma,
1942 1775 2068 1830 forsitan

188 1859 294 1934 μανίας
307 1857 485 1953 περιηλεγίς,
508 1855 627 1926 ἐνίους”
609 1859 747 1926 ισωςτῶν
759 1851 832 1932 μεθ’
845 1848 1107 1931 ήμᾶςαῦτοκρατό·
1158 1853 1299 1925 quosdam
1321 1855 1544 1911 succedentium
1569 1856 1655 1912 nobis
1682 1857 1842 1912 Caesarum
1865 1859 2068 1934 incendentes,

190 1961 250 2020 ρων
264 1937 451 2014 ἐκκαύσαντα,
473 1941 521 2000 καλ
533 1961 591 2000 τῶν
605 1935 671 2018 ήμῖν
685 1941 854 2017 δεδογμένων
867 1943 996 1998 ἐνταῦθα
1008 1955 1107 2013 παραυ·
1158 1943 1192 1994 ut
1219 1939 1311 1994 ebriis
1338 1939 1451 1994 similes
1480 1941 1534 1995 tras
1557 1941 1782 1997 constitutiones
1805 1947 1922 1998 nostras
1943 1944 2069 1999 concul-

187 2025 489 2126 νήσαισυμπείσογσι·
503 2020 974 2126 666666667666666666666664‚
993 2023 1107 2080 καλθυ·
1159 2027 1244 2096 cent,
1271 2022 1446 2079 suadebunt.
1488 2026 1606 2080 Etenim
1633 2026 1794 2082 alienorum
1818 2043 1899 2082 arnor
1926 2030 2069 2084 bonorum

186 2132 244 2188 μσς
255 2103 400 2188 βακχενυιν
420 2105 586 2182 ἀλλόκοτος,
607 2113 659 2186 τής
679 2113 774 2210 ψυχῆς
794 2101 1055 2202 προκαταλαβόντα
1072 2100 1106 2164 τό
1159 2113 1191 2164 et
1217 2107 1331 2163 animus
1361 2125 1451 2180 supra
1473 2111 1590 2165 modum
1618 2111 1866 2183 bacchabundus,
1894 2112 2068 2168 rationalem

186 2189 376 2274 λογιζόμενον,
402 2190 519 2272 ὁμίχλην
537 2193 673 2254 ἐνσείονσι
693 2197 735 2268 τῷ
756 2197 808 2262 τοί,
832 2193 878 2251 καλ
891 2187 966 2269 πρὸς
987 2185 1020 2250 τό
1044 2195 1106 2268 ηῶς
1159 2193 1274 2249 animae
1287 2197 1400 2264 partem
1415 2199 1604 2266 occupantes,
1626 2195 1786 2292 6atiginem
1800 2195 1954 2252 oltundunt
1967 2198 2067 2268 menti,

186 2280 344 2357 διαβλέψαι
359 2283 410 2356 τῆς
428 2275 568 2378 ἀληθείας
583 2275 732 2338 κωλύουσι.
776 2278 892 2347 Μανίας
907 2277 936 2336 66
956 2277 1004 2334 καλ
1022 2277 1104 2335 πλεο·
1157 2283 1187 2333 et
1208 2277 1245 2332 ad
1266 2279 1401 2333 veritatis
1423 2279 1520 2334 lucem
1542 2279 1712 2350 prospicere
1735 2281 1899 2352 probibent.
1928 2283 2068 2338 Insaniae

187 2361 283 2434 νεξίος
312 2367 470 2458 μαργῶσαν
497 2367 604 2463 στήραι
628 2356 790 2462 πυρκαιάν,
816 2362 864 2420 καλ
895 2359 1105 2438 ἀποτιηρῶσαι
1156 2375 1227 2420 vero
1255 2367 1286 2418 et
1314 2362 1459 2418 avaritiae
1490 2365 1593 2420 mreus
1621 2365 1790 2421 incendium
1819 2367 1928 2422 sistere
1958 2371 1988 2422 et
2010 2382 2068 2422 ex-

187 2443 284 2527 φλόγα
304 2443 512 2552 παφλάζοιγσαν
533 2445 585 2506 ούκ
606 2443 725 2525 εύχερίς,
747 2439 823 2505 ἀλλά
845 2442 992 2544 δύσεργον.
1023 2442 1103 2522 Ἀμέ-
1154 2447 1294 2522 tinguere
1322 2449 1464 2502 ttammam
1492 2450 1659 2505 rutilantem
1691 2451 1769 2506 baud
1799 2451 1902 2521 tacite,
1939 2449 1994 2506 sed
2015 2465 2068 2506 ar-

188 2534 232 2593 λεν
267 2533 315 2591 καὶ
350 2526 402 2590 τόν
436 2526 596 2631 ἀγιιγότατον
625 2532 673 2589 καὶ
699 2529 890 2630 σι’κουμειικόν
925 2524 1105 2606 νιατριάρχην
1155 2533 1256 2589 duum.
1300 2533 1447 2600 Quocirca
1474 2549 1547 2588 sane
1569 2535 1656 2590 etiam
1680 2535 1898 2591 sanctissimum
1921 2542 1952 2592 et
1973 2551 2067 2591 oecu-

187 2613 304 2714 σόναμα
332 2621 367 2692 τῇ
394 2610 532 2693 ιἐρωτάτη
559 2616 608 2676 καλ
635 2616 705 2690 θεία
732 2619 789 2674 τῶν
818 2613 980 2718 ἀρχιερέων
991 2611 1105 2716 στνόδητ
1154 2618 1298 2672 metricum
1330 2618 1529 2672 patriarcham
1558 2635 1617 2674 uua
1644 2635 1709 2674 cum
1738 2621 1929 2676 sanctissima
1960 2636 1995 2676 ac
2017 2621 2068 2674 di-

185 2696 322 2762 νιοινωνόν
342 2701 560 2778 προσλαβομίνη
581 2704 633 2760 τοῦ
656 2698 860 2776 σκέμματος
846 2723 864 2775 η
885 2694 1038 2774 ευσιβης
1023 2703 1104 2776 ημῶν
1153 2703 1223 2757 vina
1246 2701 1432 2757 sacerdotum
1454 2703 1589 2773 synodo'
1582 2719 1612 2758 ιιι
1633 2705 1806 2760 societatem
1828 2721 1986 2762 assumuus
2007 2706 2068 2760 hu-

185 2787 337 2886 βασιλείογ,
373 2786 421 2843 καλ
444 2779 496 2886 τήν
523 2782 620 2844 αύτῶν
645 2796 725 2883 χεῖρα
751 2789 792 2888 663
819 2787 1002 2886 γραμματείηι
1029 2785 1102 2885 τῷδε
1152 2787 1200 2842 λινε
1223 2788 1424 2858 quaestionis,
1457 2788 1506 2858 pia
1528 2795 1628 2843 nostra
1650 2791 1788 2844 maiestas
1811 2795 1841 2845 et
1863 2790 1978 2846 illorum
2001 2805 2068 2845 naa-

186 2865 413 2949 προοχρήσασα,
435 2873 476 2943 τῷ
497 2867 548 2946 ptr
573 2867 638 2944 Θεῷ
660 2865 707 2968 διό
728 2865 835 2930 τούτων
856 2867 896 2939 οός
916 2873 1017 2928 κοινῶν
1044 2871 1103 2926 τῶν
1153 2887 1221 2926 num
1244 2872 1317 2926 huic
1339 2872 1536 2945 chirographo
1559 2873 1714 2946 adhibens,
1747 2891 1801 2945 per
1823 2875 1877 2930 bos
1900 2889 2069 2930 communes

184 2960 289 3054 τγυχῶν
315 2956 471 3032 ποιμένων,
506 2951 599 3013 καλ’
584 2965 650 3032 ημιν
676 2949 728 3056 τήν
759 2949 902 3032 δεσπότην
931 2963 994 3022 ταις
1028 2949 1101 3054 6666
1152 2955 1312 3012 animarum
1335 2962 1480 3028 pastores,
1503 2959 1552 3027 qui
1575 2973 1640 3026 suo,
1664 2972 1783 3030 propter
1805 2975 1870 3028 nos,
1892 2961 2015 3016 servitio
2038 2965 2069 3014 et

186 3035 270 3117 ήμῶν
290 3039 433 3139 λατρείαις
458 3035 706 3116 ίλασκομίνυιν,
686 3061 725 3110 τος
745 3034 822 3118 ἱερὸν
843 3034 930 3117 ἀγνόν
959 3031 1305 3115 καλάμό·1)οιιιλιιιιω
1336 3042 1420 3096 nobis
1448 3043 1605 3113 propitium
1632 3044 1773 3116 reddunt,
1810 3047 1872 3102 lien
1902 3045 1958 3100 boc
1985 3044 2068 3099 scri-

186 3118 323 3182 λοντον’
305 3127 488 3202 αγιοπριπῶς
515 3120 702 3226 α’γαηίρομεν.
749 3127 816 3193 Τοις
838 3123 868 3183 66
888 3124 1041 3223 ἀθετῆσαι
1063 3119 1102 3181 τὰ
1151 3131 1232 3198 ptum
1268 3131 1406 3196 tanquam
1437 3141 1541 3196 purum
1577 3133 1607 3182 et
1636 3129 1852 3184 immacutatum
1886 3129 2066 3185 sacrificium

187 3207 342 3285 διδογμίνα
368 3209 435 3283 τῇδε
455 3203 646 3311 τολμήσουσι,
676 3209 724 3268 καλ
750 3212 789 3278 εἰς
811 3211 972 3306 ἐναγτίωοιν
992 3201 1103 3266 τούτων
1151 3211 1202 3282 pia
1229 3215 1328 3266 mente
1357 3210 1517 3266 offerimus.
1568 3213 1625 3279 Qui
1654 3228 1724 3269 vero
1753 3215 1819 3272 ausi
1844 3215 1956 3270 fuerint
1991 3215 2068 3270 baec

169 3289 334 3364 ,ικαθάποξ
354 3294 458 3367 ἐλθεῖν,
478 3291 779 3398 ούγλῶσσανχρυσήν
799 3288 875 3353 κατὰ
894 3284 1100 3371 τόνἍχανῑθ)
1152 3295 1315 3352 constituta
1346 3301 1445 3351 nostra
1474 3297 1631 3371 negligere
1660 3299 1709 3352 vet
1737 3299 1797 3354 nilo
1827 3300 1911 3354 modo
1941 3299 1980 3354 iis
2009 3299 2068 3354 ob-

186 3371 420 3455 ιἐροσυλήσασιν,
434 3373 531 3437 ἀλλ’Ι
518 3379 679 3478 ιερεῖονκοιλ
699 3383 781 3438 θεῖον
801 3372 944 3464 ἀνάθημα
964 3376 1103 3519 νγιριεήιῖν
1152 3380 1229 3436 viam
1253 3381 1312 3451 ire,
1336 3395 1394 3436 non
1416 3396 1534 3437 auream
1556 3381 1700 3456 regulam,
1727 3387 1761 3440 ut
1781 3383 1898 3480 Aclran,
1920 3381 2068 3456 sutlnrati,

187 3456 307 3540 ἀνιίρως
337 3459 389 3563 οήιι
415 3455 636 3538 ἀποκνήσουσιν,
667 3457 702 3521 ού
729 3463 823 3522 λίθων
838 3451 978 3540 βολάς’
960 3462 1103 3521 ανατείνο
1152 3465 1206 3521 sed
1228 3480 1347 3520 sacrum
1370 3469 1400 3522 et
1421 3465 1552 3522 divinum
1576 3467 1761 3522 donarinm'
1754 3468 1843 3538 impie
1866 3470 1985 3524 auterre
2009 3483 2067 3524 non

156 3613 161 3622 4
183 3566 240 3646 μοχ
269 3549 299 3605 ἐκ
329 3540 426 3624 πόσης
446 3547 543 3650 φυλῆς
569 3551 637 3607 υλῶν
662 3541 795 3624 Ἰσραήλ,
835 3544 905 3606 ἀλλ’
937 3544 1103 3646 ἀναθίματτ
1153 3550 1300 3622 cunctati,
1333 3551 1372 3606 iis
1403 3565 1460 3606 nou
1488 3549 1698 3622 lapidationem
1721 3553 1900 3609 intendimus
1922 3569 1960 3609 ex
1988 3551 2067 3608 omni

187 3625 310 3702 τούτους
331 3624 539 3733 γαθυτιάγομιν
560 3631 665 3706 αἰωνίῳ
687 3635 718 3692 6
738 3624 848 3702 παντός
868 3634 991 3732 γίνυιγς,
995 3635 1024 3690 ἐκ
1044 3625 1102 3690 πό·
1152 3636 1246 3707 stirpe
1277 3635 1403 3691 tiliorum
1433 3636 1625 3706 λυσιτέλεια
1655 3637 1840 3693 anathemate
1869 3654 1920 3694 eos
1942 3638 2069 3693 devotos

186 3733 242 3793 σης
270 3711 392 3776 συνόδου
423 3723 593 3795 γριστιανῶν
618 3717 666 3776 καλ
697 3720 748 3796 τῆς
768 3719 883 3793 μερίδος
910 3713 1016 3785 αύτούς
1045 3719 1103 3774 τῶν
1152 3734 1192 3776 ex
1213 3720 1291 3776 omni
1313 3725 1405 3793 gente
1426 3677 1566 3790 toltim6s,
1590 3723 1719 3777 exomni
1736 3723 1969 3779 Christianorum
1990 3737 2067 3778 cou-

182 3805 299 3860 πιστῶν
325 3796 546 3879 ίιοιηρύττομιν,
574 3798 613 3872 ῶς
639 3797 849 3898 περιηρονητάς
873 3799 950 3862 Θεοῦ
969 3801 1017 3859 καλ
1045 3803 1103 3859 τῶν
1153 3807 1246 3860 ventu
1274 3810 1305 3861 et
1327 3806 1530 3860 communione
1551 3806 1680 3862 tldetiurn
1703 3807 1857 3878 elicimus,
1888 3811 1989 3878 utpote
2011 3803 2067 3862 Dei

183 3887 294 3957 θείων,
315 3887 362 3945 κοιλ
383 3883 483 3962 ἀνίδην
503 3891 666 3956 πονοῦντας
688 3885 725 3945 τοι
744 3889 831 3964 τίμια.
851 3915 893 3928 -—
923 3885 1036 3963 [Caput
1056 3883 1102 3959 3.]
1154 3890 1378 3960 divinorumque
1405 3895 1621 3963 contemptores
1648 3897 1679 3947 et
1706 3894 1847 3960 etlrenate
1875 3890 2066 3947 veneratione

183 3965 309 4028 ’λΕπιλδ
330 3966 363 4030 τό
387 3965 491 4046 pla
457 3993 496 4048 μη
519 3967 738 4030 ἀπολισθαίνειν
759 3976 811 4032 τοῦ
832 3973 991 4070 ιγρείττονος
1012 3965 1102 4048 μόνον
1153 3974 1246 4048 digna
1267 3975 1487 4031 conculcantes.
1509 4007 1551 4021 -
1579 3975 1705 4050 (Caput
1725 3975 1775 4050 θ.)
1799 3977 1942 4044 Quoniam
1966 3980 2065 4032 autem

191 4049 288 4126 Θεοῦ,
317 4056 422 4149 θαρρῶ
444 4053 473 4113 66
482 4055 589 4155 λέγειν,
615 4057 661 4114 καλ
683 4060 740 4115 τῶν
762 4051 922 4133 ἐγγιζόντων
948 4050 1101 4132 ταγμότων
1153 4075 1171 4114 a
1200 4075 1271 4116 vero
1301 4075 1456 4131 numquam
1486 4060 1655 4116 desciscere
1683 4062 1777 4117 solius
1807 4061 1863 4116 liei
1885 4065 1941 4132 est,
1971 4065 2002 4117 et
2025 4091 2065 4102 -

191 4131 324 4212 Θεῷ,
296 4158 346 4196 τον
376 4136 404 4198 δὲ
430 4133 548 4218 χθόνιον
568 4144 671 4199 τοῦτον
697 4144 790 4219 χῶρον
818 4145 902 4218 κῆρες
923 4141 1026 4200 πολλοὶ
1054 4161 1102 4198 κα·

185 4221 253 4290 κίας
274 4223 408 4322 συνέσχον
428 4223 476 4282 καλ
497 4225 672 4302 περιέλαβον,
706 4221 862 4284 κάντεῦθεν
884 4221 964 4284 οῦδὲν
986 4231 1101 4299 θανμα·

188 4299 264 4364 στὸν
284 4301 452 4406 ύπερορίονς
469 4310 613 4368 τίθεσθαι
643 4315 694 4388 τῆς
715 4311 866 4407 πατρίδος
874 4311 961 4378 ἐνίους
982 4304 1032 4368 τόν
1052 4309 1103 4386 βα-

186 4383 353 4462 σιλεύοντα,
369 4390 525 4490 6666020)
555 4388 642 4464 δόξαν
671 4392 752 4494 αὐτῷ
779 4397 818 4494 664·
847 4383 957 4471 ἀμνναν
978 4395 1102 4490 πλημμε·

184 4467 295 4550 λούσης
323 4469 432 4554 γνώμης
460 4480 635 4578 βπενιχκιιν,
661 4481 713 4538 τοῦ
740 4473 843 4580 χρόνον
879 4477 909 4576 66
940 4475 1104 4556 προϊόντος,

184 4553 338 4664 τἰπολήγειν
363 4558 413 4636 μὲν
436 4557 555 4660 66666’
537 4555 655 4662 ἀπεικός
676 4568 727 4642 τής
748 4560 835 4663 ὀργής
861 4557 895 4622 τό
924 4564 1104 4662 φλεγμαινον,

184 4643 236 4703 καὶ
265 4639 300 4704 τό
330 4641 390 4740 ζίιην
417 4641 506 4722 αὐτῆς
534 4641 755 4748 ἀνιγιμύχισθογν,
784 4643 879 4726 λήθης
906 4646 936 4706 66
964 4653 1021 4708 τῶν
1048 4669 1102 4706 πα-

184 4722 317 4808 σχόντων
344 4724 395 4831 τόγ
422 4728 584 4808 βασιλεῦ’
569 4727 780 4832 υπιγτριχούσης
805 4727 852 4792 διά
878 4727 930 4810 τὴν
956 4733 1102 4828 πολυμερῆ

182 4817 244 4913 τῶν
265 4809 443 4912 πραγμάτων
463 4815 510 4875 καλ
530 4809 730 4896 πολυάσχολον
749 4819 895 4896 μίριμναν,
924 4819 969 4877 dal
990 4818 1103 4920 μγικρόν

184 4893 293 4992 αύτούς
320 4906 527 5000 κακουχεῖσθαι
554 4901 716 5004 συμβαίνγι,
746 4904 794 4962 καλ
814 4903 876 4982 βίον
833 4897 983 4962 ίὲλκειν
1004 4899 1101 4981 όδυνη·

185 4975 242 5057 ρόν
262 4984 309 5042 καλ
330 4978 525 5084 πολύμοχθον.
557 4977 689 5046 Ἐπελ
655 5008 709 5046 ουν
727 4981 803 5046 ούτω
823 4982 958 5058 πολλάκις
981 4989 1101 5066 συμβαί-

183 5085 243 5126 νειν
264 5067 353 5142 φιλιι,
384 5065 486 5129 καὶτὸ
509 5075 628 5148 πρᾶγμα
655 5075 707 5170 τής
727 5068 927 5172 προσηκούσης
953 5074 1042 5132 δειται
1062 5074 1100 5133 δι-

183 5145 362 5228 ορθῶσεως,
390 5155 598 5232 ἐστοχασμένην
629 5151 736 5254 ταύτην
763 5159 815 5254 666
836 5159 949 5226 δέοντος
970 5151 1100 5233 ποιούμι·

182 5241 234 5293 θα
269 5255 320 5311 τιγν
349 5237 496 5332 διαίτησιν.
539 5233 736 5339 Λιοριζόμεθα
764 5234 835 5319 γάρ,
866 5236 915 5300 ἐπ
946 5235 1099 5318 ἀδείαςῊ)

181 5315 259 5380 εἶναι
286 5321 327 5393 τῷ
358 5314 433 5379 κατά
453 5317 571 5421 καιρούς
592 5318 741 5402 ἁγιωτάτῳ
770 5325 832 5384 καλ,
845 5327 1026 5427 066666666666
1045 5348 1098 5386 πα·

181 5398 321 5484 τριάργη,
352 5405 412 5482 τρλς
441 5399 563 5465 ίκάοτου
592 5412 738 5482 ἐνιαυτοῦ,
768 5401 854 5487 ήγουν
879 5405 957 5469 καθ’
979 5404 1100 5490 όκάστην

340 5691 386 5750 16)
402 5691 442 5742 lta
461 5693 618 5744 Ζαείιονίον
635 5695 668 5744 V.
686 5693 736 5758 ot,
754 5695 922 5758 Sptpsumus
940 5695 1038 5754 στῖφος.

180 5763 343 5882 666666’
330 5825 462 5890 ἔπυῦείοιν,
480 5831 618 5893 exemplar
634 5781 762 5896 θγήννοννιν
777 5829 908 5889 ίποθεὶας.

440 5759 485 5818 19)
503 5759 594 5810 codex
607 5759 699 5830 Ἅγαρ.
735 5761 1013 5814 cntosnevtl.21.
1115 5760 1165 5820 20)
1189 5763 1235 5811 stc
1257 5761 1530 5828 vtdeturlegeudum.
1567 5764 1659 5816 codex
1682 5761 1777 5833 ταύτην.

1153 4143 1248 4200 τοῦτο
1277 4145 1444 4200 dicere—
1477 4144 1583 4200 edictis
1611 4147 1674 4200 lieo
1703 4145 1860 4220 proximis,
1896 4151 2066 4202 terrestrem

1153 4244 1225 4284 vero
1255 4229 1333 4284 banc
1360 4230 1514 4302 regionem
1543 4230 1653 4285 multae
1682 4231 1837 4301 pravitatis
1859 4235 1955 4285 sortes
1977 4231 2064 4285 obsi-

1154 4313 1224 4368 dent
1246 4317 1276 4369 et
1298 4313 1491 4385 circumdant,
1513 4314 1639 4385 ideoque
1660 4330 1716 4369 nun
1737 4316 1842 4370 mirum
1862 4319 1918 4388 est,
1939 4315 2065 4385 siprin-

1154 4413 1225 4469 ceps
1253 4398 1393 4469 quosdam
1423 4415 1442 4452 a
1467 4399 1563 4470 patria
1591 4399 1712 4454 exulare
1740 4399 1877 4469 iusserit,
1913 4398 1980 4453 viso
2009 4398 2066 4455 truc

1154 4483 1214 4538 sibi
1236 4481 1272 4538 ad
1295 4499 1450 4554 pravorum
1473 4481 1661 4539 consiliorum
1684 4485 1895 4540 correctionem
1918 4483 2066 4553 conterre,

1154 4572 1284 4638 tempure
1313 4583 1384 4624 vcro
1413 4567 1592 4638 procedente
1620 4569 1700 4624 haud
1727 4569 1792 4624 vert
1813 4565 1958 4623 dissimile
1979 4565 2066 4624 desi-

1154 4667 1226 4707 nere
1247 4652 1310 4708 irae
1332 4653 1474 4708 flammam
1497 4657 1528 4708 et
1548 4655 1695 4710 fervorem
1718 4654 1782 4709 eius
1804 4653 1962 4726 restingui,
1984 4653 2063 4708 obti-

1154 4736 1243 4794 vione
1275 4741 1372 4792 autern
1399 4737 1582 4794 afflictorum,
1602 4739 1774 4809 imperatori
1794 4737 1922 4792 subnata
1945 4742 2065 4809 prepter

1153 4822 1345 4892 multiplicem
1379 4825 1409 4878 et
1445 4824 1705 4894 occupatissimam
1743 4820 1929 4896 negotiorum
1964 4837 2063 4878 curam

1152 4906 1273 4978 accidit,
1295 4912 1328 4963 ut
1350 4907 1543 4982 perlongum
1573 4913 1687 4978 tempus
1714 4905 1766 4962 isti
1793 4906 1898 4962 exules
1924 4907 2064 4962 inteliees

1153 4991 1214 5047 siut
1243 5007 1279 5048 ao
1308 4991 1398 5048 vitam
1426 4993 1545 5047 trahant
1575 4991 1725 5046 doloribus
1761 5006 1798 5046 ac
1835 4991 1981 5047 molestiis
2011 5007 2064 5048 rc-

1151 5077 1269 5132 lertam.
1312 5079 1377 5134 Hoc
1405 5075 1499 5149 igitur
1533 5076 1669 5146 quoniam
1696 5091 1787 5147 saepe
1815 5077 1950 5132 accidere
1977 5077 2064 5150 solet,

1151 5175 1246 5233 eaque
1274 5177 1323 5218 res
1349 5161 1458 5216 idonea
1483 5160 1665 5216 correctione
1687 5161 1820 5233 indiget,
1852 5162 1967 5217 hancce
1988 5177 2064 5216 con·

1152 5247 1318 5302 venientem
1353 5243 1426 5300 iusti
1461 5244 1679 5302 restitutionem
1708 5246 1844 5301 tacimus
1894 5245 2062 5302 Constitui·

1150 5346 1216 5388 mus
1238 5331 1330 5401 enim,
1352 5332 1386 5384 ut
1412 5327 1526 5384 licitum
1555 5329 1595 5384 sit
1616 5331 1697 5386 iltius
1728 5331 1868 5402 temporis
1899 5331 2062 5386 sanctissi-

1149 5431 1196 5473 mo
1225 5419 1255 5471 et
1282 5411 1472 5470 oecumenico
1494 5414 1694 5491 l’atriarchac,
1722 5420 1768 5472 ter
1796 5416 1969 5488 quotannis,
1997 5415 2063 5474 sive

1150 5693 1199 5752 1⁷)
1215 5692 1257 5742 Ad
1275 5704 1354 5755 quem
1370 5694 1462 5745 locum
1479 5697 1617 5760 reaptctat,
1634 5697 1736 5778 ποντία.
1859 5698 1904 5757 18)
1921 5700 1997 5748 llaec
2013 5697 2063 5748 ob-

1894 5765 1941 5826 81)
1960 5769 2063 5831 Apogr·

1675 5893 1760 5963 36*
