4824 7048
611 565 868 639 Novuuunu
890 560 1235 639 IMPERATORUM
1256 560 1643 633 uanuuiNouull.
1980 564 2055 636 281

189 791 237 850 γον
264 765 399 848 ὑποσχεῖν
425 768 467 841 τῷ
495 759 609 825 πάντων
643 760 793 842 ὀφείλουσι
824 763 960 838 δικαστῇ,
992 755 1026 831 ὂς
1050 759 1099 819 καλ
1149 758 1259 814 tionem
1286 755 1410 812 reddere
1435 749 1550 813 'debere
1578 755 1705 814 omnium
1731 751 1864 839 iudicl,l
1881 756 1931 830 qui
1953 755 2063 816 tribuet

188 851 333 916 ἀποδώσει
354 846 465 924 ἑκάστῳ
488 842 564 908 κατά
584 843 622 908 τά
643 843 712 926 ἔργα
733 844 830 908 αότοῦ.
875 843 950 906 'linei
979 842 1011 906 ol
1031 847 1099 904 είσὲ·
1150 843 1258 914 cuique
1279 840 1441 898 secundum
1470 839 1536 896 eius
1564 855 1662 910 opera.
1711 844 1805 910 Quum
1828 848 1925 900 tamen
1947 845 2063 902 hunus.

189 961 215 1000 τι
236 934 271 999 τό
300 931 545 1018 aprima-{poma
572 928 764 1010 ἀδιόρθωτον,
793 928 859 1008 ήμῖν
890 928 905 990 ό
933 925 1006 1001 Θεὸς
1033 926 1099 1004 ἀνή-
1150 943 1208 998 qne
1229 941 1278 983 res
1299 925 1453 982 immutata
1474 924 1642 994 mansisset,
1665 927 1761 998 nobis,
1784 929 1957 1002 utvidetur,
1979 931 2061 986 liena

188 1045 250 1095 κεν,
278 1019 318 1093 ἀς
347 1019 446 1092 όοαιεν,
477 1019 720 1095 ἐπαναπληροῦσαι
741 1011 775 1076 τό
796 1012 930 1094 ἔλλειμμα
939 1013 985 1089 s)-
1013 1007 1099 1074 daal
1149 1011 1296 1082 iniunxit,
1323 1015 1356 1066 ut
1382 1010 1530 1066 detectum
1556 1024 1775 1080 repararemus:
1804 1013 1944 1084 quocirca
1972 1016 2062 1072 etiam

188 1105 228 1180 ὡς
250 1105 392 1184 ἀνάθημα
414 1099 430 1181 ή
452 1104 603 1180 πρεσβεῖον
631 1097 648 1178 ή
676 1095 789 1180 καρπόν
819 1097 988 1177 ἀκροθίνιον
1012 1089 1099 1158 καλό
1149 1101 1288 1168 tanquam
1318 1095 1425 1151 donum
1454 1097 1516 1150 lieo
1530 1101 1734 1150 consecratum
1757 1101 1786 1150 et
1808 1097 1992 1156 honorarium
2014 1100 2063 1156 vei

188 1215 215 1252 rr
237 1184 274 1252 ἀν
294 1213 335 1260 τις
356 1188 430 1250 εἴποι
451 1187 526 1250 κατά
548 1181 648 1264 καιρόν
669 1181 893 1264 προσαγόμενον,
922 1181 974 1259 τὴν
995 1185 1103 1260 παροῦ·
1152 1183 1273 1254 frugum
1296 1179 1441 1252 primitias
1465 1183 1504 1250 et,
1526 1179 1659 1249 uliquis
1682 1179 1801 1246 dixerit,
1824 1191 1986 1252 opportune
2003 1185 2063 1239 ob-

189 1299 246 1338 σαν
267 1276 469 1352 θεσμοθεσίαν
490 1265 681 1349 προσάγομεν,
714 1267 771 1347 ἀφ’
794 1267 873 1346 ήμῶν
895 1290 925 1328 τε
946 1271 995 1328 νῦν
1016 1263 1103 1342 ἀρξα·
1151 1265 1253 1338 laturo,
1274 1270 1460 1336 praesentem
1489 1262 1728 1320 constitutionem
1750 1266 1909 1334 oderimus,
1938 1284 1957 1322 a
1978 1269 2063 1325 nobis

187 1365 280 1440 μένην,
301 1361 347 1418 καλ
361 1355 437 1417 καθ’
455 1354 535 1434 ήμῦν
550 1359 666 1434 πρῶτον
681 1366 795 1430 κρατεῖν
817 1352 1003 1431 ὀφείλουσαν·
1020 1341 1103 1429 δι’ής
1152 1364 1232 1406 nunc
1252 1349 1442 1420 incipientem
1464 1363 1500 1404 ac
1523 1353 1623 1402 nostro
1645 1353 1775 1419 tempore
1806 1349 1929 1420 primum
1949 1369 2063 1427 regua-

187 1439 374 1521 διοριζόμεθα
395 1437 455 1502 ἀπό
478 1463 508 1518 γε
529 1446 581 1500 τοῦ
602 1445 650 1499 νῦν
671 1441 717 1498 καὶ
739 1437 866 1509 είςτοός
887 1435 951 1512 ἑξῆς
971 1429 1103 1506 ἅπαντας
1152 1437 1263 1490 turam:
1285 1449 1339 1505 per
1360 1449 1445 1504 quam
1468 1432 1633 1502 delinimus,
1656 1437 1689 1488 ut
1709 1448 1748 1490 ex
1769 1434 1826 1490 hoc
1849 1435 1917 1491 inde
1934 1441 2064 1509 tempore

186 1532 235 1590 καὶ
264 1532 395 1605 διηνεκεῖς
424 1520 551 1605 χρόνους,
580 1519 619 1602 μή
648 1521 697 1583 ἐπ’
721 1520 818 1594 ἀδείας
827 1521 856 1598 ⁹)
887 1515 961 1591 όλονς
991 1518 1100 1592 ἐξεῖναι,
1152 1523 1182 1575 et
1208 1520 1238 1576 in
1260 1518 1358 1574 omnia
1386 1524 1417 1574 et
1437 1521 1582 1588 perpetua
1603 1515 1726 1571 saecula
1746 1521 1864 1574 omnino
1896 1537 1952 1577 non
1975 1522 2064 1578 liceat

186 1609 242 1686 τάς
270 1611 310 1672 δι’
340 1610 462 1687 αόματος
496 1606 665 1686 ὀξαγομένσς
691 1603 854 1685 ἀποφάσεις
884 1609 923 1675 εἰς
953 1601 1102 1675 αὐτοτελὲς
1152 1602 1318 1660 aententias
1337 1603 1367 1660 in
1382 1618 1485 1659 necem
1500 1603 1710 1673 pronunciatus
1724 1601 1763 1656 ad
1775 1603 1907 1660 ultimum
1927 1607 2062 1664 ellectum

186 1699 352 1778 προβαίνειν
374 1693 467 1773 ἔργον,
495 1698 522 1753 ελ
546 1691 585 1769 μὴ
605 1689 679 1769 μετά
707 1687 758 1769 τήν
777 1686 925 1772 βασιλικήν
951 1684 1103 1766 ἀπόφασιν
1151 1688 1330 1762 procedere,
1362 1687 1420 1743 nisi
1449 1691 1515 1758 post
1537 1685 1753 1758 imperatoriam
1776 1691 1953 1746 senteutiam
1975 1692 2064 1749 latam

186 1780 228 1844 λ’.
252 1777 318 1842 όλαι
344 1777 445 1857 ήμέραι
475 1779 663 1854 παρέλθωσι,
691 1776 830 1854 μένεινόλ
858 1772 908 1836 τὸν
932 1769 1103 1852 κατάκριτον
1152 1774 1387 1848 integriXXX
1415 1771 1481 1828 dics
1509 1773 1696 1840 effluxerint,
1735 1775 1764 1827 et
1791 1778 1823 1828 ut
1852 1775 2063 1832 condemnatus

188 1866 291 1946 ἀθιγῆ,
318 1868 364 1926 καλ
385 1869 436 1924 τοῦ
458 1869 559 1938 καιροῦ
580 1865 746 1939 προσμένειν
767 1857 819 1938 τήν
839 1854 994 1938 παρολκήν,
1016 1879 1102 1938 στρα-
1152 1858 1270 1915 interim
1297 1859 1429 1914 intactus
1454 1861 1571 1912 maneat
1603 1861 1634 1912 et
1660 1857 1746 1911 finem
1774 1857 1840 1914 aius
1863 1860 1978 1916 termini
2006 1877 2065 1918 ex-

188 1956 302 2028 ειωτικῇ
324 1955 438 2028 φρουρᾷ
460 1943 535 2025 πρὸς
555 1943 700 2025 ἀκρίβειαν
722 1941 942 2024 φυλαττόμενον.
986 1945 1057 2017 Καί,
1079 1947 1106 2004 εἰ
1153 1946 1284 2016 spectet,
1318 1942 1437 1998 militari
1465 1940 1602 1998 custodia
1636 1955 1744 1996 severe
1774 1944 1900 1999 cinctus.
1942 1945 2002 2017 Ac,
2036 1946 2065 2002 si

186 2035 240 2117 μλν
260 2037 311 2096 τοῦ
332 2035 578 2114 τριακονθημέρων
606 2025 685 2101 ίντός
711 2025 920 2108 διαστήματος,
952 2029 1101 2105 μεταμέλῳ
1153 2027 1270 2099 quidem
1291 2027 1371 2084 intra
1393 2025 1516 2099 triginta
1537 2026 1650 2080 dierum
1673 2025 1861 2082 intervalium
1885 2031 2065 2098 poenitentia

187 2121 312 2199 ληφθεὶς
334 2116 350 2179 ό
373 2122 501 2194 κρατοῦν,
534 2109 745 2192 φιλάνθρωπόν
772 2136 800 2174 τι
821 2116 885 2190 περὶ
914 2109 966 2173 τόν
986 2105 1102 2192 άνθρω·
1153 2117 1258 2184 captus
1290 2112 1450 2183 imperator
1487 2111 1648 2166 clementer
1668 2109 1700 2166 in
1724 2115 1806 2167 reuln
1827 2115 2014 2170 constituerit
2036 2121 2066 2172 ct
2163 2117 2172 2138 ⁵

188 2227 246 2267 πον
273 2199 456 2280 ἀποφήνηται
482 2202 529 2260 καλ
554 2193 785 2276 καταπράξεται,
822 2191 905 2277 ήρισε
937 2203 1024 2257 τοῦτο
1059 2202 1101 2273 τῷ
1153 2198 1267 2270 egerit,
1298 2197 1395 2268 piacet
1416 2195 1447 2251 id
1468 2198 1541 2264 Deo,
1564 2200 1594 2252 et
1616 2201 1738 2252 cruenta
1761 2212 1857 2267 poena
1878 2197 1907 2256 ei
1929 2199 2065 2256 remitte-

192 2289 270 2366 Θεῷ,
292 2291 340 2348 καὶ
360 2293 412 2364 τῆς
433 2283 472 2345 δι’
496 2283 618 2362 αι’ήεατος
645 2285 797 2361 καταδίκης
819 2277 1044 2342 ἀπολελόσεται·
1078 2285 1106 2342 εί
1152 2285 1215 2353 iur3
1237 2281 1289 2337 ubi
1310 2296 1382 2337 vero
1404 2281 1433 2336 in
1456 2281 1560 2336 eodem
1581 2281 1706 2336 consilio
1733 2283 1877 2351 perstabit
1900 2283 2065 2340 hominem.

188 2371 222 2434 δ’
254 2375 298 2433 ἐπὶ
328 2377 379 2451 της
408 2367 497 2447 αὐτῆς
522 2372 715 2448 προαιρέσεως
742 2366 871 2439 ἵσταται,
899 2368 945 2426 καλ
968 2361 1102 2428 θανάτου
1152 2381 1211 2438 que
1232 2366 1355 2439 dignum
1377 2365 1520 2421 iudicabit
1543 2369 1636 2421 morte
1664 2365 1712 2421 vei
1734 2366 1823 2441 plaga
1847 2369 1962 2439 corpori
1986 2370 2065 2425 terro

187 2459 274 2537 κρίνει
295 2452 347 2518 τόν
367 2446 525 2532 άνθρωπον
546 2449 634 2525 ἀξιον,
665 2447 682 2530 ή
705 2457 756 2531 τῆς
777 2444 865 2528 άλλης
886 2456 925 2522 είς
948 2455 1033 2527 σῶμα
1054 2445 1101 2510 διά
1152 2451 1332 2525 indigendo,
1353 2455 1421 2522 post
1442 2451 1565 2524 triginta
1586 2449 1651 2504 dies
1674 2453 1935 2524 commonefactus,
1956 2453 2067 2511 iustum

189 2537 308 2620 σιδήρου
335 2542 451 2617 πληγῆς,
489 2535 561 2618 μετά
590 2535 642 2616 τήν
669 2532 915 2614 τριακονθήμερον
947 2534 1101 2614 ὀπομιμνη·
1153 2535 1229 2592 vidit
1259 2535 1469 2609 recognovit,
1497 2535 1652 2604 iudiciuin,
1682 2541 1712 2591 et
1732 2534 1918 2608 imperatoris
1940 2543 2068 2594 senten·

189 2623 343 2703 τεκόμενος,
372 2621 406 2685 τὸ
433 2622 483 2720 μὲν
505 2619 611 2682 ἔνδικον
640 2618 697 2681 alut
715 2642 746 2680 τι
767 2623 814 2681 καὶ
836 2619 909 2681 older
931 2617 948 2696 ἡ
971 2622 1049 2700 δίκη·
1084 2617 1101 2697 ἡ
1157 2621 1200 2676 tia
1236 2625 1298 2676 tum
1335 2620 1504 2690 publicetur
1531 2620 1750 2691 constitutaque
1778 2621 1814 2676 ad
1844 2623 1930 2680 finem
1954 2624 2066 2694 perdu-

187 2717 284 2792 μέντοι
311 2711 443 2790 βασιλικη
477 2701 627 2783 ἀπόφασις
655 2701 689 2765 τὸ
718 2704 748 2777 ἐξ
770 2707 872 2766 ἐκείνου
899 2705 1101 2782 έκβιβαζέσθω,
1152 2709 1266 2762 cantur.
1315 2704 1435 2761 suflicit
1462 2704 1538 2759 enim
1565 2705 1688 2778 triginta
1716 2704 1829 2762 dierum
1858 2707 1999 2764 terminus
2028 2709 2067 2764 ad

187 2799 237 2859 καλ
267 2799 357 2874 πέρας
384 2796 515 2871 δεχέσθω
547 2789 585 2851 τά
616 2789 766 2868 ὡρισμένα.
807 2784 900 2867 Ἱκανή
923 2785 976 2868 γάρ
1006 2787 1103 2868 ήτοῦν
1152 2791 1260 2847 nimios
1289 2793 1414 2846 allectus
1442 2788 1589 2844 sedandos
1618 2795 1648 2844 et
1675 2788 1827 2848 arbitrium
1857 2793 1966 2848 rationi
1993 2793 2066 2848 red-

187 2877 232 2942 i'.
253 2878 365 2958 ήμεροῦν
386 2877 555 2955 προθεσμία
576 2869 608 2935 τό
632 2871 705 2935 πολὺ
727 2880 779 2936 τοῦ
800 2879 899 2950 θυμοῦ
919 2870 1101 2942 κατευνάσαι,
1154 2875 1298 2946 dandum,
1342 2889 1435 2948 quae,
1469 2875 1521 2930 ubi
1556 2889 1630 2928 sana
1658 2879 1758 2932 urente
1786 2877 1945 2947 iudicabit,
1976 2879 2067 2934 etiam

188 2968 238 3026 καλ
266 2970 306 3037 τά
336 2964 486 3042 λογισταῷ
513 2958 565 3038 τήν
593 2963 684 3038 κρίσιν
704 2961 909 3060 χαρίσασθαι,
941 2950 975 3019 oni
997 2962 1102 3036 κρίνον-
1154 2959 1319 3032 sententia,
1361 2959 1623 3030 quomodocunque
1656 2974 1690 3015 ae
1728 2959 1863 3030 habehit,
1906 2978 1979 3017 rana
2001 2965 2067 3022 erit.

188 3071 241 3120 τος
268 3045 353 3128 ὑγιοῦς
381 3047 427 3106 καλ
456 3043 473 3124 ἡ
500 3041 665 3122 ἀπόφασις,
698 3067 778 3115 οπως
805 3039 841 3104 ἀν
871 3042 931 3123 ἔχη,
963 3039 1104 3121 ιόσθενής
1154 3045 1270 3117 Quippe
1298 3059 1336 3100 ne
1365 3044 1535 3100 caruiticum
1563 3043 1680 3114 quidem
1708 3060 1812 3100 marrus
1840 3047 1872 3102 iu
1899 3047 2066 3122 puniendis,

188 3137 274 3194 ἐστιν.
296 3128 342 3193 ότι
362 3129 432 3209 μηδὲ
452 3125 505 3200 τάς
525 3134 582 3190 τῶν
604 3131 709 3208 ὀημίοον
729 3139 825 3208 χεῖρας
845 3125 1008 3200 ἀσυντελεῖς
1034 3126 1103 3189 εἶναι
1154 3145 1231 3202 quae
1251 3143 1347 3202 poena
1369 3129 1461 3202 digno
1482 3131 1568 3200 aunt,
1599 3128 1721 3185 inutiles
1743 3130 1858 3188 civitati
1888 3147 1956 3190 esse
1978 3133 2068 3190 vidc-

189 3224 227 3295 τῇ
247 3217 376 3292 πολιτεία
396 3212 511 3293 ὀρόμεν
531 3209 607 3275 κατά
633 3218 690 3274 τῶν
710 3211 798 3285 ἀξίων
818 3209 969 3285 κολάσεως.
1010 3209 1103 3274 Ἀλλά
1153 3231 1228 3271 nnus.
1271 3214 1331 3271 Sed
1354 3213 1428 3269 haec
1451 3213 1568 3284 quidem
1589 3213 1632 3268 ita
1653 3220 1752 3272 sunto.
1795 3219 1897 3288 Atque
1925 3232 2066 3289 praesens

187 3307 284 3364 ταῦτα
312 3299 362 3380 μὲν
390 3297 472 3360 ἔσται
497 3292 598 3369 οότως.
639 3301 686 3357 καὶ
721 3294 738 3376 ή
768 3303 904 3377 παροῦσα
938 3303 989 3376 τῆς
1022 3295 1103 3377 ήμῦν
1153 3299 1370 3369 haecpietatis
1393 3303 1511 3354 nostrae
1533 3299 1722 3370 constitutio,
1744 3301 1878 3374 anobis,
1901 3301 2068 3360 utdiclum

187 3384 335 3467 εὐσεβείας
357 3379 485 3463 διαταχή,
507 3381 564 3461 ἀφ’
587 3380 668 3462 ήμῦν
689 3379 841 3460 ἀρξαμένη,
869 3380 909 3452 ἀς
929 3382 1045 3462 εἴρηται,
1067 3377 1101 3442 τό
1154 3389 1210 3456 est,
1232 3385 1290 3440 vim
1312 3383 1468 3440 etiicaciaa
1490 3382 1599 3440 habere
1620 3383 1776 3456 incipiens,
1799 3387 1888 3442 etiam
1909 3388 1938 3443 in
1960 3391 2067 3458 poste-

187 3467 297 3550 κράτος
317 3471 447 3548 λαβοῦσα
468 3473 520 3547 τῆς
542 3471 667 3546 ἐνεργοῦ,
695 3463 745 3545 τήν
772 3464 836 3546 ἴσην
857 3469 903 3528 καί
924 3473 963 3538 είς
984 3464 1018 3529 τό
1041 3465 1103 3545 ἑξῆς
1153 3484 1235 3541 rum,
1270 3473 1304 3524 ut
1332 3467 1521 3540 confidimus,
1554 3467 1631 3524 idem
1659 3470 1851 3542 privilegium
1878 3473 2068 3529 nanciscetur

187 3558 365 3636 προνομίαν,
393 3551 433 3625 ἀς
460 3548 642 3630 πιστεόσμεν,
680 3547 792 3630 εὑρήσει
819 3546 901 3628 παρά
929 3557 1018 3612 πᾶσιν
1043 3564 1104 3623 τοῖς
1153 3553 1233 3626 apud
1255 3569 1357 3609 omnes
1379 3553 1493 3624 imperii
1514 3567 1706 3609 successores
1729 3561 1857 3626 nostros,
1880 3558 2066 3627 quibuscun-

185 3639 261 3722 μεθ’
278 3638 353 3719 ἡμᾶς
366 3633 601 3718 αὐτοκράτορσιν,
623 3631 705 3707 ὀσοις
726 3630 856 3714 δηλονότι
874 3635 949 3696 Θεοῦ
962 3659 992 3697 τε
1012 3633 1104 3715 φόβος
1153 3653 1212 3710 que
1233 3639 1350 3694 scilicet
1371 3639 1427 3694 [iel
1448 3641 1544 3694 metus
1571 3638 1600 3693 iu
1624 3644 1744 3710 pectore
1772 3637 1884 3696 habitat
1911 3646 1940 3698 et
1961 3643 2066 3698 incor-

186 3729 348 3806 έγκατοικεῖ
371 3728 405 3801 τῇ
433 3727 527 3802 ψυχῇ,
555 3723 602 3782 καί
629 3718 664 3781 τό
685 3719 843 3780 ἀδέκαστον
871 3724 957 3780 ἐκεῖνο
978 3717 1103 3782 πεστεόε·
1154 3727 1282 3794 ruptum»
1312 3721 1385 3778 iilud
1424 3723 1567 3779 iudicium
1603 3723 1734 3780 creditur
1768 3740 1804 3780 ac
1838 3731 1985 3798 speratur.
2033 3725 2067 3783 si

187 3813 244 3872 ταί
267 3833 298 3871 τε
327 3811 374 3868 καὶ
403 3809 542 3881 έλπίζεται
571 3805 758 3884 δικαστήριον.
812 3808 851 3865 Εἰ
882 3807 914 3864 dl
933 3827 1004 3877 τινες
1033 3807 1102 3878 ι’σως
1155 3809 1206 3880 qui
1233 3822 1305 3864 vero
1335 3809 1412 3863 torte
1440 3822 1649 3864 successorum
1678 3815 1861 3880 nostrorum,
1892 3826 1949 3867 non
1972 3812 2066 3884 regio,

187 3901 248 3956 τῶν
269 3892 342 3974 μεθ’
366 3891 450 3973 ήμάς,
467 3888 507 3970 μή
528 3885 677 3970 βασιλικήν
699 3888 823 3969 ἔχοντες,
846 3885 920 3950 ἀλλά
940 3887 1103 3970 μαγειρικήν
1153 3893 1207 3949 sed
1229 3891 1355 3964 coquino
1380 3893 1477 3949 animo
1504 3893 1646 3964 piraediti,
1674 3892 1795 3951 hnmani
1816 3895 1973 3967 sanguinis
1995 3909 2069 3966 pro-

188 3975 244 4058 τὴν
272 3974 381 4058 φυγήν,
415 3972 543 4056 αι’μάτων
580 3968 747 4050 ἀνθρώπων
776 3971 927 4053 έφήδονται
957 3987 1103 4056 προχοαῖς,
1154 3977 1273 4034 lusione
1295 3977 1490 4050 delectentur,
1513 3993 1549 4034 ac
1570 3978 1686 4034 libidini
1708 3981 1836 4052 primas,
1864 3982 1925 4036 lieo
1953 3995 2067 4038 secun-

189 4067 241 4122 καί
268 4068 356 4141 θυμῷ
386 4057 424 4122 τά
452 4061 604 4138 πρεσβεῖα,
651 4058 716 4133 Θεῷ
745 4058 773 4118 di·
801 4056 839 4118 τά
866 4063 1010 4138 δευτερεῖα
1035 4063 1104 4140 βρα·
1155 4063 1210 4119 das
1230 4063 1411 4136 deferentes,
1433 4077 1545 4144 eorum>
1566 4077 1642 4133 quac
1665 4064 1721 4120 hac
1743 4064 1812 4140 iege
1833 4065 1982 4135 optimea
2008 4081 2068 4121 no-

188 4142 338 4225 βεόοντες,
365 4151 422 4206 τάν
444 4144 509 4225 ἡμῖν
537 4143 761 4223 ascoperam)
794 4146 861 4218 τῇδε
890 4147 982 4215 καλῶς
1011 4167 1104 4222 παρα·
1155 4149 1204 4206 bis
1233 4147 1396 4204 constituta
1424 4151 1512 4217 suut,
1548 4151 1763 4218 contemptores
1800 4147 2067 4222 deprehendantur,

188 4228 280 4311 βάταε
301 4243 421 4308 φανεῖεν,
442 4233 488 4290 καλ
511 4228 673 4306 ἀδιαίτηνον
694 4224 769 4288 κατά
790 4234 841 4288 τοῦ
863 4235 1033 4312 κατακριτοῦ
1056 4227 1107 4308 τήν
1157 4248 1193 4289 ao
1214 4247 1338 4304 poenam
1360 4237 1462 4288 contra
1484 4231 1651 4288 damnatum
1672 4232 1852 4290 immutatam
1881 4236 1987 4304 exequi
2009 4249 2068 4290 ou-

188 4317 330 4394 τιμωρίαν
351 4320 586 4395 προθυμηθεῖσα
614 4319 778 4392 ἐπαγαγεῖν,
821 4307 861 4390 μή
893 4319 934 4389 τηῦ
971 4316 1106 4392 διαμέσου
1155 4319 1246 4389 piant,
1278 4318 1309 4373 in
1331 4317 1486 4373 interiecto
1507 4318 1599 4374 XXX
1621 4317 1734 4374 dierum
1755 4318 1912 4374 intervallo
1936 4321 2067 4376 loturum

188 4396 311 4461 τεῦτλ’.
333 4397 446 4480 ήμεριῦν
467 4395 642 4478 διαστήματι
668 4394 703 4458 τό
726 4393 911 4476 γενησόμενον
937 4394 1106 4478 ἀναλογισά·
1155 4417 1214 4460 non
1235 4407 1407 4474 reputantes
1429 4407 1460 4458 ct
1481 4402 1707 4474 perpendentes,
1731 4418 1785 4460 nec
1807 4403 1876 4474 quid
1898 4403 2066 4460 laciendum

187 4489 276 4564 μενοί
298 4507 329 4546 τε
357 4487 404 4544 καὶ
431 4487 591 4563 κρίναντες,
617 4484 665 4542 καὶ
692 4477 769 4543 οὕτω
796 4477 830 4542 τό
852 4487 982 4562 ποιητέον
1003 4487 1105 4544 συνθέ-
1155 4487 1197 4542 sit
1227 4487 1468 4544 considerantem
1510 4486 1533 4542 ii
1561 4501 1599 4542 ne
1625 4488 1759 4543 insontes
1785 4489 1846 4544 sint
1873 4501 1971 4543 coram
1994 4490 2068 4560 Deo,

188 4591 284 4650 μενοι,
306 4565 345 4648 μή
368 4567 490 4630 ἀναίτιοι
510 4571 632 4647 γένοιντο
653 4569 695 4642 τηῦ
721 4565 801 4640 Θεῷ,
827 4566 896 4644 μηδὲ
924 4573 986 4644 φῶς
1007 4567 1107 4640 αὐτοῖς
1155 4587 1252 4642 neque
1274 4573 1325 4627 iux
1346 4571 1396 4628 die
1416 4571 1522 4628 iudicii
1543 4573 1674 4642 supremi
1697 4573 1838 4629 salutaris
1860 4573 1899 4628 iis
1912 4573 2066 4646 effulgeat,

187 4658 222 4716 dr
243 4651 335 4734 ἡμέρη
366 4655 444 4732 δίκης
470 4647 628 4730 ἐπιλάμψαι
650 4646 805 4730 σωτήριον,
833 4649 981 4732 ἀντιλάβοι
1002 4651 1030 4712 tt
1054 4650 1105 4713 ad·
1155 4656 1208 4712 sed
1231 4656 1394 4727 corripiant
1415 4670 1468 4712 eos
1489 4655 1551 4712 iilic
1572 4657 1713 4714 tenebrae
1740 4658 1936 4728 sempiternae
1963 4665 1993 4714 et
2014 4658 2067 4714 in·

186 4733 259 4810 σοός
279 4745 390 4800 ἐκεῖθεν
417 4733 522 4809 σκότος
550 4733 676 4810 αίοόνιον,
703 4739 750 4796 καί
771 4728 889 4816 άγγελος
918 4739 1030 4814 Κυρίου
1055 4761 1104 4798 κα·
1155 4747 1288 4797 sectetur
1316 4742 1442 4815 angelus
1470 4741 1600 4814 Domini,
1637 4741 1813 4814 propulsans
1840 4741 1870 4798 in
1902 4743 2067 4814 rarorum,

186 4819 326 4896 ταδεάξαι
347 4818 469 4894 αότοός,
506 4825 648 4884 συνωθῶν
674 4825 713 4891 είς
739 4816 790 4881 τόν
817 4816 977 4901 τάρταρον,
1009 4818 1104 4883 taud-
1153 4827 1254 4896 ibique
1276 4827 1439 4898 prehendat
1461 4841 1513 4882 eos
1536 4841 1594 4882 nox
1616 4841 1652 4880 ac
1674 4827 1839 4899 pernicies,
1873 4841 1969 4898 neque
1991 4843 2067 4884 coo-

187 4910 271 4986 βοιτο
298 4908 327 4968 ol
356 4905 452 4968 αόνεῦν
479 4904 634 4966 κάνταῦθα
662 4900 766 4978 σκότος
792 4907 839 4965 καλ
868 4905 1034 4986 ὀλίσθημα,
1056 4909 1105 4967 καλ
1153 4911 1282 4982 spiciant
1317 4912 1487 4968 Luciferum
1522 4910 1720 4982 exorientem,
1754 4926 1850 4982 neque
1882 4911 2070 4982 providentia

187 4989 231 5071 μή
253 4990 335 5052 ίόοιεν
356 4986 503 5071 ἑωσφόρον
524 4989 731 5061 ἀνατέλλοντα,
764 4987 834 5069 μηδ’
857 4987 998 5070 ίπισκοπή
1029 4990 1105 5053 Θεοῦ
1154 4997 1210 5053 liei
1232 4996 1271 5052 iis
1291 4997 1458 5067 provideat,
1479 4994 1566 5068 quod,
1587 5009 1675 5065 quum
1697 5009 1773 5068 grex
1799 4996 1913 5052 ratione
1942 4997 2067 5068 praedi-

188 5071 299 5147 αότοὺς
330 5079 511 5152 ἐπισκέψαιτο
519 5116 528 5148 ,
565 5069 612 5136 ότι
641 5071 752 5153 λογικὸν
779 5080 1015 5152 έμπιστευθέντες
1042 5081 1103 5138 ποί·
1154 5085 1203 5136 tus
1225 5081 1263 5138 iis
1286 5082 1418 5137 creditus
1440 5079 1489 5150 sit,
1512 5093 1547 5134 eo
1569 5093 1627 5134 non
1650 5077 1816 5136 humaniter
1837 5082 1884 5137 usi
1912 5087 1990 5155 sunt,
2013 5081 2068 5139 sed

187 5182 272 5241 μνιον
294 5165 323 5220 ἐκ
347 5153 423 5219 Θεοῦ
445 5156 636 5236 ἀνθρωπίνως
657 5157 736 5232 αόνιῦ
759 5157 812 5224 οὐκ
833 5155 1006 5238 ἐχρήσαντο,
1033 5157 1101 5221 ἀλλ’
1154 5169 1292 5236 tanquam
1315 5165 1463 5222 victimam
1487 5177 1552 5218 eum
1575 5163 1740 5221 dilacerare
1761 5166 1977 5226 sustinuerunt.
2006 5169 2067 5224 lot-

188 5251 292 5323 ὀεριῖον
313 5239 450 5320 καθάπερ
471 5243 712 5318 καταδαιτρεῦσαι
740 5247 827 5302 τοῦτο
848 5241 1007 5322 η’νέσχοντσ.
1049 5241 1103 5306 κάν
1154 5251 1250 5321 enirn,
1281 5250 1399 5306 etiamsi
1433 5263 1543 5303 causae
1576 5247 1748 5306 diiudicatio
1777 5250 1857 5306 iusta
1888 5253 1994 5321 luerit,
2029 5267 2066 5308 ac

186 5326 247 5412 γάρ
269 5325 287 5406 ή
309 5333 360 5388 τοῦ
381 5323 551 5406 πράγματος
571 5328 662 5402 κρίσις
683 5323 766 5400 ἀξία,
788 5328 835 5385 καλ
857 5324 872 5386 ό
895 5324 1013 5406 πάσχων
1034 5327 1103 5398 ἴσως
1154 5333 1309 5390 damnatus
1337 5336 1416 5388 iacto
1444 5333 1515 5387 iram
1545 5334 1702 5406 meruerit,
1735 5335 1854 5392 minime
1884 5339 1981 5392 tamen
2009 5336 2066 5394 boo

185 5408 369 5490 κατάλληλος
397 5416 431 5488 τῇ
459 5409 544 5489 ὀργή,
577 5405 653 5471 ἀλλά
687 5433 717 5490 γε
745 5419 830 5471 τοῦτο
852 5417 909 5472 τῶν
941 5417 993 5472 τοῦ
1027 5411 1103 5475 Θεοῦ
1152 5417 1222 5476 ilios
1250 5418 1306 5476 Dei
1333 5417 1469 5474 manibus
1498 5417 1623 5494 eripiet,
1652 5419 1731 5490 quod
1759 5435 1854 5492 neque
1885 5421 1988 5494 pulcre
2017 5422 2066 5479 usi

184 5503 292 5582 χειρῶν
313 5493 432 5568 τούτους
452 5493 504 5556 οὐκ
525 5490 721 5575 ἐξαιρήσεται,
751 5487 798 5558 ὅτι
817 5495 887 5577 μηδὲ
907 5497 1003 5571 καλῶς
1023 5494 1101 5581 έχρή-
1516 5507 1522 5522 “

359 5765 389 5824 s)
408 5763 473 5814 θοὰ·
492 5765 607 5826 ἔλασσα·
747 5767 778 5826 9)
795 5767 861 5818 cod.
880 5783 933 5820 uno
951 5771 1034 5822 aaron
1052 5767 1182 5827 ίπαδιίαν·
1322 5771 1369 5833 10)
1386 5771 1427 5826 lta
1444 5775 1610 5828 motuinus
1628 5787 1662 5825 ex
1678 5775 1833 5841 apographo
1852 5777 1906 5829 viri
1923 5775 2068 5826 clarissimi

183 5836 362 5897 Ζασῖεανῖαες
386 5834 523 5897 exemplar
539 5835 666 5899 syntoma·
682 5834 762 5886 babet
779 5835 806 5887 ot
823 5833 967 5901 δογμάτων.

273 5939 313 5995 11.
1666 5905 1718 5975 36
