4824 7048
601 537 856 610 NOVELLAE
877 537 1219 610 IMPERATORUM
1241 537 1627 612 BYZANTINORUM.
1975 533 2056 606 aiu

186 759 220 798 τυ
241 732 272 798 ἓν
292 727 406 816 εύλογον
427 729 461 798 όν
479 728 566 810 μόνον
586 730 713 812 cunm)
735 729 832 813 ripaeis
842 730 897 810 ¹⁴),
927 727 985 792 οἷον
1005 725 1094 812 μόνην
1144 730 1195 798 sit,
1217 729 1292 810 satis
1315 747 1382 790 esse
1402 732 1522 790 videtur
1543 732 1678 808 (scilicet
1694 733 1758 790 sola
1776 728 1944 806 consensio,
1966 745 2055 804 quum

185 817 238 902 τὴν
265 817 433 900 σύμπνοιαν,
470 814 520 882 dn
547 811 651 880 ἀπασα
682 821 861 896 μεθίσταται
886 813 903 896 ἡ
931 810 1093 896 πανήγυρις,
1144 817 1325 874 universitas
1346 818 1573 874 mendicatarum
1595 819 1694 874 sedem
1713 821 1816 888 mutat,
1838 821 1890 874 ant
1910 815 1975 874 sola
1996 831 2055 872 ve-

185 902 203 967 ύ
224 903 313 986 μόνην
333 901 385 985 τὴν
405 899 595 986 ἀρχαιότητα,
616 905 794 984 διισταμένης
814 897 944 980 δηλονότι
964 902 1012 962 καλ
1034 904 1092 964 δια·
1144 905 1251 972 tustas,
1283 902 1504 958 discedentibus
1526 901 1660 960 nimirum
1683 906 1713 957 et
1734 903 1765 958 iu
1787 903 1861 958 duas
1882 905 1983 974 partes
2004 899 2057 956 di-

184 994 350 1070 τεμνομένης
378 994 416 1062 είς
444 984 493 1050 δύο
515 992 567 1066 τῆς
586 983 784 1069 πανηγύρεως,
816 984 883 1047 ἀλλ’
907 986 952 1048 έπλ
977 987 1029 1046 τοῦ
1049 1007 1092 1047 τε·
1144 987 1265 1042 stractis
1281 985 1538 1059 candicantibus),
1559 987 1589 1042 in
1611 991 1714 1058 quarto
1737 988 1793 1044 boc
1814 987 1921 1059 capite,
1942 990 1976 1042 ut
1996 1000 2055 1042 va-

183 1073 292 1155 τάρτυυ
314 1077 397 1135 τοῦδε
416 1074 571 1152 κεφαλαίου
593 1069 643 1151 τὴν
671 1077 729 1134 τῶν
750 1067 801 1132 δύο
823 1065 945 1151 εύλόγουν
968 1071 1091 1131 σννέλεν-
1143 1071 1205 1127 leat
1225 1071 1418 1129 nundinarum
1440 1073 1476 1129 ab
1498 1071 1707 1142 impotentibus
1736 1071 1772 1126 ad
1794 1075 1931 1144 potentes
1953 1075 2056 1126 traus-

184 1159 284 1240 om15)
306 1156 375 1219 εἶναι
396 1152 542 1236 κελεύομεν
563 1159 608 1216 έπλ
629 1162 670 1234 τῷ
692 1168 807 1237 κρατεῖν
827 1152 879 1234 τὴν
907 1150 966 1216 ἀπό
989 1149 1092 1214 ἀδυεά·
1144 1155 1232 1228 latio,
1274 1161 1427 1227 utrumque
1470 1157 1629 1212 convenire
1669 1156 1804 1212 iubemus
1839 1158 2054 1230 argumentum,

184 1267 241 1306 των
267 1249 306 1314 είς
331 1239 466 1313 δυνατούς
492 1235 651 1320 μετάθεσιν
678 1247 736 1304 τῶν
761 1238 956 1320 πανηγύρεων,
991 1233 1042 1315 την
1062 1259 1094 1300 τε
1145 1243 1204 1296 tam
1235 1247 1421 1298 memoratam
1454 1240 1581 1298 omnium
1617 1239 1857 1320 consensionem,
1892 1255 1979 1311 quam
2007 1239 2055 1296 ius

181 1333 322 1410 ῥηθεῖσαν
343 1331 394 1388 τοῦ
415 1320 525 1396 παντός
551 1320 710 1404 σύμπνοιαν
735 1325 782 1386 καί
810 1321 844 1386 τό
872 1329 923 1402 τῆς
944 1319 1094 1404 ἀρχαιότη·
1144 1327 1319 1380 vetustatis:
1354 1315 1461 1397 quippe
1491 1324 1541 1396 qui
1568 1325 1746 1397 pauperibus
1768 1323 1930 1380 omnimodo
1952 1323 2056 1396 opitu-

181 1435 231 1484 τος
254 1414 368 1483 δίκαιον,
390 1423 449 1482 τοῖς
469 1411 569 1488 πένησι
590 1405 683 1490 πάντη
709 1421 791 1490 χεῖρα
812 1405 924 1488 βοηθόν
951 1405 1094 1502 ὀρέγοντες
1144 1408 1223 1464 lares
1245 1425 1349 1466 manus
1375 1411 1577 1484 porrigamus,
1606 1415 1636 1466 ei
1656 1409 1805 1480 potentiae
1827 1407 1951 1465 divitum
1973 1423 2055 1465 axu-

180 1500 228 1557 καλ
250 1494 284 1557 τύ
306 1492 404 1574 περιόν
432 1501 483 1574 τῆς
504 1489 648 1572 δυνάμεως
674 1498 732 1555 τῶν
757 1497 883 1556 dosassis
909 1489 1093 1552 ἀεαστελλυε-
1144 1494 1308 1550 berantiom
1330 1497 1546 1554 contrahamus.
1599 1494 1683 1562 Quod
1705 1495 1841 1550 etbeato
1863 1507 1920 1549 avo
1941 1499 2053 1567 nostro,

180 1602 236 1652 τες.
273 1575 310 1642 Ὃ
339 1582 386 1640 καλ
412 1581 554 1658 μακαρίτῃ
575 1574 687 1656 πάππῳ
697 1578 742 1659 ¹⁶)
771 1576 851 1659 ἡμῶν
879 1578 995 1656 βασιλεῖ
1015 1579 1093 1656 κυροῖ
1143 1579 1317 1650 Imperatori
1338 1579 1455 1637 domino
1477 1581 1608 1636 Romano
1631 1579 1758 1649 seniori,
1786 1577 1894 1647 optime
1916 1581 1962 1633 est
1983 1592 2056 1650 per-

177 1663 315 1744 Ῥωμανῷ
336 1668 377 1740 τῷ
400 1657 894 1745 γέροντι17)μεμερίμνηταεπάλαι
920 1655 1026 1740 ἀριστα
1048 1662 1093 1720 ἐπὶ
1142 1679 1268 1734 pensum
1301 1663 1381 1720 circa
1413 1664 1623 1721 translationes
1655 1663 1846 1721 immobilium
1882 1661 1990 1718 iurium
2017 1662 2055 1718 ab

180 1762 247 1821 ταῖς
274 1753 331 1810 τοῖν
358 1745 495 1830 ἀκινήτων
524 1749 638 1808 δικαίων
668 1752 725 1808 τεόν
746 1743 893 1808 ἀδυνάτων
914 1741 989 1826 πρός
1011 1748 1092 1804 δυνα-
1143 1747 1354 1818 impotentibus
1383 1749 1414 1805 ln
1443 1752 1580 1822 potentes
1601 1747 1761 1804 faciendis.
1805 1747 1908 1804 Gloria
1928 1745 1975 1822 ei,
2003 1747 2053 1818 qui

179 1831 250 1906 τούς
267 1829 450 1914 έκποιὴσεσεν.
486 1827 585 1911 [Δόξα
599 1834 641 1912 τῷ
655 1827 734 1894 δόντι
754 1825 844 1914 ἀρχόν
865 1831 911 1891 καὶ
932 1827 1091 1906 malcomi]
1143 1831 1260 1889 initium
1282 1833 1363 1889 dedit
1384 1838 1414 1891 et
1435 1836 1530 1890 linem.

599 2471 674 2546 vi.
1561 2467 1637 2543 vi.

409 2653 875 2722 ΝΙΚΗΦΟΡΟΥ
1376 2649 1829 2718 ΝΙΟΕΡΙΙΟΗΙ

179 2787 436 2876 Χρυσὸβουλλυυ
456 2792 516 2855 τοῦ
540 2792 698 2875 βασιλέως
719 2792 822 2873 νεαροῦ
842 2787 1088 2876 Νικηφόρον
1138 2787 1257 2854 Acmen
1272 2785 1361 2852 bullo
1375 2785 1594 2873 imperatoris
1607 2789 1732 2854 domini
1745 2783 2055 2874 lVicepborch-

220 2878 280 2940 τοῦ
301 2872 604 2949 Βυταυεεάεου.
626 2873 664 2940 τό
686 2882 721 2941 δυ
737 2878 777 2957 τῇ
798 2877 857 2940 τοῦ
880 2876 963 2941 Θεοῦ
984 2872 1088 2956 μεγά-
1181 2875 1393 2959 torticiae,
1420 2874 1464 2938 de
1485 2876 1570 2938 ostia
1601 2877 1636 2940 εἐε
1657 2892 1782 2956 εεεαηηα
1808 2875 1863 2938 dei
1894 2871 2055 2938 eeclesia.-

219 2963 260 3038 λη
286 2961 442 3038 ἐκκλησία
478 2958 660 3037 ἀποτεθέυ,
694 2964 769 3042 περί
792 2984 827 3024 τε
851 2963 912 3024 τοῦ
939 2957 982 3039 μὴ
1004 2963 1087 3023 sco·
1180 2957 1201 3022 1
1246 2977 1291 3024 uc
1311 2959 1403 3022 intro
1418 2956 1455 3020 Χ
1491 2957 1525 3021 Χ
1550 2959 1621 3023 dica
1640 2957 1703 3042 lici
1720 2975 1832 3041 poeria
1854 2956 2055 3042 corporolia,

219 3045 285 3108 {leo
311 3045 375 3108 τῶν
401 3043 438 3108 λ’.
467 3042 590 3129 ἡμερῶν
616 3045 771 3126 γίνεσθαι
797 3041 984 3126 σονματενεὴν
1013 3065 1087 3108 ποε-
1202 3041 1246 3130 i)
1275 3061 1337 3126 nc,
1375 3045 1433 3128 qui
1460 3045 1496 3107 iit
1522 3045 1761 3128 imperatorum
1789 3059 1969 3128 eorumque
1997 3057 2056 3104 co-

220 3126 293 3206 υύυ·
335 3129 392 3192 xci
411 3131 560 3211 περὶτοῦ
581 3127 657 3204 τοὺς
677 3126 912 3214 ὑπηρετοῦντας
933 3137 1002 3203 τοῖς
1021 3129 1088 3211 βα·
1115 3191 1116 3196 ,
1179 3128 1359 3212 poculorum
1378 3129 1563 3192 miroistcric
1585 3130 1695 3214 erarii,
1721 3130 1898 3213 postquam
1925 3127 1975 3192 itti
1993 3143 2057 3188 νε-

220 3214 342 3278 σελεύσε
372 3215 427 3278 καὶ
456 3222 527 3289 τοῖς
558 3219 745 3295 συγγενέσιν
777 3211 903 3299 αὐτῶν,
934 3209 1015 3294 μετά
1048 3209 1087 3275 τὸ
1180 3229 1289 3297 qnare
1310 3211 1527 3297 desulerant,
1556 3211 1651 3276 bonit
1671 3215 1743 3276 attia
1762 3215 1952 3297 prirentur,
1974 3225 2056 3276 saeve

219 3294 340 3372 αύτούς
368 3299 424 3374 τῆς
447 3297 616 3396 βασιλεύεις
649 3299 817 3377 ἐκστῆναι,
851 3296 895 3378 μὴ
927 3301 1089 3362 ἐκπίπτειν
1182 3315 1225 3362 ea
1251 3292 1481 3382 publicentur,
1552 3299 1709 3362 aeaerti’m
1730 3299 1804 3362 sirie
1830 3297 1920 3361 iusta
1946 3297 1980 3360 et
2005 3294 2054 3358 le·

219 3383 285 3446 τῶν
319 3382 539 3466 δεαφεροντωυ
575 3379 704 3461 αὐτοῖς,
737 3383 795 3445 καὶ
834 3380 1089 3463 δημοσιεύεσθαε
1180 3383 1297 3466 pilium
1319 3397 1442 3470 causa,
1475 3379 1498 3446 Ι
1516 3380 1559 3469 l)
1587 3384 1626 3447 tit
1645 3383 1766 3468 quarto
1787 3398 1917 3467 quicque
1941 3395 2057 3445 nieme

219 3467 343 3544 ταῦτα,
369 3469 427 3530 sat
447 3467 546 3529 τοῦτο
558 3467 588 3542 ¹)
608 3462 686 3530 ἀνευ
706 3469 816 3541 τελείας
836 3464 972 3548 εὐλόγου
993 3463 1013 3544 ἢ
1035 3473 1089 3532 ἐν·
1183 3463 1392 3530 patriarcba
1423 3469 1482 3552 poti
1509 3469 1589 3534 tnnc
1616 3469 1667 3534 esi
1693 3465 1909 3532 emulantium
1928 3479 2055 3530 urano·

218 3547 322 3631 νόμον
351 3546 454 3626 τινός·
495 3551 553 3614 καὶ
582 3551 733 3637 περὶτοῦ
761 3547 848 3616 καθ’
872 3551 1012 3616 ἕκαστον
1032 3573 1089 3615 re·-
1184 3552 1273 3616 rium
1291 3547 1410 3633 faciat.

219 3633 384 3717 τράμηνον
426 3629 486 3699 τὸν
521 3629 609 3698 εεατά
646 3631 705 3711 τὴν
739 3629 860 3719 ἡμέραν
889 3633 1092 3724 πατριάρχην

218 3721 285 3784 τῶν
305 3716 478 3805 ἐξορίοτονν
499 3713 759 3800 ὑπομιμνήσκειν.
1248 3751 1275 3812 0

263 3890 506 3969 (Prooemium.)
556 3884 678 3953 Ὦπλεσε
711 3892 759 3952 καί
784 3892 918 3970 μελίττας
952 3889 971 3972 ἡ
1007 3886 1092 3971 φύσις
1227 3890 1469 3971 (momen.)
1511 3893 1657 3953 Instruxit
1684 3897 1792 3954 natura
1812 3897 1862 3953 vel
1883 3909 1956 3969 apes
1977 3911 2055 3954 acn-

172 3980 282 4057 κέντρῳ
290 3979 336 4054 ²),
378 3977 425 4037 καλ
456 3967 534 4037 κατά
566 3981 624 4036 τάν
652 3969 789 4037 ἐπεόντων
823 3972 932 4049 ταύτας
966 3972 1092 4056 έστόμω·
1141 3979 1190 4036 leo
1212 3984 1243 4036 et
1263 3983 1367 4036 contra
1387 3979 1563 4037 invadentes
1585 3995 1637 4036 eas
1657 3982 1793 4056 armavit,
1822 3997 1881 4038 non
1902 3979 2055 4038 extrinse-

174 4080 237 4136 σευ,
257 4059 310 4120 oda
331 4057 439 4132 ε’ξοεδέν
466 4066 561 4121 ποθεν
586 4054 776 4140 έεισγύσασα,
805 4054 823 4123 ό
851 4061 882 4122 di
909 4063 1017 4143 λέγεται
1038 4059 1090 4141 ἀφ’
1142 4079 1197 4122 eus
1218 4065 1308 4121 robur
1328 4065 1510 4138 attribuens,
1533 4064 1587 4122 sed
1609 4081 1648 4122 ex
1668 4063 1733 4138 ipso
1755 4069 1841 4140 ioco,
1863 4066 1941 4138 quod
1961 4066 2055 4141 aiunt,

173 4145 274 4215 ἑστίας
294 4147 467 4224 γαρισσμένη
495 4139 548 4224 την
567 4136 695 4224 ἀμυναν·
723 4140 793 4206 ἀλλ’
816 4143 877 4226 oripi
905 4152 957 4224 τῆς
972 4167 1091 4208 παντευ-
1142 4148 1325 4206 detensionis
1357 4148 1585 4208 instrumentum
1621 4149 1829 4222 suppeditans:
1873 4155 1904 4208 at
1935 4150 2056 4208 minime

174 4230 244 4308 χίας
264 4225 371 4306 ταύτης
391 4231 438 4289 καλ
467 4225 615 4290 ὁτοόταν
634 4230 780 4332 μετείληγε
799 4225 949 4310 βασιλεύς,
976 4242 1041 4302 ταῖς
1061 4229 1091 4291 oi
1142 4235 1231 4290 etiam
1258 4249 1314 4292 rex
1335 4249 1436 4304 eorum
1462 4233 1541 4291 hanc
1567 4239 1743 4292 armaturam
1766 4237 1872 4293 nactus
1894 4239 1959 4309 cst,
1999 4234 2055 4292 sed

174 4307 380 4393 κεντροφόρους
412 4309 532 4384 ταύταις
567 4308 607 4384 σός
633 4315 806 4393 δορυφορσες
841 4310 1092 4394 περεκνκλούμενος
1141 4321 1179 4376 ab
1211 4318 1259 4376 his
1287 4317 1468 4394 aculcigaris
1501 4323 1639 4392 tanquam
1675 4320 1832 4396 armigeris
1867 4321 2054 4378 extrinsecus

172 4391 301 4470 ἔξωθεν,
328 4391 418 4470 αύεός
446 4401 497 4477 τῆς
524 4401 577 4459 τοῦ
603 4399 720 4478 κέντρου
739 4399 852 4478 βολίδας
872 4394 977 4480 γυμνός
997 4404 1026 4460 έν
1046 4402 1091 4478 μέ-
1141 4403 1356 4476 circumdatus,
1388 4403 1455 4476 ipsa
1487 4405 1585 4461 aculei
1614 4403 1673 4462 telo
1703 4420 1809 4464 carens
1837 4405 1952 4462 medius
1975 4403 2054 4462 inter

174 4501 244 4582 σρεες
265 4478 367 4553 αύταῖς
386 4479 609 4582 ἀναστρέφεται·
651 4484 803 4562 δηλοῦντος
824 4480 903 4585 οἶμαι
923 4489 975 4546 τοῦ
996 4479 1090 4565 λόγου,
1140 4488 1210 4545 illos
1232 4493 1381 4546 versatur:
1404 4504 1461 4560 quo
1483 4485 1626 4562 ostendit,
1649 4489 1768 4565 opinor,
1796 4489 1889 4562 ratio,
1916 4503 1976 4546 non
1996 4487 2054 4546 de-

172 4567 297 4712 itii
316 4567 634 4731 iii'ittti'iit
653 4569 866 4732 iiiiii?
888 4571 1011 4734 itit}
1025 4566 1091 4716 μέλ’
1140 4572 1539 4731 λῖξῖοιέέῖέίςέλῗῗυ
1558 4573 2054 4733 iiiiiiiniiiiib‘iiif

172 4739 276 4796 κενεᾶν
301 4730 335 4796 τό
365 4729 498 4814 ύπὴιεοον.
540 4739 600 4796 νννλ
627 4735 657 4796 dl
684 4742 824 4798 τοσοῦτον
857 4733 925 4800 ένιοε
952 4743 1010 4799 τῶν
1043 4737 1091 4800 ἀν·
1141 4741 1257 4817 gendos
1280 4743 1423 4800 subditos.
1465 4745 1555 4801 Nunc
1576 4757 1648 4800 vcro
1669 4744 1743 4800 adeo
1766 4743 1883 4814 quddam
1904 4743 2055 4802 hominum

171 4813 306 4900 θρόνων
326 4816 570 4900 κατεστράφησαν
591 4825 633 4897 τῷ
655 4825 760 4901 θυμῷ,
786 4823 898 4898 κολεῷ
927 4818 1024 4903 ἀλόγῳ
1044 4827 1090 4904 μί·
1142 4825 1261 4884 subacti
1287 4832 1357 4886 sunt
1385 4829 1548 4901 cupiditate
1582 4833 1612 4885 et
1638 4827 1803 4885 irrationali
1830 4829 1946 4886 animae
1973 4827 2054 4902 parti

174 4925 219 4982 ρει
254 4906 479 4986 αατεγαρίσαντο
515 4910 567 4984 τῆς
593 4911 704 4986 ψυχῆς,
738 4899 815 4969 ὥστε
849 4903 1091 4988 παρεμπεσούσης
1141 4915 1256 4969 tantum
1283 4912 1487 4989 indulserunt,
1516 4918 1549 4969 ut
1579 4915 1735 4984 praetextu
1757 4913 1893 4987 subnoto,
1921 4911 1953 4970 id
1974 4912 2053 4986 quod

173 4983 368 5068 προφάσεως,
389 4985 436 5050 οἶα
457 4985 551 5051 πολλά
573 4993 653 5068 φιλεῖ
668 4992 832 5070 συμβαίνειν
852 4987 995 5065 διάστοτε,
1024 4991 1090 5054 ούδδ
1139 4997 1241 5054 ubivis
1263 4999 1439 5070 saepissime
1461 4996 1597 5053 accidere
1618 4996 1706 5070 solet,
1735 5012 1830 5069 neque
1852 4997 1960 5054 leniter
1980 4997 2052 5054 ani-

172 5067 304 5151 μαλακὸν
325 5078 511 5154 φρονοῦντες,
538 5072 602 5135 nidi
625 5075 780 5153 συμπαθὲς
800 5077 849 5136 καί
870 5072 1088 5158 φιλάνθραπον,
1138 5083 1226 5156 mati,
1248 5098 1344 5154 neque
1364 5081 1595 5141 misericorditer
1616 5083 1647 5137 et
1666 5080 1849 5150 humaniter,
1879 5082 1933 5138 sed
1954 5082 2053 5156 impe-

172 5159 218 5232 εῷ
247 5155 277 5216 dl
305 5160 356 5236 τῆς
385 5153 474 5238 ἀρχῆς
501 5156 734 5239 ἀποχρησάμενον
760 5154 872 5240 νεράτεε,
903 5163 950 5222 καλ
978 5165 1008 5222 ἐκ
1036 5169 1088 5224 τοῦ
1139 5166 1178 5224 rii
1213 5167 1346 5240 potentia
1375 5165 1462 5226 abusi
1488 5169 1519 5222 et
1550 5180 1590 5224 ex
1617 5165 1778 5224 libidinoso
1804 5167 1920 5226 animae
1946 5167 2052 5244 poculo

325 5408 372 5465 1³)
389 5410 434 5457 Sic
451 5407 533 5458 codd.
567 5408 802 5471 suspicationes.
835 5411 865 5459 st
882 5397 951 5460 οἶδεν
968 5412 1087 5460 retineas
1108 5413 1188 5478 (satis
1206 5427 1267 5466 esse
1283 5415 1394 5478 potnit),
1411 5416 1570 5466 nominativi
1587 5415 1667 5485 (μόνη
1685 5415 1701 5486 ἡ
1722 5416 1855 5480 σύμπνοια
1873 5453 1880 5467 .
1900 5452 1906 5468 .
1925 5452 1932 5467 .
1949 5415 2015 5486 μόνη
2033 5414 2050 5486 ἢ

170 5471 329 5546 ἀρχαιότης)
347 5479 509 5525 accusativis
526 5477 705 5526 substituendi
723 5477 854 5527 rideatur.
873 5505 877 5516 ε
901 5477 942 5526 Cf.
961 5485 1049 5528 tamen
1066 5481 1206 5532 [letalium
1224 5485 1256 5531 ud
1281 5483 1419 5532 Constant.
1437 5485 1536 5544 Porplr.
1559 5486 1592 5534 de
1609 5486 1723 5538 Caerim.
1742 5503 1769 5550 p.
1785 5491 1810 5537 tl.
1829 5476 1883 5538 οἶδε
1905 5500 1953 5548 pro
1971 5487 2051 5538 εἴσιδε

171 5544 245 5606 aprrd
264 5546 430 5592 recentiores
449 5543 571 5593 Graecos
590 5545 644 5592 dici
660 5547 760 5608 solere,
777 5551 806 5595 et
822 5545 954 5594 dicentem
972 5554 999 5595 et
1016 5551 1145 5610 exemplis
1162 5549 1327 5610 probantem.
1398 5551 1442 5609 rt)
1460 5551 1525 5602 cod.
1543 5554 1625 5604 Larrr.
1643 5552 1739 5623 ἀρχεῖν.
1817 5557 1863 5615 lb)
1885 5555 1950 5606 cod.
1968 5558 2049 5606 [αυτ.

170 5613 311 5662 ένίλευσιν.
395 5611 438 5668 16)
456 5613 567 5660 Βασίλεια
584 5611 748 5680 πραποίππῳ.
781 5643 785 5654 ·
838 5614 881 5670 17)
898 5615 1020 5676 llespicit
1036 5616 1068 5663 ad
1087 5617 1225 5665 Nouellum
1243 5617 1371 5686 περὶτῶν
1389 5614 1748 5687 έπειυερχομίεοιυδυνατῶν,
1767 5637 1834 5686 quiae
1852 5625 2050 5686 liabetur-apud

170 5678 332 5730 Lcrbbneam
350 5693 374 5740 p.
396 5679 496 5727 i—ii.
529 5679 729 5730 Observa-udum
748 5687 849 5741 tameo,
868 5686 896 5730 ct
917 5679 1029 5747 ἀκίνητοι
1046 5681 1134 5732 διέοιια
1157 5689 1251 5734 contra
1268 5687 1335 5734 luris
1355 5691 1484 5736 rationem
1503 5689 1600 5737 dictum
1618 5703 1687 5751 esse,
1714 5699 1742 5742 ct
1759 5693 1897 5743 Nouellum
1915 5694 2051 5756 Lceapeni

169 5749 207 5796 de
221 5749 329 5864 ἔκρουε
345 5759 493 5808 ηκοηοιαυε
509 5750 539 5797 in
557 5752 682 5812 potentes
698 5761 752 5801 noo
770 5751 963 5800 transferendis
980 5753 1091 5800 omniuo
1107 5750 1200 5800 essere
1304 5755 1350 5812 is)
1361 5755 1473 5816 possint
1488 5767 1506 5805 a
1524 5755 1605 5807 codd.
1624 5759 1724 5809 Partes.
1847 5762 1872 5819 i)
1892 5761 1956 5811 cod.
1979 5757 2048 5808 τότε.

168 5817 201 5873 8)
243 5816 415 5883 ο.εεέντρον.
