4790 7064
974 573 1210 648 caeb'r
1253 577 1313 646 Vl.

928 845 973 912 l.'
996 845 1087 914 Noc.
1111 847 1148 914 1.
1169 867 1245 933 cup.
1266 849 1305 914 4.

307 981 445 1048 Dnoviri
466 979 508 1048 ad
530 979 746 1048 conditionem
768 981 916 1068 insignes
937 983 1023 1070 iique
1047 983 1090 1050 ad
1111 983 1362 1070 promovendam
1385 983 1463 1050 iuris
1484 982 1672 1068 scientiam,
1701 987 1737 1048 ut
1757 981 1887 1069 opinor,
1915 981 1983 1048 nati
2004 979 2047 1050 de

184 1085 275 1151 brrios
288 1083 451 1150 Novellae
462 1083 732 1169 interpretatione
744 1089 857 1148 nostra
869 1089 979 1149 aetate
991 1085 1124 1151 interae
1138 1084 1305 1170 digladiati
1316 1090 1401 1164 sunt,
1413 1083 1596 1150 Lcebrirrrrr
1607 1079 1721 1175 ¹)dicc
1731 1089 1767 1150 et
1778 1077 2046 1171 Frcrrclsirrrrrq.

183 1185 371 1251 Novissime
385 1181 709 1249 Muelrlerrbrrrclrirrs
717 1179 755 1275 ³)
776 1183 860 1250 banc
881 1184 969 1250 litem
991 1183 1166 1250 secundum
1182 1185 1375 1254 branchium
1396 1186 1475 1252 dore
1496 1185 1616 1252 maluit.
1658 1185 1739 1272 Ipsa
1756 1184 1924 1250 iustiniani
1946 1184 2048 1250 verba

183 1287 262 1352 haec
291 1293 386 1350 sunt:
418 1289 446 1348 el
472 1290 582 1365 μέντοι
609 1285 713 1367 ῥητῶς
738 1282 926 1368 επισκῆηιειε
951 1282 995 1366 μῆ
1022 1284 1207 1371 βούλεσθαι
1239 1285 1297 1351 τόν
1325 1285 1524 1370 κληρονόμον
1559 1295 1825 1370 παρακατασχεῖν
1861 1285 2046 1370 φαλκίδιον,

182 1383 308 1468 ἀνάγκη
329 1382 402 1462 τῆν
420 1385 492 1448 τοῦ
512 1385 770 1466 διαθεμένου
790 1382 948 1467 γνώμην
968 1397 1137 1470 κρατεῖν
1158 1388 1228 1451 καὶ
1246 1383 1535 1470 ῆβονλόμενον
1556 1382 1683 1452 αὐτόν
1704 1383 2047 1467 όπηρετῆσασθαι

181 1487 231 1569 τῷ
259 1485 510 1568 διαδεμένρν,
544 1491 622 1561 ἴσως
648 1489 710 1549 καί
733 1507 807 1550 τινα
834 1482 947 1550 δίκαια
971 1507 1006 1550 τε
1033 1489 1090 1551 καὶ
1111 1483 1224 1568 εὐσεβῆ
1245 1483 1471 1565 καταλιπόντι,
1508 1485 1546 1550 τό
1573 1489 1685 1568 κέρδος
1706 1485 1767 1552 οὐκ
1792 1493 1826 1552 lc
1846 1489 1893 1570 τῴ
1922 1487 2045 1568 λαβεῖν,

181 1585 246 1652 ἀλλ’
271 1588 373 1670 ἐντῷ
394 1582 494 1667 μόνον
515 1584 652 1671 εὐσεβῶς
673 1589 773 1664 ἔχειν,
807 1587 863 1650 καὶ
889 1583 935 1664 μὴ
956 1587 1064 1652 δοκεῖν
1084 1585 1202 1671 lacco»)
1223 1586 1281 1652 τόν
1301 1588 1451 1652 τοιοῦτον
1471 1586 1553 1652 εἶναι
1573 1589 1709 1672 κλῆρον,
1742 1585 1784 1666 ῆ,
1818 1592 1852 1652 cl
1879 1584 1928 1668 μὴ
1954 1583 2046 1668 doir-
2153 1668 2159 1678 .

181 1691 311 1766 λοιτο,
346 1684 477 1752 αὐτὸν
496 1687 567 1767 μὲν
588 1683 860 1770 ἀναχωρῆσαι
880 1687 951 1765 τῆς
971 1687 1167 1766 τοιαύτης
1188 1684 1433 1766 acccelerare,
1460 1685 1572 1770 χώραν
1588 1689 1623 1752 dl
1643 1689 1818 1768 γενέσθαι,
1847 1685 2047 1770 καθάπερ

181 1789 425 1872 ἔμπροσθεν
450 1783 641 1863 εἰπόντες
670 1789 879 1874 ὲίμθημεν,
908 1785 1190 1865 ὑποκαταστιὶτοις
1216 1791 1251 1853 τὲ
1277 1789 1333 1854 καὶ
1359 1785 1633 1872 ονχκληρονόμεις
1659 1790 1716 1852 καὶ
1748 1789 1955 1872 ληχαταρίοις
1989 1790 2046 1852 καὶ

180 1891 529 1976 ριδεῖκομμισσαρίοις,
563 1891 620 1952 καὶ
647 1892 787 1964 οἰκέταις
814 1891 870 1954 καῖ
899 1902 968 1966 τοῖς
995 1889 1031 1970 ἐξ
1050 1887 1237 1956 decadam
1254 1889 1312 1954 καὶ
1339 1899 1409 1965 τοῖς
1436 1888 1547 1965 ἄλλοις
1574 1885 1679 1953 κατὰ
1706 1887 1776 1966 τὴν
1807 1889 2046 1974 ἔμπροσθεν

178 1989 237 2078 ὑφ’
261 1989 372 2072 ἡμῶν
392 1989 668 2074 ἐξηυρημένην
688 1991 751 2054 ἐπὶ
773 1999 857 2065 τοῖς
878 1989 1087 2066 τοιούτοις
1108 1987 1211 2056 ὁδόν.
1256 1991 1329 2055 Nos
1350 1989 1384 2055 in
1406 1991 1466 2056 hoc
1487 1989 1559 2055 loco
1580 1989 1825 2075 interpretando
1845 1989 2047 2058 satishtrbe-

178 2094 282 2159 bimus
302 2097 469 2176 veterum,
492 2091 546 2176 qui
568 2087 748 2155 Iustiniana
770 2095 881 2156 aetate
903 2109 1063 2178 suppares
1086 2091 1229 2180 suerunt,
1256 2091 1468 2178 interpretum
1490 2089 1676 2156 sententias
1699 2091 1841 2178 referre,
1874 2089 2046 2176 qualiaque

178 2199 333 2260 centron
362 2189 538 2258 Fhaocldc
566 2189 677 2256 adlata
704 2197 780 2255 sont
807 2197 1016 2283 argumenta,
1051 2194 1164 2277 paucis
1194 2191 1388 2278 significare.
1432 2193 1542 2278 Atque
1570 2191 1628 2258 illa
1656 2191 1783 2277 quidem
1812 2191 1915 2259 verba
1941 2185 2045 2266 καὶῆ

176 2290 376 2378 βουλόμενον
397 2289 498 2357 αὐτόν
518 2287 787 2377 ὑπηρετησασδαι
807 2293 854 2375 τῷ
875 2293 1062 2375 διἀθεμένιρ
1083 2329 1124 2342 -
1146 2291 1181 2372 ἢ,
1213 2290 1496 2377 receptatione,
1531 2289 1649 2367 αὐτὸν,
1662 2294 1720 2373 μὲν
1748 2290 1958 2376 ἀναχωρῆσαι
1989 2293 2048 2368 τῆς

175 2389 330 2470 τριαίνης
350 2389 527 2468 ἐνστάσεως
547 2391 600 2480 hi,
638 2393 681 2458 de
704 2393 817 2477 quibus
838 2411 945 2460 sermo
968 2399 1043 2482 est,
1065 2395 1244 2480 scriptores
1266 2395 1312 2460 ito
1333 2399 1545 2480 acceperunt,
1572 2399 1608 2458 nt
1629 2392 1781 2458 haeredis
1802 2393 1940 2458 instituti
1961 2392 2047 2458 libe-

175 2515 247 2561 rum
278 2493 454 2558 crederent
475 2511 552 2559 esse
579 2493 761 2580 arbitrium,
796 2499 900 2560 ntroin
922 2495 1158 2562 haereditatem
1180 2493 1289 2582 adire,
1324 2513 1366 2560 an
1394 2495 1530 2562 andem
1551 2493 1723 2579 repudiare
1743 2494 1865 2560 maliet.
1908 2492 1967 2561 Sic
1988 2494 2046 2560 lu-

175 2597 285 2662 lianus
307 2601 500 2660 antecessor
521 2601 627 2660 const.
654 2594 687 2659 1.
710 2611 780 2680 cap.
804 2591 840 2660 2.
861 2596 1011 2681 alioquin
1032 2598 1063 2661 ri
1083 2599 1214 2683 sciens,
1251 2598 1410 2683 pacatam
1431 2593 1552 2661 habeat
1569 2596 1825 2681 potr-incoatum,
1857 2595 2050 2680 specialiter·
2158 2653 2163 2660 .

174 2698 407 2782 expresserit,
443 2698 482 2760 rrt
507 2713 576 2761 rrco
605 2695 706 2760 liceat
731 2694 850 2760 heredi
875 2694 1055 2763 Falcidiae
1083 2699 1171 2788 legis
1200 2693 1361 2782 beneficio
1388 2699 1457 2783 rrti,
1492 2713 1662 2762 accerse
1694 2700 1758 2761 est
1786 2697 2046 2765 cclrrrrlctem

172 2801 315 2884 ipsias
342 2799 494 2862 terrere.
536 2795 586 2861 Et
612 2799 651 2862 si
677 2795 840 2884 quidem
868 2798 1002 2864 adire
1028 2801 1233 2864 malicorii
1258 2799 1564 2884 hereditatem,
1592 2835 1633 2846 -
1661 2799 1847 2863 crrrrrirrrcdc
1877 2799 1987 2883 hyalo
2013 2799 2045 2862 et

171 2899 433 2985 fideicommissa
451 2898 624 2984 persulcat
642 2936 696 2962 -.
726 2894 791 2961 Sia
812 2899 923 2962 creterra
943 2901 1242 2984 repudiaverit
1267 2900 1558 2985 hereditatem,
1589 2901 1709 2988 lucrrr
1727 2897 1815 2984 [tal
1835 2898 2045 2964 substitu-

173 3005 231 3068 tis
254 3007 291 3066 et
313 3005 397 3065 caet.
437 2999 478 3064 ln
498 2999 613 3066 eadem
635 2998 786 3085 opinione
814 2997 873 3062 luit
899 3004 935 3064 et
963 3001 1165 3069 Athanasius
1193 3002 1244 3067 tit.
1274 2997 1310 3066 9.
1339 3006 1442 3066 const
1476 3000 1525 3066 i.:
1560 2995 1640 3064 ὅταν
1669 2997 1687 3064 ὁ
1712 2997 1893 3085 vestitam,
1930 2998 2046 3085 inquit,

173 3099 319 3168 κελεύσει
345 3097 705 3185 μῆπαρακρατηθῆναι
732 3095 790 3164 τὸν
817 3101 1009 3190 φαλκίδιον,
1046 3099 1122 3166 οὐκ
1157 3097 1441 3186 ἀναγκάζεται
1467 3097 1485 3167 ό
1513 3097 1769 3188 κληρονόμος
1803 3099 2044 3175 ἀδιτεῦσαι,

175 3201 264 3270 cilici
285 3211 355 3276 τοῖς
368 3201 557 3286 ἕμπροσθον
576 3207 753 3287 εῖρημίναις
768 3201 937 3277 διαδοχαῖς
947 3199 1042 3288 χώρα
1052 3199 1228 3284 γενήσεται.
1271 3199 1363 3284 Quae
1375 3202 1488 3268 eadem
1502 3201 1737 3287 interpretandi
1750 3203 1833 3268 ratic
1848 3201 1995 3266 Loclrrr'o
2004 3193 2044 3288 ⁴)

176 3305 320 3392 placuit,
352 3297 573 3392 diametric‘)
600 3300 773 3386 displicuit.
816 3301 913 3367 Hanc
934 3308 1041 3369 autem
1068 3303 1250 3370 Fraochioa
1271 3302 1408 3370 credidit
1429 3303 1598 3368 iustiniani
1619 3305 1788 3368 verborum
1809 3321 1886 3368 esse
1906 3307 2045 3366 senten-

179 3409 273 3471 tiam:
296 3405 326 3470 si
347 3409 488 3468 testator
508 3402 721 3490 prohibuerit,
741 3401 911 3488 quominus
925 3411 1041 3489 quarta
1053 3403 1199 3470 Falcidia
1212 3405 1404 3492 deducatur,
1426 3403 1535 3486 legata
1548 3404 1673 3489 absque
1694 3410 1828 3489 quartae
1850 3400 2045 3468 deductione

183 3504 338 3572 solvenda
360 3522 437 3570 esse
445 3552 455 3592 ,
494 3509 571 3591 aot,
600 3503 630 3568 si
652 3503 713 3569 hoc
740 3503 850 3570 iacere
871 3504 973 3592 nolit,
1010 3503 1226 3572 recedendum
1248 3523 1325 3572 esse
1348 3505 1483 3570 haeredi
1512 3504 1553 3569 ab
1581 3505 1793 3570 institutione.
1836 3503 1922 3590 Sed,
1957 3500 2043 3588 quod

189 3607 351 3695 paterini
382 3605 655 3690 praestantissimi
683 3603 840 3692 dixerim,
875 3605 938 3670 hcc
959 3611 1012 3671 est
1031 3605 1171 3691 tingere,
1206 3625 1270 3672 non
1299 3605 1533 3672 demonstrare.
1576 3604 1711 3670 Ubinam
1739 3605 1800 3670 hoc
1828 3605 1960 3691 dicitur,
2000 3602 2043 3668 de

193 3727 244 3796 eo,
262 3709 311 3795 qui
332 3705 437 3772 solida
457 3706 569 3790 legata
590 3703 721 3771 scivere
743 3705 997 3791 detrectaverit,
1017 3705 1161 3773 haerede
1183 3707 1244 3772 hoc
1256 3707 1326 3773 icco
1338 3726 1415 3772 esse
1427 3697 1634 3774 sermonem?
1677 3705 1771 3772 Unde
1787 3705 2044 3792 viropraestan·

195 3809 304 3874 tissima
318 3812 446 3874 constat
457 3806 499 3872 de
512 3805 653 3872 haerede
675 3813 820 3892 quartam
833 3807 1012 3874 Falcidiam
1026 3807 1069 3874 de
1080 3808 1200 3893 legatis
1216 3807 1377 3874 deducere
1390 3799 1548 3874 volente?
1592 3807 1638 3872 At
1650 3804 1848 3874 lastinianus
1866 3807 1927 3872 hcc
1948 3805 2045 3872 dicits

197 3913 247 3996 „ri
264 3909 397 3976 testator
415 3903 639 3993 prohibuerit,
676 3909 850 3994 pacatiores
872 3911 994 3996 qrrcrla
1014 3907 1173 3974 Falcidia
1194 3909 1399 3996 deducatur,
1429 3910 1520 3974 urani
1538 3909 1635 3972 modo
1653 3910 1822 3974 testatoris
1841 3908 2043 3975 colummers

198 4027 259 4076 erre
290 4005 530 4076 emcndamf‘
579 4005 725 4095 Deinde,
762 4007 837 4094 qnid
876 4008 918 4075 de
946 4008 1091 4076 haerede
1119 4009 1300 4076 faciundum
1329 4013 1390 4094 sit,
1425 4009 1569 4096 explicat
1596 4028 1655 4095 per
1683 4027 1786 4075 voces
1812 4012 1869 4074 καὶ
1897 4007 1980 4086 ῆ-
2000 4003 2041 4085 ri,

198 4109 324 4196 duosque
344 4127 442 4176 casus
463 4115 706 4196 commemorat,
726 4110 778 4194 qui
800 4109 863 4174 scii
883 4109 917 4175 ic
936 4109 999 4176 hac
1020 4129 1140 4177 caussa
1161 4111 1296 4195 cogitari
1318 4111 1455 4197 possint.
1499 4111 1567 4176 Ant
1581 4111 1699 4176 haeres
1714 4110 1798 4176 colet
1818 4106 2045 4194 (doctiorem)

198 4210 346 4276 omtcrts
372 4209 573 4277 volontatem
607 4209 751 4298 servari,
784 4211 894 4296 itaque
926 4210 969 4278 ad
1004 4229 1076 4278 earo
1112 4211 1312 4278 voluntatem
1346 4213 1473 4276 iubetur
1507 4227 1637 4296 operam
1674 4229 1768 4275 srcrrrn¹
1800 4209 2045 4276 accommodare

201 4309 324 4394 (ἀνάγκη
343 4347 386 4360 --
405 4307 675 4397 όπηρετῆσασθαι
696 4311 743 4394 τῷ
769 4312 987 4400 (leudebertam
1023 4319 1079 4378 aul
1104 4313 1196 4396 nolet
1226 4315 1268 4394 (el
1288 4309 1332 4394 μῆ
1358 4308 1544 4394 βούλοιτο),
1578 4311 1692 4397 itaque
1710 4313 1750 4376 ab
1771 4331 1812 4378 ea
1840 4311 2045 4376 institutione

199 4412 333 4480 recedme
353 4412 490 4478 iubetur.
532 4411 647 4498 itaque
669 4411 871 4479 manifestum
887 4419 941 4480 est
961 4431 1004 4480 ex
1027 4413 1089 4480 hac
1109 4415 1281 4480 verborum
1303 4409 1487 4497 βούλεσθαι
1509 4418 1544 4478 ct
1563 4409 1607 4494 μὴ
1627 4409 1815 4496 βούλεσθαι
1828 4413 2045 4500 oppositione,

200 4511 300 4598 aliquid
318 4513 379 4580 hoc
399 4513 474 4578 icco
495 4512 615 4578 liberae
636 4511 788 4578 haeredis
808 4513 969 4580 voluntati
990 4513 1079 4602 dari,
1099 4519 1203 4580 uuum
1224 4513 1331 4580 iacere
1353 4513 1454 4601 velit,
1483 4532 1526 4579 an
1547 4515 1638 4578 notit.
1681 4510 1805 4596 Quodsi
1827 4513 1869 4580 de
1890 4509 2046 4597 haerede,

201 4611 245 4696 qni
262 4613 488 4681 haereditatem
508 4615 572 4680 iarn
592 4611 690 4700 adiit,
710 4613 771 4678 hoc
792 4614 863 4680 loco
884 4615 939 4700 agi
961 4623 1111 4700 putemus
1118 4662 1128 4702 ,
1147 4615 1326 4680 verendum
1348 4619 1418 4702 est,
1447 4633 1489 4680 ne
1511 4615 1711 4680 lastinianus
1730 4615 1811 4679 inris¹
1830 4633 1939 4700 parum
1961 4629 2042 4676 con-

201 4711 288 4778 snitus
306 4713 454 4783 rideatur
474 4716 591 4795 luisse,
610 4713 663 4800 qui
684 4713 874 4803 haeredem,
896 4717 949 4802 qai
970 4714 1207 4783 haereditatem
1220 4713 1314 4798 adiit,
1334 4715 1534 4800 ignoraverit
1556 4737 1576 4783 a
1596 4715 1765 4801 legatariis
1780 4713 2040 4782 fideicommissa·

200 4811 302 4899 risque
321 4834 363 4882 ex
385 4822 582 4883 testamento
604 4816 733 4882 actione
747 4810 902 4902 ¹compelli
923 4835 1045 4904 posse,
1081 4821 1117 4881 ut
1148 4813 1255 4881 solida
1284 4815 1557 4903 legata.tideique
1585 4817 1757 4884 commissa
1785 4817 1960 4904 persolvat.
2002 4811 2042 4878 ln

201 4930 253 4996 quo
270 4917 344 4984 sotis
365 4923 495 4984 constat
514 4917 638 4982 liberae
660 4915 811 4982 haeredis
832 4917 991 4984 voluntati
1012 4917 1209 5002 arbitrioque
1236 4915 1338 4982 locum
1367 4935 1445 4983 esse
1473 4918 1602 4983 notium.
1644 4913 1768 4983 Contra
1786 4935 1866 4983 vero
1888 4915 1917 4979 si
1939 4913 2042 4979 verba

201 5011 358 5092 dedicabat
385 5024 420 5085 et
446 5014 490 5100 μὴ
518 5015 703 5102 βούλεσθαι
730 5015 772 5082 ad
803 5015 990 5084 facultatem
1018 5015 1254 5084 haereditatem
1283 5015 1425 5083 adeundi
1453 5016 1707 5105 repudiandique
1740 5015 1873 5084 haeredi
1902 5031 2041 5081 conces-

200 5129 262 5178 sam
283 5117 444 5188 reserenda
464 5138 541 5186 esse
563 5136 701 5184 censeas
712 5163 724 5206 ,
756 5123 792 5184 et
812 5117 978 5194 sententia
994 5117 1167 5184 Iustiniani
1188 5123 1279 5184 recte
1301 5118 1478 5206 ordineque
1499 5119 1674 5208 procedet,
1708 5125 1743 5185 et
1770 5117 1922 5205 habebis,
1955 5115 2041 5203 quod

284 5319 310 5382 1)
323 5323 352 5374 ln
375 5325 457 5374 tibrc:
473 5323 577 5374 Ανοῖιῖν
590 5321 642 5387 fiir
658 5320 831 5372 vicillatische
848 5319 954 5371 Praete
970 5325 1034 5372 tom.
1052 5324 1086 5373 V.
1109 5337 1138 5387 p.
1152 5323 1241 5374 cot-
1252 5324 1312 5374 888.
1413 5323 1490 5388 biis
1512 5325 1597 5376 tthrcr
1622 5321 1751 5385 Bellrdpe
1773 5333 1828 5372 zur
1847 5321 2041 5387 Ειδιῖιιῖιιτιιιμ

193 5402 286 5469 &cicer
305 5406 537 5458 Βιιοιεπισῖινῖεο
553 5421 581 5469 p.
597 5405 764 5456 tib-ici.
866 5407 897 5464 a)
915 5406 945 5455 ln
971 5407 1110 5458 doetrinae
1135 5407 1324 5460 Pundectarcm
1348 5409 1388 5462 ed·
1405 5410 1431 5459 8.
1458 5413 1520 5460 tom.
1544 5405 1589 5457 iit.
1614 5423 1639 5470 p.
1657 5405 1718 5456 464.
1736 5409 1792 5454 not.
1809 5407 1837 5456 2.
1938 5405 2003 5470 4)1;
2022 5407 2039 5456 t.

187 5499 219 5552 μ.
234 5488 380 5543 dit-³08.
479 5491 508 5550 ht
528 5490 548 5538 i.
564 5491 582 5539 l.
600 5503 626 5551 p.
644 5489 706 5540 ici.
725 5489 870 5540 Jrattolaa
885 5492 951 5556 cccl
966 5491 1118 5543 odhmliclu
1148 5493 1215 5556 ,ster
1231 5493 1323 5559 Erda,
1350 5495 1478 5546 rrrrlclrrm
1493 5493 1545 5544 der
1562 5491 1658 5554 Adacp
1674 5489 1724 5538 der
1742 5489 1833 5550 Quart
1848 5491 1974 5542 verdctm
1990 5493 2041 5556 lrl,

185 5571 315 5626 macrae
328 5576 426 5640 Adzrrp
441 5577 484 5627 dte
505 5574 720 5626 Vemecrrnrrrc
739 5574 861 5640 watra,
888 5575 973 5641 oder,
1000 5589 1082 5627 ruma
1107 5589 1140 5626 εν
1156 5577 1227 5626 diere
1248 5579 1325 5628 rrlchl
1339 5579 1414 5640 rctll,
1442 5577 1573 5627 recedere
1595 5572 1627 5622 ab
1644 5570 1837 5623 institutione.“
1871 5575 1961 5625 Pontio
1978 5579 2040 5636 post

187 5654 255 5705 idern
269 5657 317 5708 hi
350 5659 496 5712 διηνεκέσιν
512 5659 620 5722 cprtcbt
633 5670 687 5708 cco
703 5657 780 5723 dem,
797 5659 848 5709 der
863 5657 906 5710 die
922 5658 1165 5724 aollrtrirrdiye
1183 5661 1351 5727 zablcap
1365 5663 1417 5711 der·
1439 5657 1655 5708 Vermriclrtotcrc
1671 5659 1851 5724 cerwetpert,
1869 5661 1933 5709 weil
1949 5671 1981 5713 rr·
1996 5658 2041 5708 die

181 5745 274 5804 quarta
289 5744 403 5796 Μειδία
418 5743 548 5794 abelem
564 5743 624 5794 will
630 5773 643 5808 ,
660 5742 720 5791 also
735 5754 788 5791 corr
805 5742 865 5794 dem
881 5741 975 5794 dtr-dra
984 5775 995 5808 ,
1012 5749 1061 5793 cer
1077 5743 1160 5794 schoa
1177 5747 1358 5812 capelo-rtem
1373 5745 1446 5796 deora
1462 5741 1538 5792 dano
1555 5741 1614 5790 rrst
1629 5738 1706 5790 hooc
1722 5754 1775 5791 cuo
1791 5739 1972 5806 Aorzalrhorc
1988 5741 2038 5791 der

185 5825 399 5883 emouere
414 5828 473 5880 rrrul
488 5828 574 5878 ricem
590 5825 701 5890 alberga
717 5825 767 5877 der
786 5825 878 5888 ercrl
892 5827 936 5902 pite
952 5827 1026 5880 Redr
1041 5839 1120 5892 reco-
