4790 7064
248 963 381 1018 Νουιλθι

1094 545 1520 622 ardarici!

413 664 570 846 [pt'.]:“⁸)
596 739 678 844 περὶ
697 737 900 816 ἐπισκόπων
916 737 975 814 κατ’
988 737 1260 839 κληρικῶν555).
1409 733 1534 812 Consi.
1567 737 1603 808 2.
1653 735 1711 810 De
1735 733 1914 836 episcopis
1939 741 1975 810 et
1999 733 2150 810 clericis.
2202 789 2213 818 ,

452 914 501 978 ’Ὁ
521 911 609 985 αάτός
627 909 871 995 βασιλεύςΠενρρ
884 907 995 992 ἐπάρχῳ
1010 911 1251 991 πραιτωρίων555
1264 907 1286 986 ).
1390 909 1471 966 Ideni
1504 908 1660 980 imperator
1685 911 1772 966 Petro
1804 909 1956 978 praelecto
1984 906 2138 980 praetorio.
2186 907 2234 964 De

388 1003 482 1080 Περὶ
508 995 720 1077 διοικήσεως
746 1001 805 1059 και
834 997 1041 1076 προνομίαν
1060 991 1107 1076 ⁴⁷)
1137 999 1196 1057 καὶ
1223 987 1286 1056 άλ-
1328 993 1585 1052 αιίαιιπὶειναιιιιατ
1617 1007 1656 1052 oc
1680 993 1843 1066 priuilept'a'o
1869 993 1997 1066 uiiirqiic
2023 993 2149 1049 occos
2174 1007 2232 1049 co·

388 1087 457 1146 λων
477 1079 666 1164 διαφόρων
685 1084 893 1160 κεφαλαίων.
1326 1079 1431 1151 pilulis
1449 1072 1505 1151 ii).

469 1216 510 1280 ‘H
525 1221 660 1298 παροῦσα
680 1215 727 1294 55)
756 1209 879 1284 διάταξις
904 1215 1125 1294 μεταγενεστίρα
1151 1205 1226 1274 ούσα
1244 1212 1291 1291 55)
1395 1213 1540 1268 Praesens
1566 1209 1750 1284 constitutio,
1780 1225 1846 1268 curn
1872 1215 2002 1282 tempore
2021 1207 2166 1282 posterior
2185 1208 2236 1284 sit,

388 1297 482 1364 πάντα
507 1303 602 1375 κενίζει
624 1301 665 1378 (ν.
686 1297 809 1372 καινίζει)
830 1291 867 1358 τά
893 1293 1034 1375 κεφάλαια
1054 1304 1104 1376 τῆς
1124 1292 1182 1377 πρὸ
1204 1294 1293 1373 αύτῆς
1333 1296 1430 1354 onnia
1450 1295 1548 1367 capita
1567 1294 1801 1368 constitutionis,
1835 1309 1910 1366 quae
1930 1298 1999 1350 ante
2019 1309 2084 1352 earn
2104 1293 2236 1368 (posita)

389 1381 546 1458 διατάξεως.
561 1385 762 1462 διατυποῖ55),
782 1379 842 1453 ι’να,
862 1382 944 1460 ει55)
961 1389 1026 1462 χρία
1046 1384 1087 1460 (ν.
1105 1381 1199 1461 χρεία)
1218 1381 1225 1460 i
1246 1379 1291 1458 ³²)
1334 1384 1394 1454 est,
1415 1380 1544 1436 innovat.
1585 1379 1820 1454 sanciuntur,
1841 1383 1888 1453 ut,
1915 1377 1942 1434 si
1962 1379 2146 1434 accessesit
2167 1378 2235 1450 epi-

389 1475 497 1552 γίνηται
525 1491 575 1532 του
596 1471 746 1530 ἐπίσκοπον
762 1465 806 1542 55)
828 1473 1065 1546 χειροτονηθῆναι,
1087 1463 1102 1528 ὁ
1125 1468 1226 1544 κλῆρος
1245 1467 1292 1526 και
1334 1478 1453 1536 scopum
1482 1462 1625 1536 ordinari,
1660 1463 1757 1520 clerus
1777 1480 1814 1520 ac
1834 1463 1982 1536 principes
2002 1463 2083 1520 illius
2103 1462 2236 1518 civitatis

390 1560 418 1616 oi
436 1551 617 1634 προτεύοντες
639 1549 680 1628 (ν.
700 1545 903 1631 πρωτεύοντες)
926 1555 976 1628 τῆς
996 1545 1105 1620 πόλεως
1126 1552 1226 1627 ἐκείνης
1247 1551 1292 1608 ε’πι
1334 1549 1371 1604 de
1406 1549 1499 1604 tribus
1524 1547 1657 1620 personis
1684 1548 1801 1604 clericis
1826 1563 1862 1604 ac
1889 1546 2040 1604 rnonaehio
2052 1588 2061 1620 ,
2101 1562 2170 1602 cum
2196 1547 2236 1602 iis

390 1641 479 1718 τρισὶν
494 1637 538 1714 55)
561 1632 718 1714 προςάποις
738 1637 876 1714 κιηρικοις
895 1636 941 1694 κοι
960 1645 1100 1714 μοναχοῖς,
1123 1629 1175 1692 σύν
1197 1629 1293 1702 αὐτοῖς
1333 1647 1404 1688 vero
1432 1633 1534 1704 etiam,
1562 1632 1589 1688 si
1614 1631 1657 1688 ito
1683 1631 1788 1706 velint,
1815 1631 1901 1688 laicis
1923 1645 2057 1704 quoque,
2077 1631 2237 1704 propositis

390 1725 434 1796 di,
456 1727 482 1782 εἰ
496 1717 649 1802 βούλονται,
670 1723 716 1779 και
737 1721 850 1792 λαικοῖς,
867 1721 1050 1798 προκειμένων
1068 1718 1114 1795 55)
1135 1722 1191 1777 τῶν
1207 1713 1293 1795 ἁγίων
1334 1717 1428 1774 saeris
1456 1716 1620 1790 evangeliis
1648 1715 1912 1788 declamationi,
1944 1719 2087 1772 testantes
2108 1730 2161 1772 eos
2180 1715 2237 1770 lit-

390 1805 552 1886 εύογγελίιυν
585 1807 759 1883 ψηφίσματα
792 1807 894 1866 ποιῶσι
923 1801 968 1878 55)
1007 1807 1216 1881 μαρτυροῦντες
1253 1795 1293 1870 ῶς
1335 1807 1413 1856 toras
1434 1800 1526 1874 scire,
1557 1815 1652 1872 neque
1679 1816 1745 1856 cunr
1766 1800 1895 1856 foemina
1914 1805 1966 1854 aut
1986 1815 2051 1856 cum
2072 1800 2237 1856 concubina

391 1887 542 1971 γράμματα
563 1887 657 1948 ἴσασιν
666 1887 711 1962 55)
735 1890 781 1948 καλ
798 1879 862 1948 ούτε
881 1881 994 1966 γυναικη
1014 1887 1057 1964 (ν.
1071 1885 1189 1964 γυναικὶ)
1211 1879 1290 1962 ν’)55)
1334 1884 1519 1958 cohabitare,
1562 1889 1614 1940 out
1644 1884 1752 1942 liberos
1785 1885 1908 1956 habere,
1942 1883 1995 1939 sed
2025 1883 2081 1939 etsi
2108 1884 2236 1954 aliquam

391 1976 520 2051 παλλακῇ
548 1972 680 2046 συνζῶσιν
701 1971 763 2048 55),
794 1965 810 2050 ἢ
837 1973 942 2040 παῖδας
969 1967 1091 2050 ἔχουσιν,
1119 1966 1179 2030 ἀλλ’
1203 1974 1229 2030 εἰ
1246 1971 1297 2028 καί
1334 1968 1498 2026 habuerunt
1522 1983 1658 2041 uxorem,
1691 1984 1757 2024 curn
1788 1985 1824 2024 aa
1850 1984 1887 2024 ex
1914 1967 2085 2042 virginitate
2111 1967 2237 2024 cohabi-

392 2081 433 2130 τις
452 2057 498 2138 55)
527 2061 632 2136 γέγονεν
658 2054 753 2126 αὐτοῖς
780 2049 885 2135 γαμετὴ
912 2047 1064 2134 πρότερον,
1100 2051 1139 2125 ῶς
1166 2057 1195 2112 ἐκ
1220 2075 1292 2132 τιαρ-
1333 2057 1423 2109 tasse.
1440 2111 1446 2126 ,
1465 2052 1591 2110 ouriaiis
1610 2053 1660 2108 vel
1679 2053 1835 2109 cohortalis
1854 2051 2010 2124 epilscopus
2031 2067 2068 2108 nc
2089 2053 2155 2122 θοις
2177 2052 2237 2108 nisi

392 2146 490 2213 θενίας
509 2137 624 2210 ταύταις
644 2135 807 2218 συνῴκησαν
821 2140 876 2216 55).
910 2133 1071 2216 Βουλευτης
1085 2141 1131 2216 55)
1153 2131 1170 2216 ἢ
1192 2131 1293 2210 τοξεῶ·
1334 2137 1416 2210 prius
1437 2136 1600 2207 quindecim
1621 2137 1707 2194 annis
1718 2135 1808 2192 vitain
1829 2137 1988 2192 olitariarn
2000 2136 2103 2210 egerit.
2124 2138 2237 2192 Verum

392 2250 442 2306 της
474 2221 514 2305 μὴ
546 2229 670 2306 γενέσθω
702 2228 866 2296 ἐπίσκοπος,
898 2218 937 2301 μὴ
975 2216 1113 2302 πρότερον
1139 2224 1220 2284 πέντε
1246 2223 1294 2282 και
1334 2221 1361 2276 si
1389 2220 1531 2276 adversus
1558 2221 1633 2278 haec
1658 2223 1756 2278 iaetus
1783 2221 1837 2296 sit,
1865 2220 2023 2277 conditioni
2051 2235 2124 2278 auae
2144 2220 2237 2278 resti-

394 2314 459 2371 δίκα
475 2311 520 2384 55)
542 2307 588 2387 ἔτη
603 2307 648 2390 55)
669 2303 798 2387 μονάσας
817 2307 879 2383 55),
907 2304 967 2366 ἀλλ’
997 2311 1024 2366 εἰ
1041 2301 1122 2386 παρά
1141 2312 1232 2366 ταῦτα
1269 2309 1293 2366 ί·
1333 2304 1431 2361 tuitor.
1473 2305 1573 2362 Minor
1592 2305 1715 2380 triginta
1735 2306 1820 2362 annis
1847 2306 2002 2376 episcopus
2024 2320 2060 2360 ne
2080 2304 2238 2361 ordinator.

394 2417 488 2476 νηται,
516 2399 549 2471 τῇ
572 2395 627 2468 idio
655 2387 842 2453 άποδιδόσθω
869 2385 943 2470 τύχη.
965 2387 980 2451 ὁ
1004 2389 1050 2465 55)
1072 2381 1155 2470 ἧττον
1185 2390 1225 2468 (ν.
1247 2412 1293 2468 ητ-
1334 2389 1460 2462 laicus,
1492 2389 1550 2446 nisi
1576 2393 1637 2444 tres
1664 2405 1779 2445 rnenses
1805 2391 1895 2446 i'uerit
1920 2389 1998 2445 clero
2025 2388 2173 2462 adlectus,
2199 2389 2237 2443 ad

394 2480 464 2559 του)
487 2482 533 2558 55)
556 2483 612 2538 τῶν
632 2473 780 2555 τριάκοντα
801 2479 931 2536 ἐνιαυτῶν
953 2473 999 2554 55)
1020 2468 1059 2553 μὴ
1078 2476 1294 2555 χειροτονείσθω
1335 2474 1535 2545 episcopatum
1554 2489 1605 2530 iae
1632 2473 1792 2530 adducitor.
1842 2473 1985 2546 Curialis,
2018 2473 2044 2528 ai
2072 2473 2238 2543 quindecim

395 2565 554 2632 ἐπίσκοπος.
589 2556 722 2632 ὁλαικός
744 2561 806 2636 55),
835 2564 861 2620 εἰ
884 2553 922 2637 μὴ
950 2570 1024 2638 τρεῖς
1043 2564 1133 2637 μῆνας
1152 2560 1300 2637 καταλεγεῖ
1335 2572 1428 2614 annos
1453 2557 1545 2612 vitain
1570 2557 1730 2614 solitariam
1757 2558 1837 2632 egit,
1864 2557 2020 2629 episcopus
2040 2557 2188 2614 ordinator
2208 2563 2239 2614 at

399 2651 440 2728 (v.
460 2645 612 2724 καταλογῇ)
635 2651 662 2704 ἐν
682 2651 723 2720 τῷ
739 2645 783 2721 55)
805 2638 912 2722 κλήρῳ,
931 2638 971 2722 μη
992 2643 1236 2721 προςαγίσθω55)
1257 2645 1295 2713 εις
1336 2657 1355 2696 a
1382 2641 1548 2701 conditione
1581 2643 1814 2715 academici,
1848 2641 1891 2698 ita
1917 2645 1951 2697 ut
1977 2640 2145 2698 ιιοιιτιοιεαι
2165 2657 2238 2714 pro-

395 2725 547 2808 ειιισκοπὴν
563 2731 617 2804 55).
632 2727 647 2790 ὁ
665 2723 870 2808 βουλευτὴςέτιι
883 2730 963 2786 πέντε
983 2729 1029 2786 και
1042 2729 1108 2786 δίκα
1123 2726 1167 2804 55)
1187 2722 1234 2804 ἔτη
1249 2726 1295 2804 55)
1337 2725 1420 2798 priae
1445 2725 1627 2782 substantiae
1648 2727 1747 2784 curiae
1774 2731 1804 2784 et
1825 2728 1895 2784 liaeo
1915 2725 2063 2796 praebeat.
2107 2726 2142 2784 Si
2162 2727 2240 2782 intra

395 2811 522 2896 μονάσας
539 2811 640 2914 χειρο)
663 2811 708 2895 55)
736 2815 875 2874 τονείσθω
902 2813 1052 2881 ἐπίσκοπος
1078 2813 1125 2870 και
1145 2815 1195 2888 τῆς
1215 2804 1298 2890 τύχης
1339 2825 1393 2866 sex
1426 2825 1542 2866 menses
1574 2810 1692 2866 decreta
1724 2810 1761 2868 dc
1795 2810 1942 2882 episeopis
1975 2811 2055 2866 iacta
2085 2826 2144 2866 non
2169 2810 2238 2884 sint,

396 2887 616 2977 ελευθερουσθιο
631 2896 686 2975 55),
708 2892 740 2958 τὸ
757 2897 803 2976 55)
825 2889 910 2975 ἥμισυ
931 2897 1064 2974 τέταρτον
1080 2895 1124 2972 55)
1145 2897 1229 2974 μέρος
1247 2899 1298 2972 τῆς
1339 2899 1505 2965 competens
1525 2895 1690 2966 patriarcha
1710 2895 1759 2949 vel
1776 2894 2030 2968 metropolitanus,
2051 2909 2136 2964 quem
2158 2895 2239 2968 velit,

396 2987 469 3055 ιδίας
495 2978 678 3054 ὑποστάσεως
702 2983 831 3062 παρέχων
859 2987 892 3058 τῇ
913 2981 998 3058 βουλῇ
1011 2975 1060 3055 55)
1086 2980 1133 3038 και
1153 2983 1194 3054 τῷ
1215 2980 1297 3057 δημο-
1339 2977 1471 3034 ordinato
1499 2978 1627 3049 periculo
1654 2977 1769 3034 animae
1796 2993 1878 3036 suae.
1927 2978 1960 3034 si
1987 2978 2073 3034 trium
2093 2993 2238 3052 persona-

398 3070 458 3144 σίῳ.
492 3063 540 3127 ἐὰν
568 3061 645 3136 ἐντὸς
673 3061 704 3138 ἓξ
723 3071 816 3145 μηνῶν
831 3063 878 3144 55)
900 3059 938 3142 μὴ
960 3066 1089 3142 γίνωνται
1109 3058 1146 3122 τά
1164 3065 1221 3122 τῶν
1241 3066 1297 3122 ἐπι·
1338 3077 1402 3118 rutn
1434 3063 1547 3134 copiam
1573 3078 1631 3120 non
1657 3062 1785 3136 habent,
1819 3063 1856 3136 ii,
1890 3061 1940 3134 qui
1972 3061 2090 3118 decreta
2115 3063 2240 3136 iaciunt,

399 3147 513 3214 σκύπων
539 3153 725 3250 ψηφίσματα,
758 3147 774 3210 ὁ
802 3143 937 3229 ἁρμόδιος
964 3141 1138 3227 πατριάρχης
1158 3141 1175 3224 ἢ
1196 3166 1297 3226 μητρο-
1338 3151 1460 3218 possunt
1481 3163 1570 3203 noum
1591 3147 1639 3202 vel
1660 3147 1717 3204 duo
1738 3147 1939 3218 proloeorunr
1960 3145 2100 3216 qualitate
2121 3146 2239 3204 decreto

398 3239 513 3315 πολίτης
528 3237 598 3312 55),
620 3257 653 3295 ον
668 3235 713 3308 55)
740 3228 884 3312 βούλεται,
904 3233 1093 3312 χειροτονείτω
1113 3224 1227 3305 κινδύνῳ
1248 3233 1299 3309 τῆς
1338 3231 1496 3288 nominare.
1538 3231 1594 3298 Qui
1614 3230 1756 3286 adversus
1777 3231 1851 3288 haec
1871 3231 2036 3304 ordinatur,
2057 3229 2240 3288 ordinatione

399 3323 470 3392 ιδιας
490 3325 589 3400 ψυχῆς.
611 3311 670 3392 ὅτι,
697 3317 789 3397 εἰμὲν
809 3315 948 3397 άποροῦσι
967 3315 1013 3392 55)
1035 3319 1092 3375 τῶν
1111 3320 1195 3394 τρῶν
1214 3336 1298 3394 προς-
1338 3315 1458 3371 excidit.
1499 3315 1556 3382 Qui
1577 3331 1647 3371 varo
1668 3315 1798 3388 ordinat,
1828 3330 2008 3387 perannum
2035 3329 2054 3368 a
2073 3330 2158 3372 sacro
2179 3316 2240 3372 mi-

400 3399 498 3477 ῶπων,
525 3409 553 3464 ον’
573 3398 609 3463 τά
630 3404 676 3480 55)
702 3405 875 3482 ψηφίσματα
895 3403 1039 3471 ποιοῦντες
1060 3393 1191 3460 δύνανται
1210 3393 1297 3496 ἕναη
1338 3399 1460 3458 nisterio
1487 3405 1668 3476 removetur,
1701 3399 1744 3457 ita
1770 3403 1803 3458 ut
1829 3400 1986 3458 facultates
2007 3397 2072 3456 eiua
2094 3399 2240 3458 ecclesiae

399 3484 450 3548 δύο
470 3483 543 3568 πρὸς
561 3484 609 3564 την
629 3493 685 3548 τῶν
700 3483 795 3548 τόπων
816 3483 948 3564 εύτιορίαν
965 3487 1161 3562 ψηφίσασθαι
1179 3480 1195 3543 ὁ
1217 3503 1298 3562 παρα

399 3577 491 3633 ταῦτα
510 3571 555 3648 55)
589 3565 827 3651 χειροτονούμενος
858 3571 981 3630 ἐκπίπτει
1007 3571 1057 3645 τῆς
1083 3563 1298 3647 χειροτονίαςὸ

401 3655 431 3716 di
442 3661 604 3736 χειροτονῶν
619 3655 666 3732 55)
679 3657 725 3715 ἐπὶ
735 3649 859 3716 ἐνιαυτὸν
869 3652 1005 3733 χαρίζεται
1027 3653 1068 3728 (ι’.
1080 3651 1237 3731 χωρίζεται)
1251 3651 1299 3726 ⁸⁷)

399 3745 451 3820 τῆς
476 3742 658 3818 λειτουργίας,
693 3745 727 3818 τῇ
754 3741 882 3818 ἐκκλησία
912 3737 1154 3817 προσεινρονμίνης
1168 3735 1215 3816 55)
1250 3739 1300 3816 τῆς

468 4074 536 4132 loa)
557 4064 606 4124 liic
628 4085 752 4123 numeros
774 4073 850 4123 deest
871 4074 899 4123 ιο
922 4070 1028 4124 codiee.
1061 4072 1101 4124 id
1117 4085 1201 4138 marg.
1218 4073 1279 4145 περι
1295 4069 1439 4125 ἐπεσκόπουν
1456 4069 1499 4125 και
1514 4074 1633 4138 μετοχῶν
1649 4073 1692 4126 και
1713 4089 1735 4128 τι
1774 4057 2009 4146 ’ἱερομοτυῗίκαι
2024 4050 2242 4146 μεταμενεμτιρον

401 4131 472 4192 ποτ’.
506 4139 576 4202 iob)
593 4141 672 4190 'l’ituli
689 4143 825 4202 inscriptio
848 4143 887 4190 sic
910 4142 1046 4190 exhibetur
1069 4145 1097 4191 et
1117 4145 1145 4192 in
1162 4141 1367 4205 romaneto.
1402 4141 1470 4206 icc)
1487 4143 1540 4192 Pro
1557 4143 1720 4214 πραιτονριιιν
1761 4145 1827 4195 odax
1845 4144 1922 4192 liabeo
1939 4141 2043 4200 ἰῑιῑοῖ
2057 4143 2117 4194 Not.
2135 4159 2161 4206 p.
2176 4145 2242 4196 etc.

402 4211 453 4260 τῶν
469 4207 630 4280 πραιτονρίοιν
647 4209 749 4256 liabent.
766 4207 811 4271 47)
824 4208 914 4258 Codex
930 4225 952 4257 π
967 4223 1084 4268 ονομιοιν.
1102 4209 1148 4270 48)
1163 4211 1202 4259 dd
1218 4223 1260 4260 mit
1293 4195 1504 4280 .περιψηοισμ.
1522 4198 1781 4276 inioadnmssip'm'.
1799 4208 2004 4262 reinciderat.
2022 4207 2052 4260 ι’.
2086 4209 2132 4272 ia)
2150 4209 2243 4262 Codex

403 4279 477 4327 οὖσα.
529 4277 577 4335 60)
594 4276 685 4326 codex
702 4275 850 4332 διατουπος.
885 4278 927 4324 Aa
944 4225 1109 4326 ύιατυποῦοα
1133 4277 1268 4340 legendum
1308 4279 1386 4328 Fabr.
1409 4275 1538 4328 διοτυποῖ
1551 4276 1587 4328 δι.
1622 4277 1668 4342 oi)
1685 4281 1745 4330 Vox
1763 4277 1787 4329 ελ
1803 4281 1877 4330 deest
1893 4280 1960 4340 apud
1978 4279 2056 4329 rior.
2107 4280 2153 4340 62)
2171 4280 2244 4330 inei-

402 4349 440 4408 pit
462 4345 617 4395 iol.1o.d.
669 4344 714 4404 oo)
739 4343 829 4393 codex
852 4343 921 4392 male
942 4342 1093 4392 ἐπισκόπου.
1117 4343 1225 4394 Leunoi.
1249 4348 1289 4396 sic
1312 4348 1393 4396 vertit
1417 4347 1594 4411 „episcovum
1615 4347 1743 4397 ordinari
1766 4345 1800 4396 σιν
1823 4341 1989 4410 ιμιεεομιε.“
2029 4346 2141 4396 Videtur
2161 4349 2245 4410 igitur

403 4413 500 4477 legisse
523 4411 662 4461 ἐπίσκοπον
690 4411 911 4478 χειροτονηθῆναι
934 4405 987 4461 ύπό
1010 4409 1162 4462 ἐπισκόπων.
1201 4413 1283 4472 Quam
1306 4412 1447 4464 lectionem
1471 4425 1505 4462 ex
1528 4413 1729 4476 interpolatione
1752 4419 1836 4464 ortam
1864 4426 1926 4462 esse
1948 4419 2038 4464 monet
2060 4413 2192 4466 radiolos
2214 4417 2246 4466 ιι

402 4485 473 4531 notis
495 4493 519 4542 p.
539 4480 614 4530 1417.
666 4475 711 4540 oi)
729 4479 807 4527 i'ahr.
832 4478 917 4548 τρισί.
960 4479 1008 4536 oti)
1032 4477 1122 4528 Codex
1145 4481 1327 4548 προκειμένοις.
1380 4481 1425 4544 dd)
1443 4479 1534 4530 Codex
1559 4483 1674 4531 ποιοῦσι.
1691 4482 1798 4532 Rectius
1815 4481 1945 4532 Fabrrrtus
1961 4482 2063 4530 ποιῶσι.
2114 4483 2163 4540 57)
2187 4481 2246 4531 Pro

403 4547 591 4617 μαρτυροῦντες
607 4539 639 4602 ὥς
655 4543 794 4614 γράμματα
812 4544 897 4594 ἴσασιν
914 4546 990 4596 Febr.
1009 4545 1086 4595 hobel
1103 4545 1216 4608 λέγοντες
1237 4546 1265 4596 ίν
1281 4545 1370 4604 αύτοῒς
1386 4541 1419 4604 oli,-
1435 4543 1582 4605 κοινωνικούς
1599 4545 1695 4605 αύτούς
1712 4547 1793 4598 ἴσασι.
1809 4551 1852 4598 Sic
1869 4555 1896 4598 ei
1913 4548 2095 4598 denodavins.
2113 4549 2247 4600 Fortasse

405 4621 540 4678 utromque
557 4619 632 4664 recte
649 4625 680 4662 se
697 4615 783 4662 Ιιειιιει.
817 4615 860 4662 Sic
876 4615 956 4676 igitur
972 4615 1108 4676 scripserit
1129 4613 1206 4663 ιειειιε
1223 4615 1381 4666 dilaniatus
1399 4615 1514 4676 λέγοντες
1530 4611 1558 4663 ιν
1568 4609 1659 4672 αὐτοῖς
1675 4611 1707 4672 ῶς
1717 4611 1882 4672 κοινωνικούς
1899 4614 1951 4677 (sie
1966 4614 2031 4678 leg.)
2048 4611 2146 4674 αύτούς
2163 4615 2248 4678 ἴσασι,

404 4699 489 4751 μαρτυ
521 4683 594 4738 ῦντις
617 4675 649 4738 ὥς
672 4685 722 4729 etc.
761 4681 902 4744 Uimmque
925 4683 993 4730 enirn
1011 4685 1038 4730 in
1061 4681 1129 4729 Nov.
1155 4680 1211 4730 176.
1230 4694 1287 4746 ουρ.
1306 4683 1330 4732 1.
1349 4682 1474 4732 refertor.
1508 4685 1552 4731 Sic
1568 4689 1642 4733 certe
1661 4683 1762 4746 qrridern
1780 4692 1806 4732 ei
1822 4683 1887 4734 cod.
1906 4683 1957 4744 x.,
1974 4687 2015 4746 qui
2033 4690 2121 4734 tannen
2139 4697 2174 4733 ex
2191 4684 2249 4736 nita

404 4749 489 4800 Nove!
500 4763 572 4799 ιιιιιιιι
590 4749 745 4798 collectione
762 4749 848 4796 iausit
870 4747 915 4796 ioi.
935 4747 993 4798 158.
1012 4747 1037 4796 οἱ
1053 4747 1166 4816 κληρικολ
1183 4747 1226 4797 καλ
1248 4747 1275 4798 οἱ
1296 4749 1394 4817 πρῶτον
1417 4751 1463 4813 τῆς
1480 4749 1576 4806 πόλεως
1591 4751 1761 4820 προκειμένοιν
1777 4752 1827 4800 τῶν
1844 4743 1923 4812 ἆγλιιν
1940 4745 2091 4811 εὐαγγελίων
2108 4749 2153 4801 tut
2163 4753 2249 4820 τριῶν

405 4835 425 4868 π
441 4813 542 4875 οςώπων
559 4815 589 4865 τὸ
613 4813 732 4881 apocope
756 4815 910 4864 ποιείτωσαν
927 4816 977 4863 τῶν
997 4813 1142 4865 taionem
1164 4813 1308 4876 ὀμνύοντες,
1325 4809 1358 4871 alc
1375 4813 1406 4865 ού
1423 4813 1540 4866 διδόαύιν
1557 4813 1616 4866 odda*
1638 4814 1674 4866 δι’
1700 4814 1747 4867 ἄλλ
1766 4837 1780 4865 ν
1801 4815 1862 4866 τινὰ
1885 4815 2068 4899 προςπάθεναν
2091 4815 2249 4875 ἐπελέξαντο

405 4883 513 4946 αυτούς,
539 4880 593 4934 ἀλλ’
618 4879 649 4938 ὡς
672 4879 767 4938 εἰδότες
788 4877 883 4937 αύτούς
914 4877 992 4938 ὄντας
1019 4882 1065 4966 της
1086 4883 1228 4948 καθολικῆς
1252 4881 1382 4948 ἐκκλησίας
1404 4883 1446 4932 καὶ
1463 4883 1557 4942 σεμνοῦ
1578 4883 1637 4948 βίον
1654 4883 1697 4933 καὶ
1713 4880 1778 4956 ύπερ
1795 4879 1831 4934 τιν’
1854 4901 1993 4970 τριακοντοι
2010 4885 2055 4948 ἔτη
2073 4885 2116 4934 καὶ
2132 4881 2165 4943 ὥς
2182 4881 2250 4936 οὔτε

405 4949 518 5018 γαμετὴν
535 4948 595 5002 οὔτε
612 4947 707 5005 παῖδας
725 4950 806 5011 ἔσχον,
823 4947 876 4998 ἀλλ’
896 4943 945 5010 ὅτι,
963 4947 988 4999 εἰ
1009 4967 1052 4999 κατ
1069 4949 1142 5014 ἴσχον
1158 4947 1286 5014 γαμετήν,
1303 4948 1366 5009 μίαν
1382 4951 1463 5016 μόνην
1480 4948 1506 5000 ἐκ
1527 4949 1674 5018 παρθενίας
1694 4951 1780 5002 οἴδασι
1797 4952 1840 5001 καὶ
1856 4969 1888 5002 ου
1901 4949 1986 5021 χήραν
2002 4947 2061 5002 ούύύ
2079 4949 2251 5016 eutropes?-

406 5039 454 5069 παν
470 5017 575 5088 ἀνδρός,
593 5013 660 5066 ἀλλὰ
678 5013 721 5064 καὶ
737 5016 792 5074 τοῖς
808 5017 911 5066 κανόσιν
928 5013 986 5082 ἦτοι
1003 5019 1057 5074 τοῖς
1073 5018 1161 5077 νόμοις
1177 5013 1212 5082 μὴ
1229 5013 1440 5086 ἀπηγορευμίνην
1456 5019 1500 5068 καὶ
1516 5015 1548 5068 ού
1560 5020 1713 5085 ταξεωτικης
1730 5015 1790 5070 odra
1806 5019 1971 5084 βουλευτικῆς
1986 5017 2067 5084 τύχης
2084 5015 2156 5080 εἰσιν,
2174 5017 2199 5069 εἰ
2207 5015 2250 5104 μη

406 5085 456 5156 ἄρα
474 5083 507 5136 τὰ
527 5089 549 5142 ῖς
568 5087 612 5150 ἔτη
636 5081 788 5139 ἀνελλειπῶς
810 5081 936 5150 ἐποίησαν
959 5081 994 5140 είς
1015 5082 1185 5154 μοναστὴρια.
1220 5085 1243 5134 Α
1266 5087 1353 5135 nostrl
1375 5085 1479 5135 Codicis
1501 5085 1615 5136 lectione
1638 5093 1690 5136 etot
1711 5094 1739 5136 cl
1760 5087 1827 5138 Nor.
1847 5087 1904 5137 12³.
1928 5100 1985 5148 cop.
2007 5087 2028 5136 l.
2079 5084 2126 5150 58)
2149 5089 2202 5138 Pro
2231 5107 2251 5154 η

358 5184 362 5191 -
405 5147 675 5204 1“κιι.ιιοινειοῦτε.
726 5149 772 5213 oo)
790 5151 919 5200 Fabroius
941 5148 1056 5204 συζῶαιν.
1074 5151 1166 5202 Codex
1188 5146 1237 5201 σύν
1259 5147 1341 5206 ζῶσιν.
1397 5153 1444 5208 60)
1462 5153 1552 5204 Codex
1575 5154 1653 5203 hahet
1673 5155 1739 5211 κιτις
1761 5167 1808 5216 pro
1829 5153 1872 5203 καί
1895 5171 1944 5211 τις.
2001 5151 2047 5217 oi)
2063 5153 2117 5204 Pro
2133 5153 2252 5214 ταύταις

407 5219 554 5284 συνῴκησαν
571 5219 662 5270 Codex
684 5219 762 5266 hobel
783 5217 880 5283 ταύτης
902 5217 1057 5284 συνώκησεν,
1079 5220 1211 5269 radiolos
1231 5217 1315 5286 ταύτῃ
1339 5216 1495 5286 συνῴκησαν.
1536 5218 1651 5278 Ταύταις
1668 5225 1777 5286 scripsi,
1800 5235 1858 5272 oiim
1881 5224 1909 5270 iu
1929 5219 1992 5278 εἴτις
2008 5223 2072 5272 lodii
2087 5221 2253 5274 collectivus

406 5301 540 5338 naimarus.
590 5285 635 5350 62)
657 5287 695 5334 ild
720 5298 801 5348 marg.
825 5285 853 5354 γῖ
873 5286 932 5354 περὶ
954 5287 1085 5342 ταεευτῶν
1105 5287 1147 5335 και
1168 5286 1321 5350 βουλευτῶν.
1371 5285 1417 5350 66)
1439 5289 1568 5339 Fabrotus
1590 5283 1629 5339 ιε’.
1647 5288 1738 5339 Codex
1761 5289 1837 5340 πιντι
1861 5287 1904 5337 και
1927 5285 1996 5338 dana.
2053 5287 2098 5352 64)
2116 5290 2182 5340 Post
2198 5289 2254 5356 ι’τη

408 5359 445 5405 ιιι.
463 5355 488 5402 8.
507 5361 588 5416 parat.
608 5355 633 5412 S.
651 5353 677 5402 2.
701 5354 796 5402 addunt
819 5351 1020 5418 άνιπιιημπτυς.
1071 5351 1117 5416 oo)
1141 5353 1193 5404 Pro
1211 5350 1400 5418 imperciens,
1426 5356 1493 5420 quod
1514 5361 1556 5406 est
1572 5357 1638 5419 apud
1655 5357 1812 5418 Reiectum,
1842 5355 1933 5406 Codex
1956 5351 2013 5420 ιτὴς
2036 5353 2098 5420 (aio)
2120 5355 2253 5418 μονάσας.

408 5421 453 5480 66)
471 5420 484 5469 d
504 5423 578 5470 deest
594 5421 661 5482 apud
678 5419 827 5470 Fabroiuoi.
862 5423 901 5470 id
923 5435 1006 5484 marg.
1027 5417 1060 5482 γ’.
1084 5419 1145 5490 περὶ
1159 5440 1178 5483 χ
1194 5421 1262 5471 droa.
1314 5419 1359 5485 67)
1376 5421 1453 5472 Faba.
1475 5417 1567 5490 ἧττον.
1619 5421 1757 5484 oe)l‹*abr.
1781 5421 2046 5474 iado.bean01aviua
2072 5421 2252 5490 „trtpmtffl

407 5491 493 5538 liniet.
511 5487 596 5537 Notati.
616 5487 718 5548 11240.
735 5487 839 5538 anidani
856 5483 1003 5553 ούχῆττοιν
1018 5484 1158 5558 τριάκοντα
1177 5438 1308 5537 domator.
1359 5485 1402 5551 oo)
1421 5493 1454 5540 ad
1472 5503 1554 5554 morg-
1571 5489 1675 5540 Codicis
1691 5489 1724 5554 γύ.
1742 5490 1802 5559 περὶ
1818 5489 1919 5540 λαικιύν.
1970 5489 2016 5555 70)
2032 5493 2069 5556 τῷ
2085 5492 2162 5542 deest
2178 5493 2257 5554 opud

408 5557 558 5607 l'aorotum.
592 5551 636 5616 71)
658 5556 814 5622 προαγίσθω
831 5557 898 5618 apud
914 5557 1063 5605 Fabiorum.
1098 5557 1141 5604 Sic
1157 5560 1185 5604 ei
1200 5555 1306 5606 ιιεαοοι.
1324 5555 1375 5606 Tit.
1393 5555 1418 5607 i.
1435 5563 1519 5606 const.
1539 5557 1562 5606 1.
1580 5554 1722 5622 ἐπισκοπὴν
1739 5557 1917 5628 προςαγιοθνι.
1951 5559 2051 5608 Variam
2066 5571 2118 5610 nec
2135 5559 2257 5610 aiterum

408 5623 578 5672 ditmnaiidunr
601 5627 650 5672 eal.
673 5624 723 5674 rit.
748 5623 771 5672 i.
796 5629 880 5672 consi.
905 5622 928 5672 l.
951 5623 1121 5690 προςογίσθιυ
1145 5618 1181 5675 τίς
1201 5622 1372 5687 χειροτονίαν.
1417 5625 1462 5686 72)
1479 5625 1609 5674 Fabiolae
1626 5619 1773 5675 ἐπίσκοπον.
1816 5623 1861 5686 73)
1877 5625 1968 5677 Codex
1985 5627 2061 5676 nim
2078 5625 2122 5676 καὶ
2138 5623 2255 5695 δεκαετῆ

407 5687 527 5752 μονάσας.
546 5691 675 5740 cabrotoe
692 5687 828 5739 δεκοπίντε
846 5690 890 5752 ε’τη
907 5687 1031 5749 μονάσας.
1066 5691 1105 5740 ild
1129 5701 1211 5752 marg.
1227 5691 1263 5752 βλ.
1286 5687 1321 5740 α’.
1339 5693 1372 5740 τί.
1391 5687 1424 5753 γ’.
1446 5692 1494 5740 τού
1516 5687 1573 5738 aud.
1624 5689 1670 5754 74)
1687 5691 1751 5746 onst
1773 5692 1818 5759 ἔτη
1836 5698 1867 5744 ιιι
1897 5695 1934 5742 io.
1954 5699 2038 5743 conat.
2056 5693 2082 5744 1.
2099 5695 2170 5744 addit
2186 5691 2256 5745 ἀνε-

410 5755 566 5822 πιλὴμπτυις.
617 5758 664 5820 75)
687 5759 782 5819 incipit
807 5757 851 5807 roi
871 5757 911 5806 ia.
930 5759 958 5806 o.
1008 5753 1366 5826 76)1“ει1)τ.ίλευθερούται.
1417 5759 1462 5821 77)
1479 5758 1531 5808 Pro
1555 5755 1586 5808 τύ
1603 5757 1694 5809 Codex
1710 5761 1787 5811 habet
1802 5763 1847 5826 τῷ.
1898 5759 1942 5824 78)
1959 5761 2050 5849 Οιηύοῐ
2072 5756 2258 5832 ἦμισυτίταρ-

408 5845 454 5875 τον
472 5895 480 5904 .
497 5827 542 5884 rc)
559 5823 647 5876 Codex
663 5825 743 5892 βουλῇ
756 5825 847 5898 pubet.
880 5823 928 5886 80)
945 5825 984 5874 ild
1001 5835 1085 5888 marg.
1103 5823 1208 5874 codicis
1230 5824 1291 5892 περι
1311 5825 1360 5874 τοῦ
1380 5825 1445 5874 πότε
1467 5824 1510 5874 καλ
1534 5813 1632 5890 ψηφιομ
1653 5827 1728 5892 χωρὶς
1750 5825 1860 5889 ίπαδιας
1881 5845 1996 5898 πατριαρ
2027 5845 2144 5898 χειροτον
2162 5825 2178 5894 ἢ
2195 5849 2258 5897 μη-

409 5906 499 5996 τρυπθ.
549 5908 593 5969 81)
611 5905 627 5975 ἢ
645 5908 659 5958 ὁ
676 5905 866 5974 μητροποιίκης
882 5914 924 5957 est
939 5911 966 5958 io
984 5907 1070 5958 Notat.
1089 5924 1114 5971 p.
1131 5907 1194 5957 aio.
1244 5905 1288 5970 82)
1306 5907 1358 5958 Pro
1376 5901 1405 5956 ύν
1422 5908 1513 5960 Codex
1538 5909 1616 5960 habet
1637 5903 1675 5960 ὄν.
1725 5909 1770 5973 iil)
1788 5911 1840 5962 Pro
1862 5908 1887 5961 εί
1907 5913 1954 5973 μιν
1970 5908 2099 5982 άπορούιιι
2115 5913 2261 5964 θκιεοιαει

408 5999 432 6057 ει
447 5975 482 6044 με)
501 5976 648 6047 ιε’ποροῠσι.
699 5975 747 6039 84)
765 5975 865 6024 Vocem
890 5971 924 6024 τά
940 5977 1070 6068 ιεἀιιχοιιιε
1087 5979 1193 6028 οιαιιιιι.
1243 5973 1290 6036 85)
1314 5977 1354 6026 id
1376 5989 1459 6057 littarg5
1482 5975 1542 6044 περὶ
1564 5971 1709 6035 ίκπτύσειις
1730 5977 1773 6028 καλ
1792 5965 1968 6049 λεςζονργητίς
1984 5979 2046 6046 (leg.
2063 5980 2259 6080 λειτουργίας.)

405 6047 451 6114 iio)
468 6048 559 6099 Codex
572 6041 730 6113 χιιροτονόν.
780 6041 825 6106 87)
842 6043 920 6092 Febr.
936 6060 1078 6113 χοιριαται.
1129 6041 1174 6108 88)
1198 6042 1290 6094 Codex
1312 6057 1540 6114 προσκυρονμενος.
1591 6041 1621 6109 ’5)
1637 6046 1745 6097 hennei.
1761 6047 1833 6098 addit
1851 6051 1904 6113 „et
1918 6061 1989 6113 ιχιιιιτ
2004 6045 2149 6117 ιιτιειοιχνε.5

2091 6218 2117 6254 A
