<?xml version="1.0" encoding="UTF-8"?>
<!DOCTYPE html PUBLIC "-//W3C//DTD XHTML 1.0 Transitional//EN"
    "http://www.w3.org/TR/xhtml1/DTD/xhtml1-transitional.dtd">
<html xmlns="http://www.w3.org/1999/xhtml" xml:lang="en" lang="en">
 <head>
  <title>
</title>
<meta http-equiv="Content-Type" content="text/html;charset=utf-8" />
  <meta name='ocr-system' content='tesseract 3.04.00' />
  <meta name='ocr-capabilities' content='ocr_page ocr_carea ocr_par ocr_line ocrx_word'/>
</head>
<body>
  <div class='ocr_page' id='page_1' title='image "./anekdotaexcodic00theogoog/anekdotaexcodic00theogoog_0753.png"; bbox 0 0 4824 7048; ppageno 0'>
   <div class='ocr_carea' id='block_1_1' title="bbox 770 501 1802 578">
    <p class='ocr_par' dir='ltr' id='par_1_1' title="bbox 770 501 1802 578">
     <span class='ocr_line' id='line_1_1' title="bbox 770 501 1802 578; baseline -0.001 -6"><span class='ocrx_word' id='word_1_1' title='bbox 770 505 1025 576; x_wconf 80' lang='lat' dir='ltr'><strong>NOVELLAE</strong></span> <span class='ocrx_word' id='word_1_2' title='bbox 1046 501 1389 578; x_wconf 79' lang='lat' dir='ltr'><strong>IMPERATORUM</strong></span> <span class='ocrx_word' id='word_1_3' title='bbox 1410 501 1802 576; x_wconf 80' lang='lat' dir='ltr'><strong>BYZANTlNORUM.</strong></span> 
     </span>
    </p>
   </div>
   <div class='ocr_carea' id='block_1_2' title="bbox 347 507 427 578">
    <p class='ocr_par' dir='ltr' id='par_1_2' title="bbox 347 507 427 578">
     <span class='ocr_line' id='line_1_2' title="bbox 347 507 427 578; baseline -0.025 0"><span class='ocrx_word' id='word_1_4' title='bbox 347 507 427 578; x_wconf 69' lang='grc'><em>282</em></span> 
     </span>
    </p>
   </div>
   <div class='ocr_carea' id='block_1_3' title="bbox 349 693 2232 1476">
    <p class='ocr_par' dir='ltr' id='par_1_3' title="bbox 349 693 2232 1458">
     <span class='ocr_line' id='line_1_3' title="bbox 351 693 2230 801; baseline 0 -41"><span class='ocrx_word' id='word_1_5' title='bbox 351 721 441 762; x_wconf 85' lang='grc' dir='ltr'><em>σαντα</em></span> <span class='ocrx_word' id='word_1_6' title='bbox 462 703 504 776; x_wconf 78' lang='grc' dir='ltr'><em>τῷ</em></span> <span class='ocrx_word' id='word_1_7' title='bbox 525 701 617 776; x_wconf 79' lang='grc' dir='ltr'><em>καλῷ,</em></span> <span class='ocrx_word' id='word_1_8' title='bbox 645 698 714 801; x_wconf 77' lang='grc' dir='ltr'><em>μηδὲ</em></span> <span class='ocrx_word' id='word_1_9' title='bbox 734 693 810 760; x_wconf 87' lang='grc' dir='ltr'><em>κατά</em></span> <span class='ocrx_word' id='word_1_10' title='bbox 832 701 928 779; x_wconf 74' lang='grc' dir='ltr'><em>τίγνην</em></span> <span class='ocrx_word' id='word_1_11' title='bbox 948 696 1068 794; x_wconf 83' lang='grc' dir='ltr'><em>ἀρίστης</em></span> <span class='ocrx_word' id='word_1_12' title='bbox 1089 699 1260 796; x_wconf 75' lang='grc' dir='ltr'><em>οἰκονομίας,</em></span> <span class='ocrx_word' id='word_1_13' title='bbox 1312 699 1383 752; x_wconf 88' lang='lat' dir='ltr'><strong>sunt</strong></span> <span class='ocrx_word' id='word_1_14' title='bbox 1405 695 1508 768; x_wconf 85' lang='lat' dir='ltr'><strong>pulcra</strong></span> <span class='ocrx_word' id='word_1_15' title='bbox 1528 713 1571 772; x_wconf 90' lang='lat' dir='ltr'><em>re,</em></span> <span class='ocrx_word' id='word_1_16' title='bbox 1594 701 1863 770; x_wconf 82' lang='lat' dir='ltr'><strong>nequesecundum</strong></span> <span class='ocrx_word' id='word_1_17' title='bbox 1885 701 2014 774; x_wconf 90' lang='lat' dir='ltr'><strong>optimae</strong></span> <span class='ocrx_word' id='word_1_18' title='bbox 2035 701 2230 760; x_wconf 84' lang='lat' dir='ltr'><strong>administra-</strong></span> 
     </span>
     <span class='ocr_line' id='line_1_4' title="bbox 352 776 2231 888; baseline 0 -44"><span class='ocrx_word' id='word_1_19' title='bbox 352 781 426 846; x_wconf 88' lang='grc' dir='ltr'><em>ἀλλά</em></span> <span class='ocrx_word' id='word_1_20' title='bbox 457 779 531 845; x_wconf 88' lang='grc' dir='ltr'><em>κατά</em></span> <span class='ocrx_word' id='word_1_21' title='bbox 558 788 652 888; x_wconf 80' lang='grc' dir='ltr'><em>ψυχῆς</em></span> <span class='ocrx_word' id='word_1_22' title='bbox 672 777 797 846; x_wconf 89' lang='grc' dir='ltr'><em>άτακτον</em></span> <span class='ocrx_word' id='word_1_23' title='bbox 818 787 988 884; x_wconf 78' lang='grc' dir='ltr'><em>θηριωδάιν,</em></span> <span class='ocrx_word' id='word_1_24' title='bbox 1019 781 1070 844; x_wconf 88' lang='grc' dir='ltr'><em>τὸν</em></span> <span class='ocrx_word' id='word_1_25' title='bbox 1091 784 1160 855; x_wconf 87' lang='grc' dir='ltr'><em>ίσως</em></span> <span class='ocrx_word' id='word_1_26' title='bbox 1181 776 1262 856; x_wconf 80' lang='grc' dir='ltr'><em>ἀξιον</em></span> <span class='ocrx_word' id='word_1_27' title='bbox 1312 780 1402 838; x_wconf 84' lang='lat' dir='ltr'><strong>lionis</strong></span> <span class='ocrx_word' id='word_1_28' title='bbox 1424 787 1526 850; x_wconf 88' lang='lat' dir='ltr'><strong>artem,</strong></span> <span class='ocrx_word' id='word_1_29' title='bbox 1555 784 1619 857; x_wconf 87' lang='lat' dir='ltr'><strong>sed,</strong></span> <span class='ocrx_word' id='word_1_30' title='bbox 1648 786 1810 842; x_wconf 75' lang='lat' dir='ltr'><strong>secundum</strong></span> <span class='ocrx_word' id='word_1_31' title='bbox 1832 786 2017 842; x_wconf 83' lang='lat' dir='ltr'><strong>temerariam</strong></span> <span class='ocrx_word' id='word_1_32' title='bbox 2039 789 2130 844; x_wconf 86' lang='lat' dir='ltr'><strong>animi</strong></span> <span class='ocrx_word' id='word_1_33' title='bbox 2154 789 2231 844; x_wconf 87' lang='lat' dir='ltr'><strong>feri·</strong></span> 
     </span>
     <span class='ocr_line' id='line_1_5' title="bbox 350 859 2231 972; baseline -0.002 -41"><span class='ocrx_word' id='word_1_34' title='bbox 350 875 401 946; x_wconf 86' lang='grc' dir='ltr'><em>τῆς</em></span> <span class='ocrx_word' id='word_1_35' title='bbox 431 865 477 929; x_wconf 81' lang='grc' dir='ltr'><em>διά</em></span> <span class='ocrx_word' id='word_1_36' title='bbox 504 865 621 948; x_wconf 80' lang='grc' dir='ltr'><em>σιθῆρου</em></span> <span class='ocrx_word' id='word_1_37' title='bbox 646 871 760 972; x_wconf 82' lang='grc' dir='ltr'><em>πληγῆς</em></span> <span class='ocrx_word' id='word_1_38' title='bbox 780 864 1003 946; x_wconf 78' lang='grc' dir='ltr'><strong><em>κατειργάσαντο</em></strong></span> <span class='ocrx_word' id='word_1_39' title='bbox 1030 859 1197 948; x_wconf 86' lang='grc' dir='ltr'><em>ἀνθρωπον.</em></span> <span class='ocrx_word' id='word_1_40' title='bbox 1219 899 1263 912; x_wconf 89' lang='lat'><em>-·</em></span> <span class='ocrx_word' id='word_1_41' title='bbox 1312 869 1418 939; x_wconf 82' lang='lat' dir='ltr'><strong>tatem,</strong></span> <span class='ocrx_word' id='word_1_42' title='bbox 1449 868 1611 938; x_wconf 89' lang='lat' dir='ltr'><strong>hominem,</strong></span> <span class='ocrx_word' id='word_1_43' title='bbox 1634 868 1758 943; x_wconf 81' lang='lat' dir='ltr'><strong>dignum</strong></span> <span class='ocrx_word' id='word_1_44' title='bbox 1780 873 1911 927; x_wconf 89' lang='lat' dir='ltr'><strong>fortasse</strong></span> <span class='ocrx_word' id='word_1_45' title='bbox 1932 871 2006 927; x_wconf 90' lang='lat' dir='ltr'><strong>ferri</strong></span> <span class='ocrx_word' id='word_1_46' title='bbox 2027 872 2133 946; x_wconf 84' lang='lat' dir='ltr'><strong>plaga,</strong></span> <span class='ocrx_word' id='word_1_47' title='bbox 2155 887 2231 930; x_wconf 91' lang='lat' dir='ltr'><strong>con-</strong></span> 
     </span>
     <span class='ocr_line' id='line_1_6' title="bbox 352 947 2232 1054; baseline 0.002 -41"><span class='ocrx_word' id='word_1_48' title='bbox 352 955 464 1032; x_wconf 83' lang='lat' dir='ltr'><strong>[caput</strong></span> <span class='ocrx_word' id='word_1_49' title='bbox 485 953 530 1030; x_wconf 55' lang='grc' dir='ltr'><em>λ]</em></span> <span class='ocrx_word' id='word_1_50' title='bbox 571 951 652 1015; x_wconf 85' lang='grc' dir='ltr'><em>Ἀλλ’</em></span> <span class='ocrx_word' id='word_1_51' title='bbox 676 947 737 1014; x_wconf 83' lang='grc' dir='ltr'><em>οἶόν</em></span> <span class='ocrx_word' id='word_1_52' title='bbox 764 976 800 1032; x_wconf 86' lang='grc' dir='ltr'><em>μι</em></span> <span class='ocrx_word' id='word_1_53' title='bbox 827 956 875 1012; x_wconf 83' lang='grc' dir='ltr'><em>καλ</em></span> <span class='ocrx_word' id='word_1_54' title='bbox 907 959 993 1012; x_wconf 89' lang='grc' dir='ltr'><em>τοιλτσ</em></span> <span class='ocrx_word' id='word_1_55' title='bbox 1020 956 1107 1014; x_wconf 72' lang='grc' dir='ltr'><em>εἰπεῖν</em></span> <span class='ocrx_word' id='word_1_56' title='bbox 1142 954 1261 1054; x_wconf 76' lang='grc' dir='ltr'><em>ἐηῆλθι,</em></span> <span class='ocrx_word' id='word_1_57' title='bbox 1313 953 1457 1008; x_wconf 73' lang='lat' dir='ltr'><strong>fecerunt·</strong></span> <span class='ocrx_word' id='word_1_58' title='bbox 1486 983 1529 995; x_wconf 87' lang='lat'><em>-</em></span> <span class='ocrx_word' id='word_1_59' title='bbox 1571 952 1693 1050; x_wconf 70' lang='grc' dir='ltr'><em>(θυμοί</em></span> <span class='ocrx_word' id='word_1_60' title='bbox 1719 952 1769 1034; x_wconf 77' lang='grc'><em>2.)</em></span> <span class='ocrx_word' id='word_1_61' title='bbox 1813 955 1873 1012; x_wconf 87' lang='lat' dir='ltr'><em>Sed</em></span> <span class='ocrx_word' id='word_1_62' title='bbox 1903 957 2030 1028; x_wconf 87' lang='lat' dir='ltr'><strong>exempli</strong></span> <span class='ocrx_word' id='word_1_63' title='bbox 2059 973 2153 1014; x_wconf 86' lang='lat' dir='ltr'><strong>causa</strong></span> <span class='ocrx_word' id='word_1_64' title='bbox 2175 959 2232 1016; x_wconf 86' lang='lat' dir='ltr'><em>hoo</em></span> 
     </span>
     <span class='ocr_line' id='line_1_7' title="bbox 353 1032 2231 1138; baseline -0.001 -40"><span class='ocrx_word' id='word_1_65' title='bbox 353 1041 401 1098; x_wconf 87' lang='grc' dir='ltr'><em>ιιαλ</em></span> <span class='ocrx_word' id='word_1_66' title='bbox 440 1033 588 1136; x_wconf 74' lang='grc' dir='ltr'><em>βασιλικὴν</em></span> <span class='ocrx_word' id='word_1_67' title='bbox 628 1042 670 1112; x_wconf 80' lang='grc' dir='ltr'><em>τῆ</em></span> <span class='ocrx_word' id='word_1_68' title='bbox 706 1032 782 1116; x_wconf 82' lang='grc' dir='ltr'><em>λόγῳ</em></span> <span class='ocrx_word' id='word_1_69' title='bbox 819 1033 1034 1138; x_wconf 81' lang='grc' dir='ltr'><em>προσαναμῑξαι</em></span> <span class='ocrx_word' id='word_1_70' title='bbox 1071 1033 1262 1135; x_wconf 72' lang='grc' dir='ltr'><em>προμήθειαν.</em></span> <span class='ocrx_word' id='word_1_71' title='bbox 1313 1051 1430 1106; x_wconf 79' lang='lat' dir='ltr'><strong>quoque</strong></span> <span class='ocrx_word' id='word_1_72' title='bbox 1452 1037 1553 1093; x_wconf 91' lang='lat' dir='ltr'><strong>dicere</strong></span> <span class='ocrx_word' id='word_1_73' title='bbox 1575 1041 1702 1094; x_wconf 89' lang='lat' dir='ltr'><strong>animum</strong></span> <span class='ocrx_word' id='word_1_74' title='bbox 1727 1055 1820 1096; x_wconf 87' lang='lat' dir='ltr'><strong>meum</strong></span> <span class='ocrx_word' id='word_1_75' title='bbox 1843 1042 1939 1110; x_wconf 80' lang='lat' dir='ltr'><strong>subit,</strong></span> <span class='ocrx_word' id='word_1_76' title='bbox 1966 1047 2000 1096; x_wconf 91' lang='lat' dir='ltr'><strong>ut</strong></span> <span class='ocrx_word' id='word_1_77' title='bbox 2021 1042 2137 1116; x_wconf 78' lang='lat' dir='ltr'><strong>regiam</strong></span> <span class='ocrx_word' id='word_1_78' title='bbox 2160 1058 2231 1099; x_wconf 87' lang='lat' dir='ltr'><strong>ora-</strong></span> 
     </span>
     <span class='ocr_line' id='line_1_8' title="bbox 350 1117 2230 1218; baseline 0.001 -36"><span class='ocrx_word' id='word_1_79' title='bbox 350 1119 484 1204; x_wconf 85' lang='grc' dir='ltr'><em>Πράγμά</em></span> <span class='ocrx_word' id='word_1_80' title='bbox 511 1145 538 1183; x_wconf 92' lang='grc' dir='ltr'><em>τι</em></span> <span class='ocrx_word' id='word_1_81' title='bbox 565 1122 731 1218; x_wconf 81' lang='grc' dir='ltr'><em>καινοφαιλς</em></span> <span class='ocrx_word' id='word_1_82' title='bbox 764 1125 822 1182; x_wconf 85' lang='grc' dir='ltr'><em>τιλν</em></span> <span class='ocrx_word' id='word_1_83' title='bbox 856 1117 1022 1200; x_wconf 73' lang='grc' dir='ltr'><em>ἀνακτόρων</em></span> <span class='ocrx_word' id='word_1_84' title='bbox 1058 1121 1139 1194; x_wconf 79' lang='grc' dir='ltr'><em>λιτὸς</em></span> <span class='ocrx_word' id='word_1_85' title='bbox 1173 1120 1263 1184; x_wconf 82' lang='grc' dir='ltr'><em>ι’λαθι</em></span> <span class='ocrx_word' id='word_1_86' title='bbox 1314 1121 1388 1176; x_wconf 89' lang='lat' dir='ltr'><strong>tioni</strong></span> <span class='ocrx_word' id='word_1_87' title='bbox 1416 1122 1615 1196; x_wconf 82' lang='lat' dir='ltr'><strong>adiungamus</strong></span> <span class='ocrx_word' id='word_1_88' title='bbox 1643 1124 1868 1194; x_wconf 85' lang='lat' dir='ltr'><strong>providentiam.</strong></span> <span class='ocrx_word' id='word_1_89' title='bbox 1916 1126 2048 1182; x_wconf 75' lang='lat' dir='ltr'><strong>Facinus</strong></span> <span class='ocrx_word' id='word_1_90' title='bbox 2085 1127 2230 1198; x_wconf 79' lang='lat' dir='ltr'><strong>quoddam</strong></span> 
     </span>
     <span class='ocr_line' id='line_1_9' title="bbox 350 1199 2231 1306; baseline -0.002 -36"><span class='ocrx_word' id='word_1_91' title='bbox 350 1203 549 1287; x_wconf 81' lang='grc' dir='ltr'><em>παριισθιικιλι,</em></span> <span class='ocrx_word' id='word_1_92' title='bbox 569 1199 652 1267; x_wconf 88' lang='grc' dir='ltr'><em>οιλπω</em></span> <span class='ocrx_word' id='word_1_93' title='bbox 672 1202 779 1304; x_wconf 82' lang='grc' dir='ltr'><em>χρόνος</em></span> <span class='ocrx_word' id='word_1_94' title='bbox 793 1201 884 1276; x_wconf 88' lang='grc' dir='ltr'><em>παλιλς</em></span> <span class='ocrx_word' id='word_1_95' title='bbox 905 1203 1021 1277; x_wconf 78' lang='grc' dir='ltr'><em>λξότοιι·</em></span> <span class='ocrx_word' id='word_1_96' title='bbox 1063 1209 1110 1306; x_wconf 78' lang='grc' dir='ltr'><em>καλ</em></span> <span class='ocrx_word' id='word_1_97' title='bbox 1132 1205 1166 1268; x_wconf 87' lang='grc' dir='ltr'><em>τὸ</em></span> <span class='ocrx_word' id='word_1_98' title='bbox 1187 1211 1262 1286; x_wconf 79' lang='grc' dir='ltr'><em>πρά·</em></span> <span class='ocrx_word' id='word_1_99' title='bbox 1314 1220 1422 1264; x_wconf 87' lang='lat' dir='ltr'><strong>novum</strong></span> <span class='ocrx_word' id='word_1_100' title='bbox 1452 1223 1510 1262; x_wconf 92' lang='lat' dir='ltr'><em>non</em></span> <span class='ocrx_word' id='word_1_101' title='bbox 1540 1208 1592 1264; x_wconf 90' lang='lat' dir='ltr'><strong>din</strong></span> <span class='ocrx_word' id='word_1_102' title='bbox 1614 1213 1678 1280; x_wconf 90' lang='lat' dir='ltr'><strong>est,</strong></span> <span class='ocrx_word' id='word_1_103' title='bbox 1708 1209 1786 1279; x_wconf 89' lang='lat' dir='ltr'><strong>quod</strong></span> <span class='ocrx_word' id='word_1_104' title='bbox 1813 1210 1893 1266; x_wconf 89' lang='lat' dir='ltr'><strong>intra</strong></span> <span class='ocrx_word' id='word_1_105' title='bbox 1921 1211 2067 1282; x_wconf 88' lang='lat' dir='ltr'><strong>palatium</strong></span> <span class='ocrx_word' id='word_1_106' title='bbox 2093 1213 2169 1267; x_wconf 85' lang='lat' dir='ltr'><strong>clam</strong></span> <span class='ocrx_word' id='word_1_107' title='bbox 2198 1228 2231 1270; x_wconf 86' lang='lat' dir='ltr'><em>sc</em></span> 
     </span>
     <span class='ocr_line' id='line_1_10' title="bbox 349 1287 2231 1398; baseline -0.002 -44"><span class='ocrx_word' id='word_1_108' title='bbox 349 1316 408 1394; x_wconf 88' lang='grc' dir='ltr'><em>γμα</em></span> <span class='ocrx_word' id='word_1_109' title='bbox 437 1291 476 1363; x_wconf 82' lang='grc' dir='ltr'><em>άς</em></span> <span class='ocrx_word' id='word_1_110' title='bbox 504 1291 553 1370; x_wconf 72' lang='grc' dir='ltr'><em>μὲν</em></span> <span class='ocrx_word' id='word_1_111' title='bbox 574 1296 723 1398; x_wconf 77' lang='grc' dir='ltr'><em>θεομισές,</em></span> <span class='ocrx_word' id='word_1_112' title='bbox 758 1287 850 1360; x_wconf 82' lang='grc' dir='ltr'><em>ολςδ</em></span> <span class='ocrx_word' id='word_1_113' title='bbox 878 1287 979 1362; x_wconf 79' lang='grc' dir='ltr'><em>ἀκοαῖς</em></span> <span class='ocrx_word' id='word_1_114' title='bbox 1008 1287 1183 1393; x_wconf 75' lang='grc' dir='ltr'><em>ειλγνηλμοσιν</em></span> <span class='ocrx_word' id='word_1_115' title='bbox 1209 1289 1261 1352; x_wconf 88' lang='grc' dir='ltr'><em>οιλκ</em></span> <span class='ocrx_word' id='word_1_116' title='bbox 1312 1289 1519 1346; x_wconf 81' lang='lat' dir='ltr'><strong>insinuaverit.</strong></span> <span class='ocrx_word' id='word_1_117' title='bbox 1573 1293 1705 1349; x_wconf 80' lang='lat' dir='ltr'><strong>Facinus</strong></span> <span class='ocrx_word' id='word_1_118' title='bbox 1741 1309 1828 1365; x_wconf 82' lang='lat' dir='ltr'><strong>quana</strong></span> <span class='ocrx_word' id='word_1_119' title='bbox 1860 1297 1924 1351; x_wconf 79' lang='lat' dir='ltr'><strong>lieo</strong></span> <span class='ocrx_word' id='word_1_120' title='bbox 1951 1296 2104 1363; x_wconf 89' lang='lat' dir='ltr'><strong>invisum,</strong></span> <span class='ocrx_word' id='word_1_121' title='bbox 2144 1313 2231 1368; x_wconf 83' lang='lat' dir='ltr'><strong>qnam</strong></span> 
     </span>
     <span class='ocr_line' id='line_1_11' title="bbox 350 1370 2232 1476; baseline -0.001 -36"><span class='ocrx_word' id='word_1_122' title='bbox 350 1372 525 1476; x_wconf 79' lang='grc' dir='ltr'><em>ἀνασχετόν,</em></span> <span class='ocrx_word' id='word_1_123' title='bbox 549 1378 596 1436; x_wconf 85' lang='grc' dir='ltr'><em>καλ</em></span> <span class='ocrx_word' id='word_1_124' title='bbox 617 1374 643 1436; x_wconf 89' lang='grc' dir='ltr'><em>ιί</em></span> <span class='ocrx_word' id='word_1_125' title='bbox 649 1378 850 1454; x_wconf 77' lang='grc' dir='ltr'><em>’ἐπιτρίγοιτι</em></span> <span class='ocrx_word' id='word_1_126' title='bbox 870 1370 983 1476; x_wconf 80' lang='grc' dir='ltr'><em>λόγῳ</em></span> <span class='ocrx_word' id='word_1_127' title='bbox 968 1382 1038 1453; x_wconf 84' lang='grc' dir='ltr'><em>εριιλ,</em></span> <span class='ocrx_word' id='word_1_128' title='bbox 1060 1373 1100 1448; x_wconf 84' lang='grc' dir='ltr'><em>ώς</em></span> <span class='ocrx_word' id='word_1_129' title='bbox 1122 1371 1170 1436; x_wconf 79' lang='grc' dir='ltr'><em>διά</em></span> <span class='ocrx_word' id='word_1_130' title='bbox 1190 1372 1260 1438; x_wconf 80' lang='grc' dir='ltr'><em>πάι·</em></span> <span class='ocrx_word' id='word_1_131' title='bbox 1311 1376 1434 1432; x_wconf 89' lang='lat' dir='ltr'><strong>auribus</strong></span> <span class='ocrx_word' id='word_1_132' title='bbox 1456 1377 1611 1433; x_wconf 76' lang='lat' dir='ltr'><strong>benevolis</strong></span> <span class='ocrx_word' id='word_1_133' title='bbox 1639 1378 1843 1452; x_wconf 75' lang='lat' dir='ltr'><strong>intolerabile,</strong></span> <span class='ocrx_word' id='word_1_134' title='bbox 1871 1385 1902 1436; x_wconf 89' lang='lat' dir='ltr'><em>et</em></span> <span class='ocrx_word' id='word_1_135' title='bbox 1923 1383 1957 1436; x_wconf 89' lang='lat' dir='ltr'><strong>ut</strong></span> <span class='ocrx_word' id='word_1_136' title='bbox 1983 1395 2044 1436; x_wconf 91' lang='lat' dir='ltr'><em>nno</em></span> <span class='ocrx_word' id='word_1_137' title='bbox 2068 1381 2157 1438; x_wconf 90' lang='lat' dir='ltr'><strong>verbo</strong></span> <span class='ocrx_word' id='word_1_138' title='bbox 2180 1381 2232 1438; x_wconf 93' lang='lat' dir='ltr'><em>di-</em></span> 
     </span>
    </p>
   </div>
   <div class='ocr_carea' id='block_1_4' title="bbox 341 1456 1265 4188">
    <p class='ocr_par' dir='ltr' id='par_1_4' title="bbox 342 1456 1265 3994">
     <span class='ocr_line' id='line_1_12' title="bbox 349 1456 1260 1560; baseline -0.003 -37"><span class='ocrx_word' id='word_1_139' title='bbox 349 1484 406 1523; x_wconf 93' lang='grc' dir='ltr'><em>των</em></span> <span class='ocrx_word' id='word_1_140' title='bbox 427 1457 508 1540; x_wconf 88' lang='grc' dir='ltr'><em>παρά</em></span> <span class='ocrx_word' id='word_1_141' title='bbox 528 1465 602 1522; x_wconf 79' lang='grc' dir='ltr'><em>πᾶσι</em></span> <span class='ocrx_word' id='word_1_142' title='bbox 629 1471 688 1530; x_wconf 88' lang='grc' dir='ltr'><em>τοῖς</em></span> <span class='ocrx_word' id='word_1_143' title='bbox 709 1461 871 1560; x_wconf 74' lang='grc' dir='ltr'><em>φιλαρθιηις</em></span> <span class='ocrx_word' id='word_1_144' title='bbox 892 1456 1071 1558; x_wconf 78' lang='grc' dir='ltr'><em>ἀπόβλητον·</em></span> <span class='ocrx_word' id='word_1_145' title='bbox 1120 1465 1184 1522; x_wconf 82' lang='grc' dir='ltr'><em>Τιλν</em></span> <span class='ocrx_word' id='word_1_146' title='bbox 1205 1457 1260 1539; x_wconf 81' lang='grc' dir='ltr'><em>γάρ</em></span> 
     </span>
     <span class='ocr_line' id='line_1_13' title="bbox 349 1536 1261 1647; baseline -0.002 -39"><span class='ocrx_word' id='word_1_147' title='bbox 349 1545 426 1608; x_wconf 86' lang='grc' dir='ltr'><em>καθ’</em></span> <span class='ocrx_word' id='word_1_148' title='bbox 450 1543 525 1626; x_wconf 82' lang='grc' dir='ltr'><em>ἡμᾶς</em></span> <span class='ocrx_word' id='word_1_149' title='bbox 547 1540 722 1624; x_wconf 75' lang='grc' dir='ltr'><em>πραγμάτων</em></span> <span class='ocrx_word' id='word_1_150' title='bbox 744 1549 796 1603; x_wconf 84' lang='grc' dir='ltr'><em>τοῦ</em></span> <span class='ocrx_word' id='word_1_151' title='bbox 817 1536 920 1616; x_wconf 82' lang='grc' dir='ltr'><em>άξονος</em></span> <span class='ocrx_word' id='word_1_152' title='bbox 947 1539 1050 1606; x_wconf 87' lang='grc' dir='ltr'><em>ἀλλοτε</em></span> <span class='ocrx_word' id='word_1_153' title='bbox 1071 1539 1204 1647; x_wconf 66' lang='lat'><strong>42264&#39;</strong></span> <span class='ocrx_word' id='word_1_154' title='bbox 1187 1568 1261 1625; x_wconf 82' lang='grc' dir='ltr'><em>εγσν·</em></span> 
     </span>
     <span class='ocr_line' id='line_1_14' title="bbox 349 1622 1261 1734; baseline -0.006 -41"><span class='ocrx_word' id='word_1_155' title='bbox 349 1654 407 1704; x_wconf 92' lang='grc' dir='ltr'><em>τος,</em></span> <span class='ocrx_word' id='word_1_156' title='bbox 429 1632 475 1692; x_wconf 86' lang='grc' dir='ltr'><em>καλ</em></span> <span class='ocrx_word' id='word_1_157' title='bbox 497 1637 547 1731; x_wconf 76' lang='grc' dir='ltr'><em>τῆς</em></span> <span class='ocrx_word' id='word_1_158' title='bbox 569 1633 696 1734; x_wconf 78' lang='grc' dir='ltr'><em>στροφῆς</em></span> <span class='ocrx_word' id='word_1_159' title='bbox 716 1632 755 1727; x_wconf 70' lang='lat'><strong>44¹4</strong></span> <span class='ocrx_word' id='word_1_160' title='bbox 773 1622 919 1706; x_wconf 82' lang='grc' dir='ltr'><em>δινῆσει</em></span> <span class='ocrx_word' id='word_1_161' title='bbox 898 1651 960 1692; x_wconf 84' lang='grc' dir='ltr'><em>ανον</em></span> <span class='ocrx_word' id='word_1_162' title='bbox 980 1632 1026 1690; x_wconf 87' lang='grc' dir='ltr'><em>καλ</em></span> <span class='ocrx_word' id='word_1_163' title='bbox 1047 1625 1127 1692; x_wconf 85' lang='grc' dir='ltr'><em>κάτω</em></span> <span class='ocrx_word' id='word_1_164' title='bbox 1141 1632 1261 1709; x_wconf 79' lang='grc' dir='ltr'><em>συστρέ-</em></span> 
     </span>
     <span class='ocr_line' id='line_1_15' title="bbox 350 1708 1261 1816; baseline 0 -40"><span class='ocrx_word' id='word_1_165' title='bbox 350 1737 454 1794; x_wconf 87' lang='grc' dir='ltr'><em>φοντος</em></span> <span class='ocrx_word' id='word_1_166' title='bbox 482 1710 577 1775; x_wconf 85' lang='grc' dir='ltr'><em>παντο</em></span> <span class='ocrx_word' id='word_1_167' title='bbox 603 1715 650 1772; x_wconf 74' lang='lat' dir='ltr'><em>nat</em></span> <span class='ocrx_word' id='word_1_168' title='bbox 672 1708 871 1812; x_wconf 87' lang='grc' dir='ltr'><em>περιάγοντος,</em></span> <span class='ocrx_word' id='word_1_169' title='bbox 899 1719 928 1774; x_wconf 88' lang='lat' dir='ltr'><em>ol</em></span> <span class='ocrx_word' id='word_1_170' title='bbox 952 1709 1026 1774; x_wconf 86' lang='grc' dir='ltr'><em>κατά</em></span> <span class='ocrx_word' id='word_1_171' title='bbox 1049 1711 1181 1816; x_wconf 76' lang='grc' dir='ltr'><em>διαδοχάς</em></span> <span class='ocrx_word' id='word_1_172' title='bbox 1202 1719 1261 1776; x_wconf 73' lang='grc' dir='ltr'><em>τοῖν</em></span> 
     </span>
     <span class='ocr_line' id='line_1_16' title="bbox 348 1791 1261 1882; baseline -0.004 -21"><span class='ocrx_word' id='word_1_173' title='bbox 348 1802 498 1882; x_wconf 81' lang='grc' dir='ltr'><em>βασιλείων</em></span> <span class='ocrx_word' id='word_1_174' title='bbox 528 1791 782 1875; x_wconf 82' lang='grc' dir='ltr'><em>ἐπιλαμβανόμενοι</em></span> <span class='ocrx_word' id='word_1_175' title='bbox 817 1793 985 1876; x_wconf 75' lang='grc' dir='ltr'><em>σκήπτρων,</em></span> <span class='ocrx_word' id='word_1_176' title='bbox 1025 1799 1112 1880; x_wconf 75' lang='grc' dir='ltr'><em>μηδὲν</em></span> <span class='ocrx_word' id='word_1_177' title='bbox 1147 1794 1261 1877; x_wconf 82' lang='grc' dir='ltr'><em>ὁμαλὸν</em></span> 
     </span>
     <span class='ocr_line' id='line_1_17' title="bbox 349 1879 1263 1965; baseline -0.003 -20"><span class='ocrx_word' id='word_1_178' title='bbox 349 1889 519 1965; x_wconf 81' lang='grc' dir='ltr'><em>φρονοῦντες</em></span> <span class='ocrx_word' id='word_1_179' title='bbox 545 1881 614 1962; x_wconf 72' lang='grc' dir='ltr'><em>μηδὲ</em></span> <span class='ocrx_word' id='word_1_180' title='bbox 642 1879 747 1959; x_wconf 79' lang='grc' dir='ltr'><em>ιιλγινλς</em></span> <span class='ocrx_word' id='word_1_181' title='bbox 775 1885 823 1942; x_wconf 84' lang='grc' dir='ltr'><em>καλ</em></span> <span class='ocrx_word' id='word_1_182' title='bbox 850 1880 1013 1960; x_wconf 76' lang='grc' dir='ltr'><em>βασιλικόν,</em></span> <span class='ocrx_word' id='word_1_183' title='bbox 1040 1889 1144 1961; x_wconf 79' lang='grc' dir='ltr'><em>μικροῦ</em></span> <span class='ocrx_word' id='word_1_184' title='bbox 1165 1884 1194 1944; x_wconf 82' lang='grc' dir='ltr'><em>θλ</em></span> <span class='ocrx_word' id='word_1_185' title='bbox 1215 1885 1263 1943; x_wconf 86' lang='grc' dir='ltr'><em>καλ</em></span> 
     </span>
     <span class='ocr_line' id='line_1_18' title="bbox 347 1960 1264 2067; baseline 0.004 -39"><span class='ocrx_word' id='word_1_186' title='bbox 347 1966 550 2050; x_wconf 64' lang='grc' dir='ltr'><em>μηνιολνιεςῑῑ)</em></span> <span class='ocrx_word' id='word_1_187' title='bbox 580 1971 621 2042; x_wconf 76' lang='grc' dir='ltr'><em>τῷ</em></span> <span class='ocrx_word' id='word_1_188' title='bbox 648 1965 731 2041; x_wconf 80' lang='grc' dir='ltr'><em>Θεῷ,</em></span> <span class='ocrx_word' id='word_1_189' title='bbox 759 1960 805 2028; x_wconf 86' lang='grc' dir='ltr'><em>ὅτι</em></span> <span class='ocrx_word' id='word_1_190' title='bbox 833 1969 880 2027; x_wconf 88' lang='grc' dir='ltr'><em>καλ</em></span> <span class='ocrx_word' id='word_1_191' title='bbox 907 1964 958 2046; x_wconf 87' lang='grc' dir='ltr'><em>τλγν</em></span> <span class='ocrx_word' id='word_1_192' title='bbox 982 1971 1131 2067; x_wconf 76' lang='grc' dir='ltr'><em>γλασιλείαν</em></span> <span class='ocrx_word' id='word_1_193' title='bbox 1163 1967 1264 2040; x_wconf 82' lang='grc' dir='ltr'><em>αιλτυῑς</em></span> 
     </span>
     <span class='ocr_line' id='line_1_19' title="bbox 347 2047 1265 2131; baseline -0.003 -14"><span class='ocrx_word' id='word_1_194' title='bbox 347 2057 532 2126; x_wconf 66' lang='lat' dir='ltr'><strong>fornicasse,</strong></span> <span class='ocrx_word' id='word_1_195' title='bbox 551 2053 595 2112; x_wconf 78' lang='grc' dir='ltr'><em>ἐπὶ</em></span> <span class='ocrx_word' id='word_1_196' title='bbox 608 2047 675 2122; x_wconf 90' lang='grc' dir='ltr'><em>τοιλς</em></span> <span class='ocrx_word' id='word_1_197' title='bbox 691 2047 750 2130; x_wconf 83' lang='grc' dir='ltr'><em>πρὸ</em></span> <span class='ocrx_word' id='word_1_198' title='bbox 760 2050 857 2112; x_wconf 64' lang='lat' dir='ltr'><strong>aulaea</strong></span> <span class='ocrx_word' id='word_1_199' title='bbox 871 2049 1098 2131; x_wconf 75' lang='grc' dir='ltr'><em>βασιλεύσαντας</em></span> <span class='ocrx_word' id='word_1_200' title='bbox 1111 2048 1178 2124; x_wconf 88' lang='grc' dir='ltr'><em>τοιλς</em></span> <span class='ocrx_word' id='word_1_201' title='bbox 1189 2049 1265 2116; x_wconf 78' lang='grc' dir='ltr'><em>κατὰ</em></span> 
     </span>
     <span class='ocr_line' id='line_1_20' title="bbox 347 2131 1264 2216; baseline -0.001 -16"><span class='ocrx_word' id='word_1_202' title='bbox 347 2143 426 2216; x_wconf 82' lang='grc' dir='ltr'><em>σφοῖς</em></span> <span class='ocrx_word' id='word_1_203' title='bbox 451 2131 536 2208; x_wconf 86' lang='grc' dir='ltr'><em>ὅλους</em></span> <span class='ocrx_word' id='word_1_204' title='bbox 555 2131 670 2213; x_wconf 70' lang='grc' dir='ltr'><em>θυμοὺς</em></span> <span class='ocrx_word' id='word_1_205' title='bbox 685 2134 870 2198; x_wconf 85' lang='grc' dir='ltr'><em>ἀνακαίουσι</em></span> <span class='ocrx_word' id='word_1_206' title='bbox 899 2134 1091 2208; x_wconf 85' lang='grc' dir='ltr'><em>κάκείνους</em></span> <span class='ocrx_word' id='word_1_207' title='bbox 1056 2161 1097 2216; x_wconf 88' lang='grc' dir='ltr'><em>μη</em></span> <span class='ocrx_word' id='word_1_208' title='bbox 1115 2133 1264 2212; x_wconf 71' lang='grc' dir='ltr'><em>δυνάμενοι</em></span> 
     </span>
     <span class='ocr_line' id='line_1_21' title="bbox 346 2214 1263 2326; baseline -0.003 -40.939"><span class='ocrx_word' id='word_1_209' title='bbox 346 2227 490 2285; x_wconf 76' lang='grc' dir='ltr'><em>τίσασθαι</em></span> <span class='ocrx_word' id='word_1_210' title='bbox 499 2217 649 2298; x_wconf 84' lang='grc' dir='ltr'><em>(κωφλγν</em></span> <span class='ocrx_word' id='word_1_211' title='bbox 618 2244 675 2318; x_wconf 87' lang='grc' dir='ltr'><em>γαρ</em></span> <span class='ocrx_word' id='word_1_212' title='bbox 686 2233 770 2300; x_wconf 87' lang='grc' dir='ltr'><em>γαῖαν</em></span> <span class='ocrx_word' id='word_1_213' title='bbox 782 2222 965 2290; x_wconf 80' lang='grc' dir='ltr'><em>αἰκίσασθαι,</em></span> <span class='ocrx_word' id='word_1_214' title='bbox 980 2219 1033 2282; x_wconf 90' lang='grc' dir='ltr'><em>κάν</em></span> <span class='ocrx_word' id='word_1_215' title='bbox 1040 2214 1182 2326; x_wconf 81' lang='grc' dir='ltr'><em>μεμῆνασι</em></span> <span class='ocrx_word' id='word_1_216' title='bbox 1191 2225 1263 2296; x_wconf 86' lang='grc' dir='ltr'><em>λίαν,</em></span> 
     </span>
     <span class='ocr_line' id='line_1_22' title="bbox 345 2301 1264 2410; baseline -0.002 -40"><span class='ocrx_word' id='word_1_217' title='bbox 345 2307 514 2408; x_wconf 74' lang='grc' dir='ltr'><em>λπίχοιται)</em></span> <span class='ocrx_word' id='word_1_218' title='bbox 521 2308 566 2366; x_wconf 79' lang='lat' dir='ltr'><em>dal</em></span> <span class='ocrx_word' id='word_1_219' title='bbox 579 2301 644 2376; x_wconf 88' lang='grc' dir='ltr'><em>τοιλς</em></span> <span class='ocrx_word' id='word_1_220' title='bbox 658 2311 931 2384; x_wconf 81' lang='grc' dir='ltr'><em>καθυπηρετοιλντας</em></span> <span class='ocrx_word' id='word_1_221' title='bbox 946 2303 1056 2379; x_wconf 88' lang='grc' dir='ltr'><em>τοιλτοις</em></span> <span class='ocrx_word' id='word_1_222' title='bbox 1070 2303 1087 2384; x_wconf 82' lang='grc' dir='ltr'><strong><em>ἢ</em></strong></span> <span class='ocrx_word' id='word_1_223' title='bbox 1099 2304 1174 2366; x_wconf 87' lang='grc' dir='ltr'><em>κατά</em></span> <span class='ocrx_word' id='word_1_224' title='bbox 1183 2313 1264 2410; x_wconf 71' lang='grc' dir='ltr'><em>γένος</em></span> 
     </span>
     <span class='ocr_line' id='line_1_23' title="bbox 345 2386 1262 2492; baseline 0 -38"><span class='ocrx_word' id='word_1_225' title='bbox 345 2387 408 2472; x_wconf 81' lang='grc' dir='ltr'><em>άμα</em></span> <span class='ocrx_word' id='word_1_226' title='bbox 420 2386 628 2492; x_wconf 74' lang='lat' dir='ltr'><strong>n4roo4aovau4,</strong></span> <span class='ocrx_word' id='word_1_227' title='bbox 647 2411 754 2462; x_wconf 90' lang='grc' dir='ltr'><em>ποσαις</em></span> <span class='ocrx_word' id='word_1_228' title='bbox 763 2395 897 2469; x_wconf 83' lang='grc' dir='ltr'><em>ηίρσιται</em></span> <span class='ocrx_word' id='word_1_229' title='bbox 909 2402 971 2462; x_wconf 89' lang='grc' dir='ltr'><em>ταις</em></span> <span class='ocrx_word' id='word_1_230' title='bbox 983 2403 1102 2470; x_wconf 89' lang='grc' dir='ltr'><em>ορμαις</em></span> <span class='ocrx_word' id='word_1_231' title='bbox 1117 2387 1195 2452; x_wconf 81' lang='grc' dir='ltr'><em>καλά</em></span> <span class='ocrx_word' id='word_1_232' title='bbox 1208 2388 1262 2454; x_wconf 83' lang='grc' dir='ltr'><em>πά·</em></span> 
     </span>
     <span class='ocr_line' id='line_1_24' title="bbox 347 2473 1262 2582; baseline 0.001 -45"><span class='ocrx_word' id='word_1_233' title='bbox 347 2499 408 2576; x_wconf 83' lang='grc' dir='ltr'><em>σχιι</em></span> <span class='ocrx_word' id='word_1_234' title='bbox 442 2473 520 2556; x_wconf 86' lang='grc' dir='ltr'><em>φορά</em></span> <span class='ocrx_word' id='word_1_235' title='bbox 556 2479 705 2552; x_wconf 78' lang='grc' dir='ltr'><em>ποταμοῦ,</em></span> <span class='ocrx_word' id='word_1_236' title='bbox 747 2473 899 2551; x_wconf 84' lang='grc' dir='ltr'><em>άντιτοπίιγι</em></span> <span class='ocrx_word' id='word_1_237' title='bbox 932 2473 1099 2582; x_wconf 82' lang='grc' dir='ltr'><em>κωλιλματος</em></span> <span class='ocrx_word' id='word_1_238' title='bbox 1134 2482 1185 2555; x_wconf 87' lang='grc' dir='ltr'><em>τῆς</em></span> <span class='ocrx_word' id='word_1_239' title='bbox 1223 2483 1262 2550; x_wconf 90' lang='grc' dir='ltr'><em>είς</em></span> 
     </span>
     <span class='ocr_line' id='line_1_25' title="bbox 345 2553 1261 2660; baseline 0 -38"><span class='ocrx_word' id='word_1_240' title='bbox 345 2553 553 2660; x_wconf 73' lang='grc' dir='ltr'><em>τοῦμπροσθεν</em></span> <span class='ocrx_word' id='word_1_241' title='bbox 579 2557 820 2639; x_wconf 84' lang='grc' dir='ltr'><em>ἀναχαιτισθεῖσα</em></span> <span class='ocrx_word' id='word_1_242' title='bbox 847 2557 947 2638; x_wconf 81' lang='grc' dir='ltr'><em>ὁρμῆς,</em></span> <span class='ocrx_word' id='word_1_243' title='bbox 971 2559 1020 2638; x_wconf 71' lang='grc' dir='ltr'><em>ἐφ’</em></span> <span class='ocrx_word' id='word_1_244' title='bbox 1052 2559 1148 2639; x_wconf 78' lang='grc' dir='ltr'><em>ἕτερον</em></span> <span class='ocrx_word' id='word_1_245' title='bbox 1176 2584 1261 2641; x_wconf 84' lang='grc' dir='ltr'><em>μετα·</em></span> 
     </span>
     <span class='ocr_line' id='line_1_26' title="bbox 345 2637 1261 2742; baseline -0.001 -34.98"><span class='ocrx_word' id='word_1_246' title='bbox 345 2649 460 2708; x_wconf 76' lang='grc' dir='ltr'><em>τίθεται</em></span> <span class='ocrx_word' id='word_1_247' title='bbox 481 2637 587 2726; x_wconf 78' lang='grc' dir='ltr'><em>ὄχθον,</em></span> <span class='ocrx_word' id='word_1_248' title='bbox 610 2656 723 2742; x_wconf 76' lang='grc' dir='ltr'><em>κακεισε</em></span> <span class='ocrx_word' id='word_1_249' title='bbox 744 2646 845 2718; x_wconf 82' lang='grc' dir='ltr'><em>πολληλ</em></span> <span class='ocrx_word' id='word_1_250' title='bbox 872 2652 1094 2708; x_wconf 79' lang='grc' dir='ltr'><em>συιωθισθιῖσα</em></span> <span class='ocrx_word' id='word_1_251' title='bbox 1116 2649 1157 2720; x_wconf 79' lang='grc' dir='ltr'><em>τῷ</em></span> <span class='ocrx_word' id='word_1_252' title='bbox 1176 2646 1261 2722; x_wconf 80' lang='grc' dir='ltr'><em>ῥοίζῳ</em></span> 
     </span>
     <span class='ocr_line' id='line_1_27' title="bbox 345 2724 1260 2834; baseline 0.001 -42"><span class='ocrx_word' id='word_1_253' title='bbox 345 2725 425 2792; x_wconf 81' lang='grc' dir='ltr'><em>ἅπαν</em></span> <span class='ocrx_word' id='word_1_254' title='bbox 452 2727 485 2790; x_wconf 87' lang='grc' dir='ltr'><em>τὸ</em></span> <span class='ocrx_word' id='word_1_255' title='bbox 512 2724 681 2809; x_wconf 85' lang='grc' dir='ltr'><em>παρατυχιλν</em></span> <span class='ocrx_word' id='word_1_256' title='bbox 702 2724 865 2809; x_wconf 89' lang='grc' dir='ltr'><em>παρασιλριι</em></span> <span class='ocrx_word' id='word_1_257' title='bbox 886 2735 921 2807; x_wconf 82' lang='grc' dir='ltr'><em>τῇ</em></span> <span class='ocrx_word' id='word_1_258' title='bbox 941 2732 1019 2808; x_wconf 90' lang='grc' dir='ltr'><em>πλιγμ</em></span> <span class='ocrx_word' id='word_1_259' title='bbox 988 2727 1098 2809; x_wconf 81' lang='grc' dir='ltr'><em>γμμιλρᾳ</em></span> <span class='ocrx_word' id='word_1_260' title='bbox 1119 2737 1170 2834; x_wconf 83' lang='grc' dir='ltr'><em>τηιλ</em></span> <span class='ocrx_word' id='word_1_261' title='bbox 1192 2727 1260 2794; x_wconf 70' lang='lat' dir='ltr'><strong>aloa·</strong></span> 
     </span>
     <span class='ocr_line' id='line_1_28' title="bbox 344 2810 1259 2895; baseline 0 -19"><span class='ocrx_word' id='word_1_262' title='bbox 344 2837 413 2888; x_wconf 87' lang='grc' dir='ltr'><em>τος,</em></span> <span class='ocrx_word' id='word_1_263' title='bbox 432 2820 519 2876; x_wconf 84' lang='grc' dir='ltr'><em>τοῦτο</em></span> <span class='ocrx_word' id='word_1_264' title='bbox 541 2811 664 2874; x_wconf 80' lang='grc' dir='ltr'><em>κάκεῖνοι</em></span> <span class='ocrx_word' id='word_1_265' title='bbox 685 2810 807 2892; x_wconf 81' lang='grc' dir='ltr'><em>ἀγιιισλς</em></span> <span class='ocrx_word' id='word_1_266' title='bbox 827 2816 875 2874; x_wconf 88' lang='grc' dir='ltr'><em>καλ</em></span> <span class='ocrx_word' id='word_1_267' title='bbox 896 2819 1012 2876; x_wconf 83' lang='grc' dir='ltr'><em>ποιοῦσι</em></span> <span class='ocrx_word' id='word_1_268' title='bbox 1038 2818 1085 2876; x_wconf 85' lang='grc' dir='ltr'><em>καλ</em></span> <span class='ocrx_word' id='word_1_269' title='bbox 1106 2813 1259 2895; x_wconf 77' lang='grc' dir='ltr'><em>πάσχουσι.</em></span> 
     </span>
     <span class='ocr_line' id='line_1_29' title="bbox 349 2894 1260 2998; baseline 0 -36"><span class='ocrx_word' id='word_1_270' title='bbox 349 2903 414 2962; x_wconf 73' lang='lat' dir='ltr'><strong>Teia</strong></span> <span class='ocrx_word' id='word_1_271' title='bbox 435 2894 490 2978; x_wconf 85' lang='grc' dir='ltr'><em>γάρ</em></span> <span class='ocrx_word' id='word_1_272' title='bbox 511 2895 569 2978; x_wconf 82' lang='grc' dir='ltr'><em>πρὸ</em></span> <span class='ocrx_word' id='word_1_273' title='bbox 589 2895 686 2959; x_wconf 84' lang='grc' dir='ltr'><em>αιλτιλι</em></span> <span class='ocrx_word' id='word_1_274' title='bbox 707 2896 876 2998; x_wconf 81' lang='grc' dir='ltr'><em>βασιλίων’</em></span> <span class='ocrx_word' id='word_1_275' title='bbox 857 2894 1109 2978; x_wconf 84' lang='grc' dir='ltr'><em>αποτιιγχάνοντις,</em></span> <span class='ocrx_word' id='word_1_276' title='bbox 1131 2902 1177 2962; x_wconf 75' lang='grc' dir='ltr'><em>ἐπὶ</em></span> <span class='ocrx_word' id='word_1_277' title='bbox 1191 2897 1260 2973; x_wconf 73' lang='grc' dir='ltr'><em>τοὺς</em></span> 
     </span>
     <span class='ocr_line' id='line_1_30' title="bbox 344 2976 1258 3092; baseline 0.001 -47"><span class='ocrx_word' id='word_1_278' title='bbox 344 2985 457 3054; x_wconf 75' lang='grc' dir='ltr'><em>ἐκείνοις</em></span> <span class='ocrx_word' id='word_1_279' title='bbox 489 2987 718 3063; x_wconf 73' lang='grc' dir='ltr'><em>προσανέχοντας</em></span> <span class='ocrx_word' id='word_1_280' title='bbox 750 2977 801 3044; x_wconf 84' lang='grc' dir='ltr'><em>τὸν</em></span> <span class='ocrx_word' id='word_1_281' title='bbox 831 2976 900 3044; x_wconf 84' lang='grc' dir='ltr'><em>ὅλον</em></span> <span class='ocrx_word' id='word_1_282' title='bbox 923 2979 1031 3086; x_wconf 40' lang='grc' dir='ltr'><em>,θυμὸν</em></span> <span class='ocrx_word' id='word_1_283' title='bbox 1059 2981 1258 3092; x_wconf 70' lang='lat' dir='ltr'><strong>6⁷64i4i4onnu-</strong></span> 
     </span>
     <span class='ocr_line' id='line_1_31' title="bbox 346 3065 1258 3167; baseline 0.001 -37"><span class='ocrx_word' id='word_1_284' title='bbox 346 3068 449 3143; x_wconf 54' lang='grc' dir='ltr'><em>συλλ),</em></span> <span class='ocrx_word' id='word_1_285' title='bbox 485 3070 532 3128; x_wconf 85' lang='grc' dir='ltr'><em>καλ</em></span> <span class='ocrx_word' id='word_1_286' title='bbox 553 3065 715 3167; x_wconf 78' lang='grc' dir='ltr'><em>άηιληστίαν</em></span> <span class='ocrx_word' id='word_1_287' title='bbox 741 3066 873 3143; x_wconf 79' lang='grc' dir='ltr'><em>μίξαντες</em></span> <span class='ocrx_word' id='word_1_288' title='bbox 894 3072 936 3144; x_wconf 79' lang='grc' dir='ltr'><em>τῷ</em></span> <span class='ocrx_word' id='word_1_289' title='bbox 957 3073 1059 3146; x_wconf 81' lang='grc' dir='ltr'><em>θυμῆ,</em></span> <span class='ocrx_word' id='word_1_290' title='bbox 1086 3072 1134 3130; x_wconf 85' lang='grc' dir='ltr'><em>καλ</em></span> <span class='ocrx_word' id='word_1_291' title='bbox 1162 3077 1258 3132; x_wconf 81' lang='grc' dir='ltr'><em>καθα·</em></span> 
     </span>
     <span class='ocr_line' id='line_1_32' title="bbox 344 3147 1258 3235; baseline 0 -19"><span class='ocrx_word' id='word_1_292' title='bbox 344 3157 422 3234; x_wconf 83' lang='grc' dir='ltr'><em>περιλ</em></span> <span class='ocrx_word' id='word_1_293' title='bbox 452 3148 600 3230; x_wconf 79' lang='grc' dir='ltr'><em>ποταμοὺς</em></span> <span class='ocrx_word' id='word_1_294' title='bbox 628 3148 678 3212; x_wconf 83' lang='grc' dir='ltr'><em>διλο</em></span> <span class='ocrx_word' id='word_1_295' title='bbox 707 3154 752 3212; x_wconf 75' lang='grc' dir='ltr'><em>ἐπὶ</em></span> <span class='ocrx_word' id='word_1_296' title='bbox 780 3155 848 3230; x_wconf 89' lang='grc' dir='ltr'><em>μίαν</em></span> <span class='ocrx_word' id='word_1_297' title='bbox 869 3147 1084 3224; x_wconf 84' lang='grc' dir='ltr'><em>συιελάσαιτας</em></span> <span class='ocrx_word' id='word_1_298' title='bbox 1112 3149 1258 3235; x_wconf 88' lang='grc' dir='ltr'><em>φάραγγα,</em></span> 
     </span>
     <span class='ocr_line' id='line_1_33' title="bbox 344 3232 1259 3317; baseline 0.003 -18"><span class='ocrx_word' id='word_1_299' title='bbox 344 3235 396 3310; x_wconf 88' lang='grc' dir='ltr'><em>τάς</em></span> <span class='ocrx_word' id='word_1_300' title='bbox 423 3243 481 3298; x_wconf 80' lang='grc' dir='ltr'><em>τῶν</em></span> <span class='ocrx_word' id='word_1_301' title='bbox 509 3235 643 3298; x_wconf 81' lang='grc' dir='ltr'><em>ἀναιτίων</em></span> <span class='ocrx_word' id='word_1_302' title='bbox 670 3234 771 3307; x_wconf 79' lang='grc' dir='ltr'><em>οὐσίας</em></span> <span class='ocrx_word' id='word_1_303' title='bbox 800 3243 834 3314; x_wconf 85' lang='grc' dir='ltr'><em>τῆ</em></span> <span class='ocrx_word' id='word_1_304' title='bbox 866 3232 989 3317; x_wconf 81' lang='grc' dir='ltr'><em>παρόδῳ</em></span> <span class='ocrx_word' id='word_1_305' title='bbox 1016 3235 1106 3312; x_wconf 68' lang='lat' dir='ltr'><strong>sisic</strong></span> <span class='ocrx_word' id='word_1_306' title='bbox 1132 3237 1259 3302; x_wconf 78' lang='grc' dir='ltr'><em>κατασιλ·</em></span> 
     </span>
     <span class='ocr_line' id='line_1_34' title="bbox 346 3317 1258 3428; baseline 0.004 -46"><span class='ocrx_word' id='word_1_307' title='bbox 346 3344 437 3402; x_wconf 86' lang='grc' dir='ltr'><em>ροισι,</em></span> <span class='ocrx_word' id='word_1_308' title='bbox 470 3324 517 3384; x_wconf 86' lang='grc' dir='ltr'><em>καλ</em></span> <span class='ocrx_word' id='word_1_309' title='bbox 539 3317 607 3392; x_wconf 85' lang='grc' dir='ltr'><em>τοιλς</em></span> <span class='ocrx_word' id='word_1_310' title='bbox 628 3321 714 3400; x_wconf 74' lang='grc' dir='ltr'><em>μηδὲν</em></span> <span class='ocrx_word' id='word_1_311' title='bbox 700 3318 1005 3401; x_wconf 80' lang='grc' dir='ltr'><em>νάμαρτῆσαντας</em></span> <span class='ocrx_word' id='word_1_312' title='bbox 983 3345 1023 3394; x_wconf 88' lang='grc' dir='ltr'><em>ως</em></span> <span class='ocrx_word' id='word_1_313' title='bbox 1044 3320 1197 3428; x_wconf 70' lang='grc' dir='ltr'><em>ιλποιλάιοιγς</em></span> <span class='ocrx_word' id='word_1_314' title='bbox 1219 3331 1258 3398; x_wconf 86' lang='grc' dir='ltr'><em>είς</em></span> 
     </span>
     <span class='ocr_line' id='line_1_35' title="bbox 344 3402 1259 3507; baseline 0.007 -41"><span class='ocrx_word' id='word_1_315' title='bbox 344 3408 421 3485; x_wconf 85' lang='grc' dir='ltr'><em>ιλίιιην</em></span> <span class='ocrx_word' id='word_1_316' title='bbox 441 3404 516 3486; x_wconf 85' lang='grc' dir='ltr'><em>πρὸς</em></span> <span class='ocrx_word' id='word_1_317' title='bbox 536 3403 731 3507; x_wconf 78' lang='grc' dir='ltr'><em>ιιαταδικην13</em></span> <span class='ocrx_word' id='word_1_318' title='bbox 732 3404 783 3485; x_wconf 85' lang='grc'><em>&gt;</em></span> <span class='ocrx_word' id='word_1_319' title='bbox 769 3402 942 3485; x_wconf 89' lang='grc' dir='ltr'><em>υπάγσοσιι·</em></span> <span class='ocrx_word' id='word_1_320' title='bbox 963 3405 1016 3484; x_wconf 78' lang='grc' dir='ltr'><em>ἐφ’</em></span> <span class='ocrx_word' id='word_1_321' title='bbox 1040 3398 1127 3483; x_wconf 81' lang='grc' dir='ltr'><em>ςλτίς</em></span> <span class='ocrx_word' id='word_1_322' title='bbox 1149 3407 1200 3470; x_wconf 86' lang='grc' dir='ltr'><em>οιλκ</em></span> <span class='ocrx_word' id='word_1_323' title='bbox 1222 3406 1259 3474; x_wconf 79' lang='grc' dir='ltr'><em>ἄν</em></span> 
     </span>
     <span class='ocr_line' id='line_1_36' title="bbox 345 3483 1257 3594; baseline 0.007 -42"><span class='ocrx_word' id='word_1_324' title='bbox 345 3487 466 3594; x_wconf 74' lang='grc' dir='ltr'><em>ἀλγησηι</em></span> <span class='ocrx_word' id='word_1_325' title='bbox 493 3495 605 3571; x_wconf 74' lang='grc' dir='ltr'><em>μέτριος</em></span> <span class='ocrx_word' id='word_1_326' title='bbox 632 3483 791 3571; x_wconf 74' lang='grc' dir='ltr'><em>ἅνθρωπος</em></span> <span class='ocrx_word' id='word_1_327' title='bbox 818 3493 865 3552; x_wconf 86' lang='grc' dir='ltr'><em>καλ</em></span> <span class='ocrx_word' id='word_1_328' title='bbox 890 3497 941 3552; x_wconf 86' lang='grc' dir='ltr'><em>τοιλ</em></span> <span class='ocrx_word' id='word_1_329' title='bbox 969 3493 1057 3554; x_wconf 82' lang='grc' dir='ltr'><em>καλοῦ</em></span> <span class='ocrx_word' id='word_1_330' title='bbox 1085 3491 1257 3574; x_wconf 83' lang='grc' dir='ltr'><em>στοχαζόμτ</em></span> 
     </span>
     <span class='ocr_line' id='line_1_37' title="bbox 344 3571 1257 3653; baseline 0.009 -17"><span class='ocrx_word' id='word_1_331' title='bbox 344 3597 407 3649; x_wconf 91' lang='grc' dir='ltr'><em>νος,</em></span> <span class='ocrx_word' id='word_1_332' title='bbox 436 3571 454 3653; x_wconf 81' lang='grc' dir='ltr'><strong><em>ἢ</em></strong></span> <span class='ocrx_word' id='word_1_333' title='bbox 482 3581 544 3646; x_wconf 82' lang='grc' dir='ltr'><em>πολς</em></span> <span class='ocrx_word' id='word_1_334' title='bbox 572 3587 632 3648; x_wconf 85' lang='grc' dir='ltr'><em>τοις</em></span> <span class='ocrx_word' id='word_1_335' title='bbox 657 3581 752 3646; x_wconf 76' lang='grc' dir='ltr'><em>κακῶς</em></span> <span class='ocrx_word' id='word_1_336' title='bbox 778 3583 928 3638; x_wconf 81' lang='grc' dir='ltr'><em>παθοῦσιν</em></span> <span class='ocrx_word' id='word_1_337' title='bbox 956 3574 989 3638; x_wconf 89' lang='grc' dir='ltr'><em>οιλ</em></span> <span class='ocrx_word' id='word_1_338' title='bbox 1013 3577 1179 3652; x_wconf 83' lang='grc' dir='ltr'><em>σοστενάξιι</em></span> <span class='ocrx_word' id='word_1_339' title='bbox 1200 3586 1257 3644; x_wconf 80' lang='lat' dir='ltr'><em>dna</em></span> 
     </span>
     <span class='ocr_line' id='line_1_38' title="bbox 344 3655 1257 3758; baseline 0.008 -37"><span class='ocrx_word' id='word_1_340' title='bbox 344 3655 524 3738; x_wconf 83' lang='grc' dir='ltr'><em>καιράταται</em></span> <span class='ocrx_word' id='word_1_341' title='bbox 552 3655 659 3720; x_wconf 75' lang='grc' dir='ltr'><em>δίον</em></span> <span class='ocrx_word' id='word_1_342' title='bbox 626 3685 659 3758; x_wconf 90' lang='grc' dir='ltr'><em>η</em></span> <span class='ocrx_word' id='word_1_343' title='bbox 681 3658 790 3721; x_wconf 88' lang='grc' dir='ltr'><em>αλωναι</em></span> <span class='ocrx_word' id='word_1_344' title='bbox 810 3657 930 3732; x_wconf 88' lang='grc' dir='ltr'><em>τοιλτσυς</em></span> <span class='ocrx_word' id='word_1_345' title='bbox 957 3658 1160 3758; x_wconf 86' lang='grc' dir='ltr'><em>ιγμαρτηκότας</em></span> <span class='ocrx_word' id='word_1_346' title='bbox 1181 3667 1257 3742; x_wconf 88' lang='grc' dir='ltr'><em>νομί·</em></span> 
     </span>
     <span class='ocr_line' id='line_1_39' title="bbox 342 3739 1257 3825; baseline 0.006 -20"><span class='ocrx_word' id='word_1_347' title='bbox 342 3767 413 3824; x_wconf 90' lang='grc' dir='ltr'><em>μως,</em></span> <span class='ocrx_word' id='word_1_348' title='bbox 435 3745 481 3806; x_wconf 85' lang='grc' dir='ltr'><em>καλ</em></span> <span class='ocrx_word' id='word_1_349' title='bbox 502 3739 554 3822; x_wconf 91' lang='grc' dir='ltr'><em>τλγι</em></span> <span class='ocrx_word' id='word_1_350' title='bbox 575 3740 635 3806; x_wconf 88' lang='grc' dir='ltr'><em>άπιλ</em></span> <span class='ocrx_word' id='word_1_351' title='bbox 664 3740 754 3822; x_wconf 87' lang='grc' dir='ltr'><em>νόμον</em></span> <span class='ocrx_word' id='word_1_352' title='bbox 775 3743 874 3825; x_wconf 88' lang='grc' dir='ltr'><em>νισιιλγν</em></span> <span class='ocrx_word' id='word_1_353' title='bbox 895 3741 970 3808; x_wconf 86' lang='grc' dir='ltr'><em>κατά</em></span> <span class='ocrx_word' id='word_1_354' title='bbox 992 3753 1043 3808; x_wconf 83' lang='grc' dir='ltr'><em>τοῦ</em></span> <span class='ocrx_word' id='word_1_355' title='bbox 1065 3751 1193 3820; x_wconf 79' lang='grc' dir='ltr'><em>τένοντος</em></span> <span class='ocrx_word' id='word_1_356' title='bbox 1217 3752 1257 3810; x_wconf 79' lang='grc' dir='ltr'><em>σί·</em></span> 
     </span>
     <span class='ocr_line' id='line_1_40' title="bbox 343 3823 1258 3908; baseline 0.007 -18"><span class='ocrx_word' id='word_1_357' title='bbox 343 3829 463 3902; x_wconf 84' lang='grc' dir='ltr'><em>ξασθαι,</em></span> <span class='ocrx_word' id='word_1_358' title='bbox 495 3823 513 3908; x_wconf 81' lang='grc' dir='ltr'><em>ἢ</em></span> <span class='ocrx_word' id='word_1_359' title='bbox 540 3824 580 3908; x_wconf 85' lang='grc' dir='ltr'><em>μλγ</em></span> <span class='ocrx_word' id='word_1_360' title='bbox 609 3826 711 3908; x_wconf 82' lang='grc' dir='ltr'><em>ἔρημον</em></span> <span class='ocrx_word' id='word_1_361' title='bbox 738 3835 790 3890; x_wconf 83' lang='grc' dir='ltr'><em>τοῦ</em></span> <span class='ocrx_word' id='word_1_362' title='bbox 818 3833 928 3892; x_wconf 86' lang='grc' dir='ltr'><em>ιλικαίσυ</em></span> <span class='ocrx_word' id='word_1_363' title='bbox 956 3826 994 3892; x_wconf 82' lang='grc' dir='ltr'><em>τά</em></span> <span class='ocrx_word' id='word_1_364' title='bbox 1020 3835 1078 3894; x_wconf 84' lang='grc' dir='ltr'><em>τολν</em></span> <span class='ocrx_word' id='word_1_365' title='bbox 1097 3835 1258 3896; x_wconf 75' lang='grc' dir='ltr'><em>καταδίκων</em></span> 
     </span>
     <span class='ocr_line' id='line_1_41' title="bbox 343 3909 1256 4018; baseline 0.004 -42"><span class='ocrx_word' id='word_1_366' title='bbox 343 3909 420 3976; x_wconf 88' lang='grc' dir='ltr'><em>οιλιω</em></span> <span class='ocrx_word' id='word_1_367' title='bbox 440 3921 564 3986; x_wconf 80' lang='grc' dir='ltr'><em>παθεῖν,</em></span> <span class='ocrx_word' id='word_1_368' title='bbox 597 3917 643 3974; x_wconf 86' lang='grc' dir='ltr'><em>καλ</em></span> <span class='ocrx_word' id='word_1_369' title='bbox 671 3909 993 4018; x_wconf 67' lang='grc' dir='ltr'><em>βαρυηυμφορωτάτους</em></span> <span class='ocrx_word' id='word_1_370' title='bbox 1020 3916 1050 3989; x_wconf 69' lang='grc' dir='ltr'><em>ἐξ</em></span> <span class='ocrx_word' id='word_1_371' title='bbox 1078 3914 1249 3990; x_wconf 79' lang='grc' dir='ltr'><em>οιλθενιλςί</em></span> <span class='ocrx_word' id='word_1_372' title='bbox 1215 3943 1256 3980; x_wconf 90' lang='grc' dir='ltr'><em>α-</em></span> 
     </span>
    </p>

    <p class='ocr_par' dir='ltr' id='par_1_5' title="bbox 341 3993 1257 4168">
     <span class='ocr_line' id='line_1_42' title="bbox 341 3993 1257 4098; baseline 0.002 -38"><span class='ocrx_word' id='word_1_373' title='bbox 341 4001 404 4060; x_wconf 89' lang='grc' dir='ltr'><em>τίου</em></span> <span class='ocrx_word' id='word_1_374' title='bbox 432 4003 573 4078; x_wconf 77' lang='grc' dir='ltr'><em>γενέσθαι.</em></span> <span class='ocrx_word' id='word_1_375' title='bbox 596 3993 733 4098; x_wconf 74' lang='lat' dir='ltr'><strong>&#39;Onsp‘&#39;</strong></span> <span class='ocrx_word' id='word_1_376' title='bbox 714 4023 739 4059; x_wconf 93' lang='grc' dir='ltr'><em>ιν</em></span> <span class='ocrx_word' id='word_1_377' title='bbox 747 3996 907 4062; x_wconf 81' lang='grc' dir='ltr'><em>’ἐνταῦθα</em></span> <span class='ocrx_word' id='word_1_378' title='bbox 934 4006 990 4078; x_wconf 80' lang='grc' dir='ltr'><em>στῇ</em></span> <span class='ocrx_word' id='word_1_379' title='bbox 1015 4007 1067 4082; x_wconf 83' lang='grc' dir='ltr'><em>τῆς</em></span> <span class='ocrx_word' id='word_1_380' title='bbox 1094 4010 1257 4084; x_wconf 83' lang='grc' dir='ltr'><em>συμφορᾶς,</em></span> 
     </span>
     <span class='ocr_line' id='line_1_43' title="bbox 342 4075 1256 4188; baseline 0.006 -44"><span class='ocrx_word' id='word_1_381' title='bbox 342 4085 390 4144; x_wconf 84' lang='grc' dir='ltr'><em>καλ</em></span> <span class='ocrx_word' id='word_1_382' title='bbox 412 4087 509 4182; x_wconf 77' lang='grc' dir='ltr'><em>μηκέτι</em></span> <span class='ocrx_word' id='word_1_383' title='bbox 530 4085 576 4144; x_wconf 86' lang='grc' dir='ltr'><em>καλ</em></span> <span class='ocrx_word' id='word_1_384' title='bbox 597 4088 636 4154; x_wconf 89' lang='grc' dir='ltr'><em>ιι’ς</em></span> <span class='ocrx_word' id='word_1_385' title='bbox 657 4075 864 4162; x_wconf 76' lang='grc' dir='ltr'><em>τοῦμπροσθεν</em></span> <span class='ocrx_word' id='word_1_386' title='bbox 884 4081 1044 4164; x_wconf 79' lang='grc' dir='ltr'><em>προοδιιλση</em></span> <span class='ocrx_word' id='word_1_387' title='bbox 1056 4086 1110 4166; x_wconf 77' lang='lat'><em>¹⁴),</em></span> <span class='ocrx_word' id='word_1_388' title='bbox 1141 4093 1182 4162; x_wconf 82' lang='grc' dir='ltr'><em>τῆ</em></span> <span class='ocrx_word' id='word_1_389' title='bbox 1187 4112 1256 4188; x_wconf 87' lang='grc' dir='ltr'><em>μα·</em></span> 
     </span>
    </p>
   </div>
   <div class='ocr_carea' id='block_1_5' title="bbox 1307 1463 2233 4164">
    <p class='ocr_par' dir='ltr' id='par_1_6' title="bbox 1311 1463 2232 2726">
     <span class='ocr_line' id='line_1_44' title="bbox 1311 1463 2230 1531; baseline 0.009 -17"><span class='ocrx_word' id='word_1_390' title='bbox 1311 1475 1392 1530; x_wconf 91' lang='lat' dir='ltr'><strong>cam,</strong></span> <span class='ocrx_word' id='word_1_391' title='bbox 1429 1475 1515 1531; x_wconf 85' lang='lat' dir='ltr'><strong>quarn</strong></span> <span class='ocrx_word' id='word_1_392' title='bbox 1545 1463 1681 1520; x_wconf 88' lang='lat' dir='ltr'><strong>omnibns</strong></span> <span class='ocrx_word' id='word_1_393' title='bbox 1710 1463 1775 1520; x_wconf 88' lang='lat' dir='ltr'><strong>veri</strong></span> <span class='ocrx_word' id='word_1_394' title='bbox 1803 1465 1971 1522; x_wconf 87' lang='lat' dir='ltr'><strong>amantibus</strong></span> <span class='ocrx_word' id='word_1_395' title='bbox 2000 1465 2119 1522; x_wconf 91' lang='lat' dir='ltr'><strong>omnino</strong></span> <span class='ocrx_word' id='word_1_396' title='bbox 2141 1467 2230 1522; x_wconf 90' lang='lat' dir='ltr'><strong>dete-</strong></span> 
     </span>
     <span class='ocr_line' id='line_1_45' title="bbox 1311 1501 2230 1608; baseline 0.01 -8"><span class='ocrx_word' id='word_1_397' title='bbox 1311 1501 1466 1602; x_wconf 83' lang='lat' dir='ltr'><strong>stan6uml</strong></span> <span class='ocrx_word' id='word_1_398' title='bbox 1511 1547 1623 1604; x_wconf 86' lang='lat' dir='ltr'><strong>Rerum</strong></span> <span class='ocrx_word' id='word_1_399' title='bbox 1646 1547 1724 1604; x_wconf 90' lang='lat' dir='ltr'><strong>enim</strong></span> <span class='ocrx_word' id='word_1_400' title='bbox 1754 1555 1919 1606; x_wconf 88' lang='lat' dir='ltr'><strong>nostrarum</strong></span> <span class='ocrx_word' id='word_1_401' title='bbox 1951 1549 2002 1606; x_wconf 84' lang='lat' dir='ltr'><em>axi</em></span> <span class='ocrx_word' id='word_1_402' title='bbox 2032 1550 2111 1606; x_wconf 82' lang='lat' dir='ltr'><strong>alias</strong></span> <span class='ocrx_word' id='word_1_403' title='bbox 2140 1551 2230 1608; x_wconf 88' lang='lat' dir='ltr'><strong>aliter</strong></span> 
     </span>
     <span class='ocr_line' id='line_1_46' title="bbox 1311 1629 2229 1703; baseline 0.01 -19"><span class='ocrx_word' id='word_1_404' title='bbox 1311 1644 1345 1686; x_wconf 88' lang='lat' dir='ltr'><em>so</em></span> <span class='ocrx_word' id='word_1_405' title='bbox 1375 1629 1517 1702; x_wconf 88' lang='lat' dir='ltr'><strong>habente,</strong></span> <span class='ocrx_word' id='word_1_406' title='bbox 1546 1636 1577 1688; x_wconf 91' lang='lat' dir='ltr'><em>et</em></span> <span class='ocrx_word' id='word_1_407' title='bbox 1609 1647 1662 1703; x_wconf 90' lang='lat' dir='ltr'><em>per</em></span> <span class='ocrx_word' id='word_1_408' title='bbox 1691 1634 1839 1690; x_wconf 78' lang='lat' dir='ltr'><strong>versionis</strong></span> <span class='ocrx_word' id='word_1_409' title='bbox 1860 1634 2008 1692; x_wconf 81' lang='lat' dir='ltr'><strong>turbinem</strong></span> <span class='ocrx_word' id='word_1_410' title='bbox 2030 1637 2130 1692; x_wconf 89' lang='lat' dir='ltr'><strong>omnia</strong></span> <span class='ocrx_word' id='word_1_411' title='bbox 2158 1652 2229 1692; x_wconf 87' lang='lat' dir='ltr'><strong>sur-</strong></span> 
     </span>
     <span class='ocr_line' id='line_1_47' title="bbox 1311 1716 2231 1794; baseline 0.007 -24"><span class='ocrx_word' id='word_1_412' title='bbox 1311 1728 1377 1770; x_wconf 87' lang='lat' dir='ltr'><em>sum</em></span> <span class='ocrx_word' id='word_1_413' title='bbox 1407 1730 1444 1770; x_wconf 93' lang='lat' dir='ltr'><em>ac</em></span> <span class='ocrx_word' id='word_1_414' title='bbox 1472 1716 1609 1772; x_wconf 90' lang='lat' dir='ltr'><strong>deorsum</strong></span> <span class='ocrx_word' id='word_1_415' title='bbox 1638 1723 1831 1776; x_wconf 81' lang='lat' dir='ltr'><strong>convertente</strong></span> <span class='ocrx_word' id='word_1_416' title='bbox 1860 1724 1891 1776; x_wconf 87' lang='lat' dir='ltr'><em>et</em></span> <span class='ocrx_word' id='word_1_417' title='bbox 1921 1719 2163 1794; x_wconf 82' lang='lat' dir='ltr'><strong>circumagente,</strong></span> <span class='ocrx_word' id='word_1_418' title='bbox 2199 1721 2231 1792; x_wconf 91' lang='lat' dir='ltr'><em>ii,</em></span> 
     </span>
     <span class='ocr_line' id='line_1_48' title="bbox 1313 1798 2232 1877; baseline 0.008 -23"><span class='ocrx_word' id='word_1_419' title='bbox 1313 1798 1364 1869; x_wconf 83' lang='lat' dir='ltr'><em>qui</em></span> <span class='ocrx_word' id='word_1_420' title='bbox 1386 1802 1587 1858; x_wconf 89' lang='lat' dir='ltr'><strong>successionis</strong></span> <span class='ocrx_word' id='word_1_421' title='bbox 1609 1801 1675 1858; x_wconf 89' lang='lat' dir='ltr'><strong>iure</strong></span> <span class='ocrx_word' id='word_1_422' title='bbox 1696 1804 1812 1877; x_wconf 77' lang='lat' dir='ltr'><strong>regium</strong></span> <span class='ocrx_word' id='word_1_423' title='bbox 1841 1809 1993 1876; x_wconf 88' lang='lat' dir='ltr'><strong>sceptrum</strong></span> <span class='ocrx_word' id='word_1_424' title='bbox 2014 1805 2232 1877; x_wconf 85' lang='lat' dir='ltr'><strong>adipiscuntur,</strong></span> 
     </span>
     <span class='ocr_line' id='line_1_49' title="bbox 1314 1885 2230 1964; baseline 0.01 -26"><span class='ocrx_word' id='word_1_425' title='bbox 1314 1898 1371 1938; x_wconf 92' lang='lat' dir='ltr'><em>non</em></span> <span class='ocrx_word' id='word_1_426' title='bbox 1406 1885 1545 1942; x_wconf 84' lang='lat' dir='ltr'><strong>instructi</strong></span> <span class='ocrx_word' id='word_1_427' title='bbox 1575 1888 1752 1958; x_wconf 75' lang='lat' dir='ltr'><strong>temperanti</strong></span> <span class='ocrx_word' id='word_1_428' title='bbox 1782 1903 1878 1959; x_wconf 86' lang='lat' dir='ltr'><strong>neque</strong></span> <span class='ocrx_word' id='word_1_429' title='bbox 1905 1904 2054 1964; x_wconf 77' lang='lat' dir='ltr'><strong>generoso</strong></span> <span class='ocrx_word' id='word_1_430' title='bbox 2082 1895 2114 1948; x_wconf 91' lang='lat' dir='ltr'><em>et</em></span> <span class='ocrx_word' id='word_1_431' title='bbox 2145 1891 2230 1964; x_wconf 84' lang='lat' dir='ltr'><strong>regio</strong></span> 
     </span>
     <span class='ocr_line' id='line_1_50' title="bbox 1313 1968 2230 2064; baseline 0.01 -42"><span class='ocrx_word' id='word_1_432' title='bbox 1313 1968 1423 2064; x_wconf 81' lang='lat' dir='ltr'><strong>animo,</strong></span> <span class='ocrx_word' id='word_1_433' title='bbox 1444 1971 1498 2025; x_wconf 86' lang='lat' dir='ltr'><em>sed</em></span> <span class='ocrx_word' id='word_1_434' title='bbox 1523 1973 1732 2042; x_wconf 73' lang='lat' dir='ltr'><strong>propemodum</strong></span> <span class='ocrx_word' id='word_1_435' title='bbox 1754 1971 1825 2028; x_wconf 89' lang='lat' dir='ltr'><strong>irati</strong></span> <span class='ocrx_word' id='word_1_436' title='bbox 1846 1975 1927 2045; x_wconf 84' lang='lat' dir='ltr'><strong>Deo,</strong></span> <span class='ocrx_word' id='word_1_437' title='bbox 1956 1975 2034 2045; x_wconf 87' lang='lat' dir='ltr'><strong>quod</strong></span> <span class='ocrx_word' id='word_1_438' title='bbox 2056 1975 2110 2030; x_wconf 86' lang='lat' dir='ltr'><em>vel</em></span> <span class='ocrx_word' id='word_1_439' title='bbox 2131 1975 2230 2046; x_wconf 90' lang='lat' dir='ltr'><strong>impe-</strong></span> 
     </span>
     <span class='ocr_line' id='line_1_51' title="bbox 1314 2053 2231 2129; baseline 0.007 -19"><span class='ocrx_word' id='word_1_440' title='bbox 1314 2053 1389 2110; x_wconf 89' lang='lat' dir='ltr'><strong>rium</strong></span> <span class='ocrx_word' id='word_1_441' title='bbox 1412 2053 1488 2125; x_wconf 86' lang='lat' dir='ltr'><strong>ipsis</strong></span> <span class='ocrx_word' id='word_1_442' title='bbox 1511 2057 1699 2129; x_wconf 82' lang='lat' dir='ltr'><strong>commiserit,</strong></span> <span class='ocrx_word' id='word_1_443' title='bbox 1722 2063 1826 2114; x_wconf 87' lang='lat' dir='ltr'><strong>contra</strong></span> <span class='ocrx_word' id='word_1_444' title='bbox 1841 2057 2017 2116; x_wconf 85' lang='lat' dir='ltr'><strong>decessores</strong></span> <span class='ocrx_word' id='word_1_445' title='bbox 2037 2075 2112 2116; x_wconf 84' lang='lat' dir='ltr'><strong>snos</strong></span> <span class='ocrx_word' id='word_1_446' title='bbox 2129 2075 2231 2116; x_wconf 90' lang='lat' dir='ltr'><strong>omncs</strong></span> 
     </span>
     <span class='ocr_line' id='line_1_52' title="bbox 1314 2137 2230 2216; baseline 0.011 -25"><span class='ocrx_word' id='word_1_447' title='bbox 1314 2137 1375 2192; x_wconf 90' lang='lat' dir='ltr'><strong>iras</strong></span> <span class='ocrx_word' id='word_1_448' title='bbox 1404 2139 1574 2196; x_wconf 91' lang='lat' dir='ltr'><strong>incendunt.</strong></span> <span class='ocrx_word' id='word_1_449' title='bbox 1617 2141 1734 2214; x_wconf 81' lang='lat' dir='ltr'><strong>Atque,</strong></span> <span class='ocrx_word' id='word_1_450' title='bbox 1763 2157 1854 2212; x_wconf 82' lang='lat' dir='ltr'><strong>quum</strong></span> <span class='ocrx_word' id='word_1_451' title='bbox 1881 2144 1912 2200; x_wconf 94' lang='lat' dir='ltr'><strong>in</strong></span> <span class='ocrx_word' id='word_1_452' title='bbox 1934 2144 2002 2200; x_wconf 90' lang='lat' dir='ltr'><strong>lllns</strong></span> <span class='ocrx_word' id='word_1_453' title='bbox 2023 2144 2110 2216; x_wconf 87' lang='lat' dir='ltr'><strong>ipsos</strong></span> <span class='ocrx_word' id='word_1_454' title='bbox 2132 2145 2230 2200; x_wconf 86' lang='lat' dir='ltr'><strong>anim-</strong></span> 
     </span>
     <span class='ocr_line' id='line_1_53' title="bbox 1314 2222 2230 2296; baseline 0.011 -20"><span class='ocrx_word' id='word_1_455' title='bbox 1314 2222 1471 2279; x_wconf 86' lang='lat' dir='ltr'><strong>advertere</strong></span> <span class='ocrx_word' id='word_1_456' title='bbox 1505 2231 1665 2296; x_wconf 81' lang='lat' dir='ltr'><strong>nequeant:</strong></span> <span class='ocrx_word' id='word_1_457' title='bbox 1705 2226 1813 2284; x_wconf 88' lang='lat' dir='ltr'><strong>surdos</strong></span> <span class='ocrx_word' id='word_1_458' title='bbox 1841 2228 1920 2284; x_wconf 90' lang='lat' dir='ltr'><strong>enirn</strong></span> <span class='ocrx_word' id='word_1_459' title='bbox 1948 2229 2068 2286; x_wconf 89' lang='lat' dir='ltr'><strong>cineres</strong></span> <span class='ocrx_word' id='word_1_460' title='bbox 2098 2229 2230 2286; x_wconf 88' lang='lat' dir='ltr'><strong>dedeco-</strong></span> 
     </span>
     <span class='ocr_line' id='line_1_54' title="bbox 1314 2309 2230 2384; baseline 0.011 -22"><span class='ocrx_word' id='word_1_461' title='bbox 1314 2321 1391 2380; x_wconf 87' lang='lat' dir='ltr'><strong>rare,</strong></span> <span class='ocrx_word' id='word_1_462' title='bbox 1413 2309 1470 2364; x_wconf 89' lang='lat' dir='ltr'><strong>etsi</strong></span> <span class='ocrx_word' id='word_1_463' title='bbox 1493 2309 1684 2368; x_wconf 89' lang='lat' dir='ltr'><strong>vehementer</strong></span> <span class='ocrx_word' id='word_1_464' title='bbox 1704 2312 1866 2384; x_wconf 89' lang='lat' dir='ltr'><strong>insaniunt,</strong></span> <span class='ocrx_word' id='word_1_465' title='bbox 1890 2319 2030 2384; x_wconf 87' lang='lat' dir='ltr'><strong>parcunt:</strong></span> <span class='ocrx_word' id='word_1_466' title='bbox 2059 2313 2092 2369; x_wconf 91' lang='lat' dir='ltr'><strong>in</strong></span> <span class='ocrx_word' id='word_1_467' title='bbox 2115 2315 2230 2372; x_wconf 89' lang='lat' dir='ltr'><strong>illorum</strong></span> 
     </span>
     <span class='ocr_line' id='line_1_55' title="bbox 1312 2392 2229 2472; baseline 0.011 -26"><span class='ocrx_word' id='word_1_468' title='bbox 1312 2392 1474 2464; x_wconf 86' lang='lat' dir='ltr'><strong>ministros,</strong></span> <span class='ocrx_word' id='word_1_469' title='bbox 1496 2395 1545 2450; x_wconf 89' lang='lat' dir='ltr'><strong>vcl</strong></span> <span class='ocrx_word' id='word_1_470' title='bbox 1567 2396 1655 2452; x_wconf 87' lang='lat' dir='ltr'><strong>simul</strong></span> <span class='ocrx_word' id='word_1_471' title='bbox 1677 2397 1707 2451; x_wconf 92' lang='lat' dir='ltr'><strong>in</strong></span> <span class='ocrx_word' id='word_1_472' title='bbox 1727 2397 1850 2470; x_wconf 81' lang='lat' dir='ltr'><strong>generis</strong></span> <span class='ocrx_word' id='word_1_473' title='bbox 1872 2402 2018 2472; x_wconf 78' lang='lat' dir='ltr'><strong>cognatos</strong></span> <span class='ocrx_word' id='word_1_474' title='bbox 2040 2405 2153 2469; x_wconf 82' lang='lat' dir='ltr'><strong>quanto</strong></span> <span class='ocrx_word' id='word_1_475' title='bbox 2171 2401 2229 2456; x_wconf 89' lang='lat' dir='ltr'><strong>ira-</strong></span> 
     </span>
     <span class='ocr_line' id='line_1_56' title="bbox 1312 2478 2228 2552; baseline 0.009 -20"><span class='ocrx_word' id='word_1_476' title='bbox 1312 2483 1384 2548; x_wconf 87' lang='lat' dir='ltr'><strong>petu</strong></span> <span class='ocrx_word' id='word_1_477' title='bbox 1406 2478 1602 2536; x_wconf 88' lang='lat' dir='ltr'><strong>invehunturl</strong></span> <span class='ocrx_word' id='word_1_478' title='bbox 1626 2484 1667 2538; x_wconf 77' lang='lat' dir='ltr'><strong>ut</strong></span> <span class='ocrx_word' id='word_1_479' title='bbox 1688 2481 1764 2552; x_wconf 87' lang='lat' dir='ltr'><strong>quod</strong></span> <span class='ocrx_word' id='word_1_480' title='bbox 1787 2483 1890 2539; x_wconf 88' lang='lat' dir='ltr'><strong>facere</strong></span> <span class='ocrx_word' id='word_1_481' title='bbox 1910 2483 1988 2539; x_wconf 89' lang='lat' dir='ltr'><strong>solet</strong></span> <span class='ocrx_word' id='word_1_482' title='bbox 2010 2484 2141 2540; x_wconf 89' lang='lat' dir='ltr'><strong>fluminis</strong></span> <span class='ocrx_word' id='word_1_483' title='bbox 2156 2501 2228 2540; x_wconf 87' lang='lat' dir='ltr'><strong>cur-</strong></span> 
     </span>
     <span class='ocr_line' id='line_1_57' title="bbox 1311 2564 2227 2662; baseline 0.011 -45"><span class='ocrx_word' id='word_1_484' title='bbox 1311 2577 1381 2630; x_wconf 86' lang='lat' dir='ltr'><strong>sus,</strong></span> <span class='ocrx_word' id='word_1_485' title='bbox 1415 2566 1449 2618; x_wconf 90' lang='lat' dir='ltr'><strong>ut</strong></span> <span class='ocrx_word' id='word_1_486' title='bbox 1477 2564 1686 2662; x_wconf 83' lang='lat' dir='ltr'><strong>impedimento</strong></span> <span class='ocrx_word' id='word_1_487' title='bbox 1714 2565 1831 2622; x_wconf 88' lang='lat' dir='ltr'><strong>obiecto</strong></span> <span class='ocrx_word' id='word_1_488' title='bbox 1866 2583 1885 2622; x_wconf 92' lang='lat' dir='ltr'><em>a</em></span> <span class='ocrx_word' id='word_1_489' title='bbox 1919 2568 2086 2640; x_wconf 88' lang='lat' dir='ltr'><strong>praecipite</strong></span> <span class='ocrx_word' id='word_1_490' title='bbox 2114 2569 2227 2640; x_wconf 86' lang='lat' dir='ltr'><strong>impetn</strong></span> 
     </span>
     <span class='ocr_line' id='line_1_58' title="bbox 1311 2646 2223 2726; baseline 0.01 -25"><span class='ocrx_word' id='word_1_491' title='bbox 1311 2646 1494 2720; x_wconf 87' lang='lat' dir='ltr'><strong>prohibitus,</strong></span> <span class='ocrx_word' id='word_1_492' title='bbox 1524 2649 1555 2706; x_wconf 94' lang='lat' dir='ltr'><strong>in</strong></span> <span class='ocrx_word' id='word_1_493' title='bbox 1582 2649 1705 2706; x_wconf 88' lang='lat' dir='ltr'><strong>alteram</strong></span> <span class='ocrx_word' id='word_1_494' title='bbox 1727 2652 1821 2708; x_wconf 90' lang='lat' dir='ltr'><strong>irruat</strong></span> <span class='ocrx_word' id='word_1_495' title='bbox 1844 2652 1938 2722; x_wconf 84' lang='lat' dir='ltr'><strong>ripam</strong></span> <span class='ocrx_word' id='word_1_496' title='bbox 1969 2653 2008 2708; x_wconf 91' lang='lat' dir='ltr'><em>ad</em></span> <span class='ocrx_word' id='word_1_497' title='bbox 2031 2667 2151 2726; x_wconf 84' lang='lat' dir='ltr'><strong>eamque</strong></span> <span class='ocrx_word' id='word_1_498' title='bbox 2171 2655 2223 2710; x_wconf 89' lang='lat' dir='ltr'><strong>in·</strong></span> 
     </span>
    </p>

    <p class='ocr_par' dir='ltr' id='par_1_7' title="bbox 1307 2731 2232 4164">
     <span class='ocr_line' id='line_1_59' title="bbox 1309 2731 2220 2812; baseline 0.011 -27"><span class='ocrx_word' id='word_1_499' title='bbox 1309 2731 1395 2804; x_wconf 82' lang='lat' dir='ltr'><strong>genti</strong></span> <span class='ocrx_word' id='word_1_500' title='bbox 1426 2734 1547 2806; x_wconf 81' lang='lat' dir='ltr'><strong>fragore</strong></span> <span class='ocrx_word' id='word_1_501' title='bbox 1576 2735 1763 2809; x_wconf 88' lang='lat' dir='ltr'><strong>compulsus,</strong></span> <span class='ocrx_word' id='word_1_502' title='bbox 1792 2736 1935 2808; x_wconf 80' lang='lat' dir='ltr'><strong>quidquid</strong></span> <span class='ocrx_word' id='word_1_503' title='bbox 1956 2739 2104 2812; x_wconf 90' lang='lat' dir='ltr'><strong>occurrit,</strong></span> <span class='ocrx_word' id='word_1_504' title='bbox 2132 2753 2220 2810; x_wconf 81' lang='lat' dir='ltr'><strong>aquae</strong></span> 
     </span>
     <span class='ocr_line' id='line_1_60' title="bbox 1309 2811 2221 2894; baseline 0.011 -24"><span class='ocrx_word' id='word_1_505' title='bbox 1309 2811 1501 2874; x_wconf 87' lang='lat' dir='ltr'><strong>inundatione</strong></span> <span class='ocrx_word' id='word_1_506' title='bbox 1529 2819 1674 2892; x_wconf 88' lang='lat' dir='ltr'><strong>abripiat,</strong></span> <span class='ocrx_word' id='word_1_507' title='bbox 1714 2821 1792 2876; x_wconf 91' lang='lat' dir='ltr'><strong>idem</strong></span> <span class='ocrx_word' id='word_1_508' title='bbox 1819 2821 1864 2878; x_wconf 92' lang='lat' dir='ltr'><strong>illi</strong></span> <span class='ocrx_word' id='word_1_509' title='bbox 1897 2837 2015 2893; x_wconf 76' lang='lat' dir='ltr'><strong>quoquc</strong></span> <span class='ocrx_word' id='word_1_510' title='bbox 2042 2823 2167 2894; x_wconf 86' lang='lat' dir='ltr'><strong>turpiter</strong></span> <span class='ocrx_word' id='word_1_511' title='bbox 2191 2829 2221 2880; x_wconf 85' lang='lat' dir='ltr'><strong>cl</strong></span> 
     </span>
     <span class='ocr_line' id='line_1_61' title="bbox 1311 2901 2224 2980; baseline 0.009 -24"><span class='ocrx_word' id='word_1_512' title='bbox 1311 2901 1428 2958; x_wconf 88' lang='lat' dir='ltr'><strong>faciunt</strong></span> <span class='ocrx_word' id='word_1_513' title='bbox 1456 2907 1487 2958; x_wconf 91' lang='lat' dir='ltr'><em>et</em></span> <span class='ocrx_word' id='word_1_514' title='bbox 1513 2903 1676 2973; x_wconf 90' lang='lat' dir='ltr'><strong>patiuntur.</strong></span> <span class='ocrx_word' id='word_1_515' title='bbox 1721 2907 1796 2962; x_wconf 89' lang='lat' dir='ltr'><em>Nam</em></span> <span class='ocrx_word' id='word_1_516' title='bbox 1820 2906 2031 2964; x_wconf 82' lang='lat' dir='ltr'><strong>decessoribus</strong></span> <span class='ocrx_word' id='word_1_517' title='bbox 2060 2923 2121 2964; x_wconf 87' lang='lat' dir='ltr'><em>non</em></span> <span class='ocrx_word' id='word_1_518' title='bbox 2144 2909 2224 2980; x_wconf 88' lang='lat' dir='ltr'><strong>potiti</strong></span> 
     </span>
     <span class='ocr_line' id='line_1_62' title="bbox 1309 2985 2228 3050; baseline 0.012 -11"><span class='ocrx_word' id='word_1_519' title='bbox 1309 2985 1455 3042; x_wconf 88' lang='lat' dir='ltr'><strong>adversus</strong></span> <span class='ocrx_word' id='word_1_520' title='bbox 1487 3002 1587 3044; x_wconf 89' lang='lat' dir='ltr'><strong>eorum</strong></span> <span class='ocrx_word' id='word_1_521' title='bbox 1619 2989 1781 3046; x_wconf 76' lang='lat' dir='ltr'><strong>familiares</strong></span> <span class='ocrx_word' id='word_1_522' title='bbox 1802 3005 1917 3048; x_wconf 91' lang='lat' dir='ltr'><strong>ornnem</strong></span> <span class='ocrx_word' id='word_1_523' title='bbox 1939 2992 2012 3048; x_wconf 92' lang='lat' dir='ltr'><strong>iram</strong></span> <span class='ocrx_word' id='word_1_524' title='bbox 2042 3008 2129 3048; x_wconf 88' lang='lat' dir='ltr'><strong>snam</strong></span> <span class='ocrx_word' id='word_1_525' title='bbox 2152 3007 2228 3050; x_wconf 87' lang='lat' dir='ltr'><strong>evo·</strong></span> 
     </span>
     <span class='ocr_line' id='line_1_63' title="bbox 1309 3071 2228 3148; baseline 0.012 -24"><span class='ocrx_word' id='word_1_526' title='bbox 1309 3076 1392 3128; x_wconf 91' lang='lat' dir='ltr'><strong>munt</strong></span> <span class='ocrx_word' id='word_1_527' title='bbox 1413 3075 1443 3128; x_wconf 89' lang='lat' dir='ltr'><em>et</em></span> <span class='ocrx_word' id='word_1_528' title='bbox 1463 3071 1527 3128; x_wconf 90' lang='lat' dir='ltr'><strong>irae</strong></span> <span class='ocrx_word' id='word_1_529' title='bbox 1548 3074 1703 3130; x_wconf 89' lang='lat' dir='ltr'><strong>avaritiam</strong></span> <span class='ocrx_word' id='word_1_530' title='bbox 1725 3075 1942 3148; x_wconf 84' lang='lat' dir='ltr'><strong>admiscentes,</strong></span> <span class='ocrx_word' id='word_1_531' title='bbox 1975 3081 2006 3134; x_wconf 87' lang='lat' dir='ltr'><em>et</em></span> <span class='ocrx_word' id='word_1_532' title='bbox 2031 3077 2128 3133; x_wconf 84' lang='lat' dir='ltr'><strong>instar</strong></span> <span class='ocrx_word' id='word_1_533' title='bbox 2148 3078 2228 3134; x_wconf 89' lang='lat' dir='ltr'><strong>dno-</strong></span> 
     </span>
     <span class='ocr_line' id='line_1_64' title="bbox 1310 3157 2230 3235; baseline 0.01 -25"><span class='ocrx_word' id='word_1_534' title='bbox 1310 3169 1374 3210; x_wconf 91' lang='grc' dir='ltr'><em>ιιιιιι</em></span> <span class='ocrx_word' id='word_1_535' title='bbox 1406 3157 1557 3214; x_wconf 89' lang='lat' dir='ltr'><strong>fluminum</strong></span> <span class='ocrx_word' id='word_1_536' title='bbox 1591 3158 1623 3214; x_wconf 96' lang='lat' dir='ltr'><strong>in</strong></span> <span class='ocrx_word' id='word_1_537' title='bbox 1652 3159 1775 3216; x_wconf 88' lang='lat' dir='ltr'><strong>eandem</strong></span> <span class='ocrx_word' id='word_1_538' title='bbox 1813 3162 1987 3235; x_wconf 78' lang='lat' dir='ltr'><strong>voraginem</strong></span> <span class='ocrx_word' id='word_1_539' title='bbox 2019 3163 2230 3234; x_wconf 84' lang='lat' dir='ltr'><strong>praecipiten-</strong></span> 
     </span>
     <span class='ocr_line' id='line_1_65' title="bbox 1310 3239 2231 3312; baseline 0.012 -18"><span class='ocrx_word' id='word_1_540' title='bbox 1310 3239 1399 3312; x_wconf 92' lang='lat' dir='ltr'><strong>tium,</strong></span> <span class='ocrx_word' id='word_1_541' title='bbox 1433 3242 1593 3300; x_wconf 77' lang='lat' dir='ltr'><strong>facultates</strong></span> <span class='ocrx_word' id='word_1_542' title='bbox 1624 3243 1824 3302; x_wconf 74' lang='lat' dir='ltr'><strong>innnocentium</strong></span> <span class='ocrx_word' id='word_1_543' title='bbox 1852 3247 1955 3302; x_wconf 86' lang='lat' dir='ltr'><strong>statim</strong></span> <span class='ocrx_word' id='word_1_544' title='bbox 1984 3249 2017 3304; x_wconf 90' lang='lat' dir='ltr'><strong>ut</strong></span> <span class='ocrx_word' id='word_1_545' title='bbox 2044 3247 2231 3304; x_wconf 83' lang='lat' dir='ltr'><strong>intransitu</strong></span> 
     </span>
     <span class='ocr_line' id='line_1_66' title="bbox 1308 3325 2231 3400; baseline 0.01 -21"><span class='ocrx_word' id='word_1_546' title='bbox 1308 3325 1474 3399; x_wconf 88' lang='lat' dir='ltr'><strong>abripiunt,</strong></span> <span class='ocrx_word' id='word_1_547' title='bbox 1497 3331 1528 3382; x_wconf 91' lang='lat' dir='ltr'><em>et</em></span> <span class='ocrx_word' id='word_1_548' title='bbox 1550 3329 1600 3398; x_wconf 79' lang='lat' dir='ltr'><em>qui</em></span> <span class='ocrx_word' id='word_1_549' title='bbox 1622 3329 1696 3384; x_wconf 92' lang='lat' dir='ltr'><strong>nihil</strong></span> <span class='ocrx_word' id='word_1_550' title='bbox 1719 3335 1898 3400; x_wconf 89' lang='lat' dir='ltr'><strong>peccarunt,</strong></span> <span class='ocrx_word' id='word_1_551' title='bbox 1927 3345 1980 3388; x_wconf 87' lang='lat' dir='ltr'><em>eos</em></span> <span class='ocrx_word' id='word_1_552' title='bbox 2008 3337 2042 3388; x_wconf 89' lang='lat' dir='ltr'><strong>ut</strong></span> <span class='ocrx_word' id='word_1_553' title='bbox 2069 3337 2175 3390; x_wconf 88' lang='lat' dir='ltr'><strong>sontes</strong></span> <span class='ocrx_word' id='word_1_554' title='bbox 2196 3333 2231 3390; x_wconf 90' lang='lat' dir='ltr'><strong>in</strong></span> 
     </span>
     <span class='ocr_line' id='line_1_67' title="bbox 1308 3409 2232 3485; baseline 0.01 -21"><span class='ocrx_word' id='word_1_555' title='bbox 1308 3409 1450 3466; x_wconf 91' lang='lat' dir='ltr'><strong>iudicium</strong></span> <span class='ocrx_word' id='word_1_556' title='bbox 1473 3415 1610 3483; x_wconf 84' lang='lat' dir='ltr'><strong>tanquam</strong></span> <span class='ocrx_word' id='word_1_557' title='bbox 1638 3414 1669 3468; x_wconf 93' lang='lat' dir='ltr'><strong>in</strong></span> <span class='ocrx_word' id='word_1_558' title='bbox 1692 3413 1907 3472; x_wconf 87' lang='lat' dir='ltr'><strong>damnationem</strong></span> <span class='ocrx_word' id='word_1_559' title='bbox 1928 3417 2059 3473; x_wconf 77' lang='lat' dir='ltr'><strong>trallunt.</strong></span> <span class='ocrx_word' id='word_1_560' title='bbox 2102 3419 2171 3485; x_wconf 77' lang='lat' dir='ltr'><em>Qua</em></span> <span class='ocrx_word' id='word_1_561' title='bbox 2192 3417 2232 3473; x_wconf 85' lang='lat' dir='ltr'><em>de</em></span> 
     </span>
     <span class='ocr_line' id='line_1_68' title="bbox 1308 3495 2232 3576; baseline 0.009 -26"><span class='ocrx_word' id='word_1_562' title='bbox 1308 3495 1413 3566; x_wconf 83' lang='lat' dir='ltr'><strong>requi</strong></span> <span class='ocrx_word' id='word_1_563' title='bbox 1436 3497 1482 3552; x_wconf 87' lang='lat' dir='ltr'><strong>vir</strong></span> <span class='ocrx_word' id='word_1_564' title='bbox 1506 3498 1615 3568; x_wconf 88' lang='lat' dir='ltr'><strong>probus</strong></span> <span class='ocrx_word' id='word_1_565' title='bbox 1638 3502 1669 3554; x_wconf 89' lang='lat' dir='ltr'><em>et</em></span> <span class='ocrx_word' id='word_1_566' title='bbox 1689 3499 1807 3556; x_wconf 89' lang='lat' dir='ltr'><strong>honesti</strong></span> <span class='ocrx_word' id='word_1_567' title='bbox 1831 3500 1987 3558; x_wconf 87' lang='lat' dir='ltr'><strong>studiosus</strong></span> <span class='ocrx_word' id='word_1_568' title='bbox 2005 3517 2063 3558; x_wconf 95' lang='lat' dir='ltr'><em>non</em></span> <span class='ocrx_word' id='word_1_569' title='bbox 2081 3501 2232 3576; x_wconf 81' lang='lat' dir='ltr'><strong>indigne·</strong></span> 
     </span>
     <span class='ocr_line' id='line_1_69' title="bbox 1309 3583 2232 3660; baseline 0.011 -26"><span class='ocrx_word' id='word_1_570' title='bbox 1309 3585 1366 3650; x_wconf 94' lang='lat' dir='ltr'><strong>tur,</strong></span> <span class='ocrx_word' id='word_1_571' title='bbox 1389 3584 1419 3636; x_wconf 89' lang='lat' dir='ltr'><em>et</em></span> <span class='ocrx_word' id='word_1_572' title='bbox 1440 3583 1586 3651; x_wconf 84' lang='lat' dir='ltr'><strong>quomodo</strong></span> <span class='ocrx_word' id='word_1_573' title='bbox 1607 3583 1717 3640; x_wconf 91' lang='lat' dir='ltr'><strong>iniuria</strong></span> <span class='ocrx_word' id='word_1_574' title='bbox 1740 3586 1864 3642; x_wconf 79' lang='lat' dir='ltr'><strong>allectos</strong></span> <span class='ocrx_word' id='word_1_575' title='bbox 1886 3599 1945 3642; x_wconf 91' lang='lat' dir='ltr'><strong>nou</strong></span> <span class='ocrx_word' id='word_1_576' title='bbox 1966 3585 2087 3660; x_wconf 71' lang='lat' dir='ltr'><strong>lugebit</strong></span> <span class='ocrx_word' id='word_1_577' title='bbox 2113 3587 2232 3644; x_wconf 54' lang='lat' dir='ltr'><strong>recti&amp;</strong></span> 
     </span>
     <span class='ocr_line' id='line_1_70' title="bbox 1307 3660 2230 3745; baseline 0.011 -26"><span class='ocrx_word' id='word_1_578' title='bbox 1307 3660 1406 3720; x_wconf 78' lang='lat' dir='ltr'><strong>simol</strong></span> <span class='ocrx_word' id='word_1_579' title='bbox 1433 3680 1522 3736; x_wconf 82' lang='lat' dir='ltr'><strong>quum</strong></span> <span class='ocrx_word' id='word_1_580' title='bbox 1544 3683 1598 3738; x_wconf 89' lang='lat' dir='ltr'><em>par</em></span> <span class='ocrx_word' id='word_1_581' title='bbox 1618 3668 1671 3744; x_wconf 89' lang='lat' dir='ltr'><strong>sit,</strong></span> <span class='ocrx_word' id='word_1_582' title='bbox 1694 3667 1748 3724; x_wconf 89' lang='lat' dir='ltr'><em>hos</em></span> <span class='ocrx_word' id='word_1_583' title='bbox 1770 3673 1836 3742; x_wconf 90' lang='lat' dir='ltr'><strong>aut,</strong></span> <span class='ocrx_word' id='word_1_584' title='bbox 1858 3669 1887 3726; x_wconf 88' lang='lat' dir='ltr'><em>si</em></span> <span class='ocrx_word' id='word_1_585' title='bbox 1907 3672 2119 3744; x_wconf 88' lang='lat' dir='ltr'><strong>peccaverint,</strong></span> <span class='ocrx_word' id='word_1_586' title='bbox 2148 3671 2230 3745; x_wconf 72' lang='lat' dir='ltr'><strong>legl-</strong></span> 
     </span>
     <span class='ocr_line' id='line_1_71' title="bbox 1308 3749 2231 3829; baseline 0.01 -26"><span class='ocrx_word' id='word_1_587' title='bbox 1308 3749 1378 3804; x_wconf 92' lang='lat' dir='ltr'><strong>time</strong></span> <span class='ocrx_word' id='word_1_588' title='bbox 1408 3751 1553 3820; x_wconf 88' lang='lat' dir='ltr'><strong>prehendi</strong></span> <span class='ocrx_word' id='word_1_589' title='bbox 1582 3755 1612 3808; x_wconf 90' lang='lat' dir='ltr'><em>et</em></span> <span class='ocrx_word' id='word_1_590' title='bbox 1639 3767 1763 3824; x_wconf 91' lang='lat' dir='ltr'><strong>poenam</strong></span> <span class='ocrx_word' id='word_1_591' title='bbox 1792 3771 1831 3812; x_wconf 86' lang='lat' dir='ltr'><em>ex</em></span> <span class='ocrx_word' id='word_1_592' title='bbox 1858 3755 1930 3829; x_wconf 76' lang='lat' dir='ltr'><strong>lege</strong></span> <span class='ocrx_word' id='word_1_593' title='bbox 1958 3757 2118 3828; x_wconf 86' lang='lat' dir='ltr'><strong>capitalem</strong></span> <span class='ocrx_word' id='word_1_594' title='bbox 2149 3757 2231 3824; x_wconf 80' lang='lat' dir='ltr'><strong>dare,</strong></span> 
     </span>
     <span class='ocr_line' id='line_1_72' title="bbox 1307 3836 2230 3910; baseline 0.012 -22"><span class='ocrx_word' id='word_1_595' title='bbox 1307 3839 1360 3888; x_wconf 91' lang='lat' dir='ltr'><em>ant</em></span> <span class='ocrx_word' id='word_1_596' title='bbox 1388 3849 1445 3890; x_wconf 91' lang='lat' dir='ltr'><em>non</em></span> <span class='ocrx_word' id='word_1_597' title='bbox 1476 3841 1579 3892; x_wconf 90' lang='lat' dir='ltr'><strong>contra</strong></span> <span class='ocrx_word' id='word_1_598' title='bbox 1608 3836 1660 3894; x_wconf 85' lang='lat' dir='ltr'><em>lus</em></span> <span class='ocrx_word' id='word_1_599' title='bbox 1687 3853 1810 3909; x_wconf 91' lang='lat' dir='ltr'><strong>poenam</strong></span> <span class='ocrx_word' id='word_1_600' title='bbox 1840 3839 2045 3898; x_wconf 87' lang='lat' dir='ltr'><strong>damnatorum</strong></span> <span class='ocrx_word' id='word_1_601' title='bbox 2075 3842 2164 3898; x_wconf 90' lang='lat' dir='ltr'><strong>ferre</strong></span> <span class='ocrx_word' id='word_1_602' title='bbox 2191 3845 2230 3910; x_wconf 84' lang='lat' dir='ltr'><em>et,</em></span> 
     </span>
     <span class='ocr_line' id='line_1_73' title="bbox 1307 3918 2230 4000; baseline 0.011 -28"><span class='ocrx_word' id='word_1_603' title='bbox 1307 3918 1374 3974; x_wconf 88' lang='lat' dir='ltr'><strong>sinc</strong></span> <span class='ocrx_word' id='word_1_604' title='bbox 1397 3919 1459 3975; x_wconf 91' lang='lat' dir='ltr'><strong>nlla</strong></span> <span class='ocrx_word' id='word_1_605' title='bbox 1479 3936 1581 3992; x_wconf 88' lang='lat' dir='ltr'><strong>causa,</strong></span> <span class='ocrx_word' id='word_1_606' title='bbox 1602 3923 1783 3996; x_wconf 76' lang='lat' dir='ltr'><strong>gravissima</strong></span> <span class='ocrx_word' id='word_1_607' title='bbox 1804 3925 1973 3982; x_wconf 83' lang='lat' dir='ltr'><strong>calamitate</strong></span> <span class='ocrx_word' id='word_1_608' title='bbox 1995 3925 2104 4000; x_wconf 75' lang='lat' dir='ltr'><strong>affligi.</strong></span> <span class='ocrx_word' id='word_1_609' title='bbox 2146 3929 2230 3996; x_wconf 76' lang='lat' dir='ltr'><strong>Quae</strong></span> 
     </span>
     <span class='ocr_line' id='line_1_74' title="bbox 1308 4003 2232 4082; baseline 0.012 -24"><span class='ocrx_word' id='word_1_610' title='bbox 1308 4003 1462 4060; x_wconf 90' lang='lat' dir='ltr'><strong>calamitas</strong></span> <span class='ocrx_word' id='word_1_611' title='bbox 1488 4011 1521 4061; x_wconf 91' lang='lat' dir='ltr'><em>nt</em></span> <span class='ocrx_word' id='word_1_612' title='bbox 1550 4006 1599 4062; x_wconf 92' lang='lat' dir='ltr'><strong>hic</strong></span> <span class='ocrx_word' id='word_1_613' title='bbox 1624 4008 1785 4080; x_wconf 84' lang='lat' dir='ltr'><strong>subsistat,</strong></span> <span class='ocrx_word' id='word_1_614' title='bbox 1816 4025 1892 4066; x_wconf 91' lang='lat' dir='ltr'><strong>neve</strong></span> <span class='ocrx_word' id='word_1_615' title='bbox 1920 4011 2047 4082; x_wconf 86' lang='lat' dir='ltr'><strong>amplius</strong></span> <span class='ocrx_word' id='word_1_616' title='bbox 2073 4011 2161 4068; x_wconf 79' lang='lat' dir='ltr'><strong>ultra</strong></span> <span class='ocrx_word' id='word_1_617' title='bbox 2182 4015 2232 4068; x_wconf 73' lang='lat' dir='ltr'><em>eb·</em></span> 
     </span>
     <span class='ocr_line' id='line_1_75' title="bbox 1307 4049 2233 4164; baseline 0.01 -20"><span class='ocrx_word' id='word_1_618' title='bbox 1307 4088 1365 4146; x_wconf 90' lang='lat' dir='ltr'><em>iam</em></span> <span class='ocrx_word' id='word_1_619' title='bbox 1394 4089 1536 4161; x_wconf 88' lang='lat' dir='ltr'><strong>procedat</strong></span> <span class='ocrx_word' id='word_1_620' title='bbox 1563 4093 1704 4164; x_wconf 87' lang='lat' dir='ltr'><strong>temporis</strong></span> <span class='ocrx_word' id='word_1_621' title='bbox 1735 4049 1929 4152; x_wconf 88' lang='lat' dir='ltr'><strong>diuturnitate</strong></span> <span class='ocrx_word' id='word_1_622' title='bbox 1955 4094 1987 4151; x_wconf 92' lang='lat' dir='ltr'><strong>ln</strong></span> <span class='ocrx_word' id='word_1_623' title='bbox 2015 4097 2107 4152; x_wconf 89' lang='lat' dir='ltr'><strong>moris</strong></span> <span class='ocrx_word' id='word_1_624' title='bbox 2143 4095 2233 4154; x_wconf 91' lang='lat' dir='ltr'><strong>ordi-</strong></span> 
     </span>
    </p>
   </div>
   <div class='ocr_carea' id='block_1_6' title="bbox 340 4162 2238 5355">
    <p class='ocr_par' dir='ltr' id='par_1_8' title="bbox 340 4162 2238 5355">
     <span class='ocr_line' id='line_1_76' title="bbox 342 4162 2233 4278; baseline 0.005 -50"><span class='ocrx_word' id='word_1_625' title='bbox 342 4172 403 4278; x_wconf 80' lang='grc' dir='ltr'><em>κγῆ</em></span> <span class='ocrx_word' id='word_1_626' title='bbox 424 4162 519 4270; x_wconf 84' lang='grc' dir='ltr'><em>γριλιῳ</em></span> <span class='ocrx_word' id='word_1_627' title='bbox 541 4173 579 4242; x_wconf 82' lang='lat' dir='ltr'><strong>ef4·</strong></span> <span class='ocrx_word' id='word_1_628' title='bbox 600 4165 688 4240; x_wconf 80' lang='grc' dir='ltr'><em>ἔθους</em></span> <span class='ocrx_word' id='word_1_629' title='bbox 709 4164 789 4240; x_wconf 85' lang='grc' dir='ltr'><em>τάξιν</em></span> <span class='ocrx_word' id='word_1_630' title='bbox 812 4165 968 4272; x_wconf 65' lang='lat'><strong>44494464&#39;</strong></span> <span class='ocrx_word' id='word_1_631' title='bbox 953 4193 1066 4273; x_wconf 83' lang='grc' dir='ltr'><em>αμειον,</em></span> <span class='ocrx_word' id='word_1_632' title='bbox 1094 4167 1199 4234; x_wconf 84' lang='grc' dir='ltr'><em>καλ”</em></span> <span class='ocrx_word' id='word_1_633' title='bbox 1164 4195 1257 4244; x_wconf 82' lang='grc' dir='ltr'><em>ουτως</em></span> <span class='ocrx_word' id='word_1_634' title='bbox 1307 4189 1374 4230; x_wconf 88' lang='lat' dir='ltr'><em>nem</em></span> <span class='ocrx_word' id='word_1_635' title='bbox 1404 4189 1567 4250; x_wconf 86' lang='lat' dir='ltr'><strong>progressa</strong></span> <span class='ocrx_word' id='word_1_636' title='bbox 1602 4181 1632 4232; x_wconf 90' lang='lat' dir='ltr'><em>et</em></span> <span class='ocrx_word' id='word_1_637' title='bbox 1660 4177 1702 4232; x_wconf 91' lang='lat' dir='ltr'><em>ita</em></span> <span class='ocrx_word' id='word_1_638' title='bbox 1736 4177 1768 4234; x_wconf 92' lang='lat' dir='ltr'><strong>in</strong></span> <span class='ocrx_word' id='word_1_639' title='bbox 1795 4177 1876 4254; x_wconf 75' lang='lat' dir='ltr'><strong>legis</strong></span> <span class='ocrx_word' id='word_1_640' title='bbox 1905 4180 2037 4252; x_wconf 85' lang='lat' dir='ltr'><strong>speciem</strong></span> <span class='ocrx_word' id='word_1_641' title='bbox 2066 4195 2233 4252; x_wconf 78' lang='lat' dir='ltr'><strong>converse,</strong></span> 
     </span>
     <span class='ocr_line' id='line_1_77' title="bbox 344 4248 2234 4363; baseline 0.004 -49"><span class='ocrx_word' id='word_1_642' title='bbox 344 4258 381 4325; x_wconf 85' lang='lat' dir='ltr'><strong>n’4·</strong></span> <span class='ocrx_word' id='word_1_643' title='bbox 403 4251 492 4332; x_wconf 90' lang='grc' dir='ltr'><em>νόμου</em></span> <span class='ocrx_word' id='word_1_644' title='bbox 513 4248 603 4314; x_wconf 89' lang='grc' dir='ltr'><em>τιλπον</em></span> <span class='ocrx_word' id='word_1_645' title='bbox 624 4257 859 4331; x_wconf 70' lang='grc' dir='ltr'><em>μετατιθέμενοι,</em></span> <span class='ocrx_word' id='word_1_646' title='bbox 882 4253 1005 4363; x_wconf 70' lang='grc' dir='ltr'><em>ιιλγινολη</em></span> <span class='ocrx_word' id='word_1_647' title='bbox 1021 4259 1154 4318; x_wconf 86' lang='grc' dir='ltr'><em>καλλίαν</em></span> <span class='ocrx_word' id='word_1_648' title='bbox 1118 4260 1257 4337; x_wconf 82' lang='grc' dir='ltr'><em>ανβασι</em></span> <span class='ocrx_word' id='word_1_649' title='bbox 1307 4271 1456 4332; x_wconf 79' lang='lat' dir='ltr'><strong>generose</strong></span> <span class='ocrx_word' id='word_1_650' title='bbox 1477 4275 1514 4316; x_wconf 90' lang='lat' dir='ltr'><em>ac</em></span> <span class='ocrx_word' id='word_1_651' title='bbox 1536 4275 1674 4332; x_wconf 83' lang='lat' dir='ltr'><strong>perquam</strong></span> <span class='ocrx_word' id='word_1_652' title='bbox 1696 4263 1782 4338; x_wconf 76' lang='lat' dir='ltr'><strong>regio</strong></span> <span class='ocrx_word' id='word_1_653' title='bbox 1804 4264 1903 4320; x_wconf 89' lang='lat' dir='ltr'><strong>animo</strong></span> <span class='ocrx_word' id='word_1_654' title='bbox 1931 4265 2081 4338; x_wconf 83' lang='lat' dir='ltr'><strong>potentiae</strong></span> <span class='ocrx_word' id='word_1_655' title='bbox 2103 4272 2234 4324; x_wconf 80' lang='lat' dir='ltr'><strong>nostna</strong></span> 
     </span>
     <span class='ocr_line' id='line_1_78' title="bbox 342 4332 2235 4444; baseline 0.005 -46"><span class='ocrx_word' id='word_1_656' title='bbox 342 4335 462 4410; x_wconf 81' lang='grc' dir='ltr'><em>λικιλι’</em></span> <span class='ocrx_word' id='word_1_657' title='bbox 447 4361 467 4439; x_wconf 83' lang='grc' dir='ltr'><em>ιγ</em></span> <span class='ocrx_word' id='word_1_658' title='bbox 487 4332 642 4418; x_wconf 85' lang='grc' dir='ltr'><em>γαληιόιης</em></span> <span class='ocrx_word' id='word_1_659' title='bbox 663 4343 714 4398; x_wconf 79' lang='lat' dir='ltr'><strong>cori</strong></span> <span class='ocrx_word' id='word_1_660' title='bbox 735 4335 858 4417; x_wconf 84' lang='grc' dir='ltr'><em>κράτους</em></span> <span class='ocrx_word' id='word_1_661' title='bbox 886 4337 965 4420; x_wconf 86' lang='grc' dir='ltr'><em>ῆμολν</em></span> <span class='ocrx_word' id='word_1_662' title='bbox 986 4339 1082 4420; x_wconf 86' lang='grc' dir='ltr'><em>ίστησι</em></span> <span class='ocrx_word' id='word_1_663' title='bbox 1110 4347 1172 4414; x_wconf 86' lang='grc' dir='ltr'><em>ιιλν,</em></span> <span class='ocrx_word' id='word_1_664' title='bbox 1209 4345 1257 4444; x_wconf 79' lang='lat'><em>406</em></span> <span class='ocrx_word' id='word_1_665' title='bbox 1307 4343 1455 4400; x_wconf 86' lang='lat' dir='ltr'><strong>serenitas</strong></span> <span class='ocrx_word' id='word_1_666' title='bbox 1478 4361 1556 4402; x_wconf 89' lang='lat' dir='ltr'><strong>nunc</strong></span> <span class='ocrx_word' id='word_1_667' title='bbox 1576 4347 1740 4418; x_wconf 88' lang='lat' dir='ltr'><strong>constituit,</strong></span> <span class='ocrx_word' id='word_1_668' title='bbox 1771 4348 1842 4404; x_wconf 89' lang='lat' dir='ltr'><strong>mali</strong></span> <span class='ocrx_word' id='word_1_669' title='bbox 1863 4349 2048 4419; x_wconf 88' lang='lat' dir='ltr'><strong>putredinem</strong></span> <span class='ocrx_word' id='word_1_670' title='bbox 2073 4352 2235 4422; x_wconf 86' lang='lat' dir='ltr'><strong>praesenti</strong></span> 
     </span>
     <span class='ocr_line' id='line_1_79' title="bbox 343 4417 2232 4529; baseline 0.004 -46"><span class='ocrx_word' id='word_1_671' title='bbox 343 4418 394 4500; x_wconf 88' lang='grc' dir='ltr'><em>τλγι</em></span> <span class='ocrx_word' id='word_1_672' title='bbox 415 4427 467 4483; x_wconf 77' lang='lat' dir='ltr'><strong>aori</strong></span> <span class='ocrx_word' id='word_1_673' title='bbox 488 4427 577 4482; x_wconf 85' lang='grc' dir='ltr'><em>κακοῦ</em></span> <span class='ocrx_word' id='word_1_674' title='bbox 600 4417 744 4499; x_wconf 81' lang='lat' dir='ltr'><strong>c4nad6va</strong></span> <span class='ocrx_word' id='word_1_675' title='bbox 765 4426 926 4524; x_wconf 80' lang='grc' dir='ltr'><em>καθαπερελ</em></span> <span class='ocrx_word' id='word_1_676' title='bbox 947 4431 1078 4524; x_wconf 84' lang='grc' dir='ltr'><em>καυτῆρι</em></span> <span class='ocrx_word' id='word_1_677' title='bbox 1089 4431 1143 4529; x_wconf 42' lang='grc' dir='ltr'><em>τηλ-</em></span> <span class='ocrx_word' id='word_1_678' title='bbox 1149 4423 1256 4505; x_wconf 88' lang='grc' dir='ltr'><em>παρόν·</em></span> <span class='ocrx_word' id='word_1_679' title='bbox 1307 4428 1364 4486; x_wconf 88' lang='lat' dir='ltr'><em>hac</em></span> <span class='ocrx_word' id='word_1_680' title='bbox 1385 4443 1496 4486; x_wconf 86' lang='lat' dir='ltr'><strong>aureae</strong></span> <span class='ocrx_word' id='word_1_681' title='bbox 1524 4430 1625 4488; x_wconf 89' lang='lat' dir='ltr'><strong>bullae</strong></span> <span class='ocrx_word' id='word_1_682' title='bbox 1655 4431 1789 4488; x_wconf 89' lang='lat' dir='ltr'><strong>iussione</strong></span> <span class='ocrx_word' id='word_1_683' title='bbox 1818 4437 1957 4505; x_wconf 80' lang='lat' dir='ltr'><strong>tanquam</strong></span> <span class='ocrx_word' id='word_1_684' title='bbox 1985 4435 2060 4508; x_wconf 76' lang='lat' dir='ltr'><strong>igne</strong></span> <span class='ocrx_word' id='word_1_685' title='bbox 2081 4449 2232 4507; x_wconf 74' lang='lat' dir='ltr'><strong>uorans,</strong></span> 
     </span>
     <span class='ocr_line' id='line_1_80' title="bbox 342 4499 2230 4610; baseline 0.004 -42"><span class='ocrx_word' id='word_1_686' title='bbox 342 4529 370 4568; x_wconf 94' lang='grc' dir='ltr'><em>τι</em></span> <span class='ocrx_word' id='word_1_687' title='bbox 391 4501 647 4610; x_wconf 69' lang='lat' dir='ltr'><strong>4pooo4346llcp¹³)</strong></span> <span class='ocrx_word' id='word_1_688' title='bbox 677 4503 753 4586; x_wconf 82' lang='grc' dir='ltr'><em>λόγῳ</em></span> <span class='ocrx_word' id='word_1_689' title='bbox 774 4504 948 4582; x_wconf 82' lang='grc' dir='ltr'><em>πατάξασα,</em></span> <span class='ocrx_word' id='word_1_690' title='bbox 978 4508 1021 4572; x_wconf 82' lang='grc' dir='ltr'><em>δι’</em></span> <span class='ocrx_word' id='word_1_691' title='bbox 1044 4499 1079 4572; x_wconf 83' lang='grc' dir='ltr'><em>οιλ</em></span> <span class='ocrx_word' id='word_1_692' title='bbox 1100 4517 1175 4576; x_wconf 83' lang='grc' dir='ltr'><em>πᾶσι</em></span> <span class='ocrx_word' id='word_1_693' title='bbox 1195 4524 1256 4584; x_wconf 85' lang='grc' dir='ltr'><em>τοις</em></span> <span class='ocrx_word' id='word_1_694' title='bbox 1307 4527 1360 4584; x_wconf 87' lang='lat' dir='ltr'><em>per</em></span> <span class='ocrx_word' id='word_1_695' title='bbox 1387 4529 1474 4585; x_wconf 85' lang='lat' dir='ltr'><strong>quam</strong></span> <span class='ocrx_word' id='word_1_696' title='bbox 1506 4528 1608 4570; x_wconf 89' lang='lat' dir='ltr'><strong>omnes</strong></span> <span class='ocrx_word' id='word_1_697' title='bbox 1638 4517 1689 4587; x_wconf 82' lang='lat' dir='ltr'><em>qui</em></span> <span class='ocrx_word' id='word_1_698' title='bbox 1716 4521 1785 4588; x_wconf 89' lang='lat' dir='ltr'><strong>post</strong></span> <span class='ocrx_word' id='word_1_699' title='bbox 1814 4533 1867 4574; x_wconf 91' lang='lat' dir='ltr'><em>nos</em></span> <span class='ocrx_word' id='word_1_700' title='bbox 1890 4520 2008 4576; x_wconf 89' lang='lat' dir='ltr'><strong>venturi</strong></span> <span class='ocrx_word' id='word_1_701' title='bbox 2030 4524 2102 4576; x_wconf 87' lang='lat' dir='ltr'><strong>sunt</strong></span> <span class='ocrx_word' id='word_1_702' title='bbox 2126 4521 2230 4592; x_wconf 87' lang='lat' dir='ltr'><strong>impe-</strong></span> 
     </span>
     <span class='ocr_line' id='line_1_81' title="bbox 342 4589 2229 4678; baseline 0.006 -27"><span class='ocrx_word' id='word_1_703' title='bbox 342 4591 417 4671; x_wconf 76' lang='grc' dir='ltr'><em>μεθ’</em></span> <span class='ocrx_word' id='word_1_704' title='bbox 448 4589 523 4671; x_wconf 70' lang='grc' dir='ltr'><em>ἡμᾶς·</em></span> <span class='ocrx_word' id='word_1_705' title='bbox 551 4593 741 4670; x_wconf 76' lang='grc' dir='ltr'><em>λλειισομέιοις</em></span> <span class='ocrx_word' id='word_1_706' title='bbox 769 4593 933 4670; x_wconf 77' lang='grc' dir='ltr'><em>βασιλεῦσιν</em></span> <span class='ocrx_word' id='word_1_707' title='bbox 959 4592 1100 4674; x_wconf 73' lang='grc' dir='ltr'><em>εὐσεβέσι,</em></span> <span class='ocrx_word' id='word_1_708' title='bbox 1129 4599 1178 4656; x_wconf 90' lang='grc' dir='ltr'><em>καλ</em></span> <span class='ocrx_word' id='word_1_709' title='bbox 1205 4593 1256 4674; x_wconf 84' lang='grc' dir='ltr'><em>τῆν</em></span> <span class='ocrx_word' id='word_1_710' title='bbox 1306 4601 1421 4655; x_wconf 89' lang='lat' dir='ltr'><strong>ratores</strong></span> <span class='ocrx_word' id='word_1_711' title='bbox 1444 4599 1526 4672; x_wconf 88' lang='lat' dir='ltr'><strong>pios,</strong></span> <span class='ocrx_word' id='word_1_712' title='bbox 1556 4605 1586 4656; x_wconf 90' lang='lat' dir='ltr'><em>et</em></span> <span class='ocrx_word' id='word_1_713' title='bbox 1607 4601 1820 4658; x_wconf 87' lang='lat' dir='ltr'><strong>christianismi</strong></span> <span class='ocrx_word' id='word_1_714' title='bbox 1842 4617 1947 4660; x_wconf 86' lang='lat' dir='ltr'><strong>nomen</strong></span> <span class='ocrx_word' id='word_1_715' title='bbox 1976 4605 2058 4660; x_wconf 91' lang='lat' dir='ltr'><strong>facto</strong></span> <span class='ocrx_word' id='word_1_716' title='bbox 2084 4619 2229 4678; x_wconf 88' lang='lat' dir='ltr'><strong>compro-</strong></span> 
     </span>
     <span class='ocr_line' id='line_1_82' title="bbox 341 4673 2228 4777; baseline 0.004 -41"><span class='ocrx_word' id='word_1_717' title='bbox 341 4681 393 4736; x_wconf 88' lang='grc' dir='ltr'><em>ιοιλ</em></span> <span class='ocrx_word' id='word_1_718' title='bbox 414 4681 629 4756; x_wconf 84' lang='grc' dir='ltr'><em>γριστιαιισμοιλ</em></span> <span class='ocrx_word' id='word_1_719' title='bbox 650 4678 749 4756; x_wconf 81' lang='grc' dir='ltr'><em>κλῆσιν</em></span> <span class='ocrx_word' id='word_1_720' title='bbox 760 4673 999 4776; x_wconf 77' lang='grc' dir='ltr'><em>ἐπαληθιάοησιν</em></span> <span class='ocrx_word' id='word_1_721' title='bbox 1019 4677 1302 4777; x_wconf 77' lang='grc' dir='ltr'><em>αὐτοκράτορσιν,</em></span> <span class='ocrx_word' id='word_1_722' title='bbox 1296 4682 1422 4751; x_wconf 83' lang='lat' dir='ltr'><strong>nantes,</strong></span> <span class='ocrx_word' id='word_1_723' title='bbox 1445 4685 1575 4740; x_wconf 89' lang='lat' dir='ltr'><strong>fraterna</strong></span> <span class='ocrx_word' id='word_1_724' title='bbox 1597 4701 1662 4741; x_wconf 91' lang='lat' dir='ltr'><em>cum</em></span> <span class='ocrx_word' id='word_1_725' title='bbox 1685 4687 1842 4744; x_wconf 86' lang='lat' dir='ltr'><strong>allectione</strong></span> <span class='ocrx_word' id='word_1_726' title='bbox 1864 4687 2005 4746; x_wconf 89' lang='lat' dir='ltr'><strong>continno</strong></span> <span class='ocrx_word' id='word_1_727' title='bbox 2028 4690 2228 4760; x_wconf 79' lang='lat' dir='ltr'><strong>obtestamur,</strong></span> 
     </span>
     <span class='ocr_line' id='line_1_83' title="bbox 341 4757 2230 4865; baseline 0.004 -44"><span class='ocrx_word' id='word_1_728' title='bbox 341 4759 501 4864; x_wconf 83' lang='grc' dir='ltr'><em>άθιλιηικιιλι</em></span> <span class='ocrx_word' id='word_1_729' title='bbox 519 4757 646 4838; x_wconf 80' lang='grc' dir='ltr'><em>καθεξῆς</em></span> <span class='ocrx_word' id='word_1_730' title='bbox 667 4757 884 4865; x_wconf 75' lang='grc' dir='ltr'><em>ἐπισκῆπτομιι,</em></span> <span class='ocrx_word' id='word_1_731' title='bbox 910 4758 950 4842; x_wconf 87' lang='grc' dir='ltr'><em>μλγ</em></span> <span class='ocrx_word' id='word_1_732' title='bbox 973 4761 1098 4843; x_wconf 87' lang='grc' dir='ltr'><em>ζηλωτάς</em></span> <span class='ocrx_word' id='word_1_733' title='bbox 1120 4769 1257 4844; x_wconf 85' lang='grc' dir='ltr'><em>γινίσθαι</em></span> <span class='ocrx_word' id='word_1_734' title='bbox 1306 4782 1344 4823; x_wconf 91' lang='lat' dir='ltr'><em>ne</em></span> <span class='ocrx_word' id='word_1_735' title='bbox 1374 4767 1520 4824; x_wconf 86' lang='lat' dir='ltr'><strong>illiberale</strong></span> <span class='ocrx_word' id='word_1_736' title='bbox 1549 4769 1606 4829; x_wconf 88' lang='lat' dir='ltr'><em>hcc</em></span> <span class='ocrx_word' id='word_1_737' title='bbox 1636 4775 1666 4825; x_wconf 88' lang='lat' dir='ltr'><em>et</em></span> <span class='ocrx_word' id='word_1_738' title='bbox 1688 4786 1803 4830; x_wconf 88' lang='lat' dir='ltr'><strong>summe</strong></span> <span class='ocrx_word' id='word_1_739' title='bbox 1830 4771 2020 4847; x_wconf 76' lang='lat' dir='ltr'><strong>illegitimum</strong></span> <span class='ocrx_word' id='word_1_740' title='bbox 2043 4774 2167 4830; x_wconf 87' lang='lat' dir='ltr'><strong>facinus</strong></span> <span class='ocrx_word' id='word_1_741' title='bbox 2190 4788 2230 4828; x_wconf 81' lang='lat' dir='ltr'><em>ac</em></span> 
     </span>
     <span class='ocr_line' id='line_1_84' title="bbox 341 4843 2233 4950; baseline 0.004 -44"><span class='ocrx_word' id='word_1_742' title='bbox 341 4849 393 4906; x_wconf 82' lang='grc' dir='ltr'><em>τοῦ</em></span> <span class='ocrx_word' id='word_1_743' title='bbox 413 4844 546 4945; x_wconf 79' lang='grc' dir='ltr'><em>ἀγεννοῦς</em></span> <span class='ocrx_word' id='word_1_744' title='bbox 574 4848 657 4906; x_wconf 72' lang='lat' dir='ltr'><strong>aalide</strong></span> <span class='ocrx_word' id='word_1_745' title='bbox 678 4849 724 4908; x_wconf 85' lang='grc' dir='ltr'><em>καλ</em></span> <span class='ocrx_word' id='word_1_746' title='bbox 746 4843 995 4926; x_wconf 87' lang='grc' dir='ltr'><em>παρανομωτάτου</em></span> <span class='ocrx_word' id='word_1_747' title='bbox 1003 4845 1187 4950; x_wconf 81' lang='grc' dir='ltr'><em>πράγματος</em></span> <span class='ocrx_word' id='word_1_748' title='bbox 1207 4852 1255 4910; x_wconf 69' lang='lat' dir='ltr'><em>sal</em></span> <span class='ocrx_word' id='word_1_749' title='bbox 1306 4851 1407 4906; x_wconf 82' lang='lat' dir='ltr'><strong>soclus</strong></span> <span class='ocrx_word' id='word_1_750' title='bbox 1428 4852 1595 4926; x_wconf 86' lang='lat' dir='ltr'><strong>imitentur,</strong></span> <span class='ocrx_word' id='word_1_751' title='bbox 1617 4869 1694 4910; x_wconf 89' lang='lat' dir='ltr'><strong>neve</strong></span> <span class='ocrx_word' id='word_1_752' title='bbox 1716 4857 1746 4912; x_wconf 92' lang='lat' dir='ltr'><em>iu</em></span> <span class='ocrx_word' id='word_1_753' title='bbox 1769 4855 1957 4914; x_wconf 83' lang='lat' dir='ltr'><strong>decessorum</strong></span> <span class='ocrx_word' id='word_1_754' title='bbox 1987 4857 2158 4933; x_wconf 85' lang='lat' dir='ltr'><strong>ministros,</strong></span> <span class='ocrx_word' id='word_1_755' title='bbox 2178 4859 2233 4914; x_wconf 85' lang='lat' dir='ltr'><em>vel</em></span> 
     </span>
     <span class='ocr_line' id='line_1_85' title="bbox 340 4927 2236 5036; baseline 0.006 -46"><span class='ocrx_word' id='word_1_756' title='bbox 340 4927 538 5010; x_wconf 87' lang='grc' dir='ltr'><em>τολμῆγιιιτος,</em></span> <span class='ocrx_word' id='word_1_757' title='bbox 568 4929 637 5008; x_wconf 75' lang='grc' dir='ltr'><em>μηδὲ</em></span> <span class='ocrx_word' id='word_1_758' title='bbox 659 4933 704 4992; x_wconf 75' lang='lat' dir='ltr'><em>dal</em></span> <span class='ocrx_word' id='word_1_759' title='bbox 724 4929 791 5002; x_wconf 75' lang='grc' dir='ltr'><em>τοὺς</em></span> <span class='ocrx_word' id='word_1_760' title='bbox 812 4943 872 5003; x_wconf 74' lang='grc' dir='ltr'><em>τοῖς</em></span> <span class='ocrx_word' id='word_1_761' title='bbox 893 4930 949 5014; x_wconf 84' lang='grc' dir='ltr'><em>πρὸ</em></span> <span class='ocrx_word' id='word_1_762' title='bbox 973 4929 1069 4994; x_wconf 69' lang='lat' dir='ltr'><strong>aises</strong></span> <span class='ocrx_word' id='word_1_763' title='bbox 1089 4941 1255 5036; x_wconf 83' lang='grc' dir='ltr'><em>καθοπηρε·</em></span> <span class='ocrx_word' id='word_1_764' title='bbox 1306 4937 1395 4992; x_wconf 88' lang='lat' dir='ltr'><strong>etiam</strong></span> <span class='ocrx_word' id='word_1_765' title='bbox 1416 4937 1564 5010; x_wconf 83' lang='lat' dir='ltr'><strong>sanguine</strong></span> <span class='ocrx_word' id='word_1_766' title='bbox 1587 4939 1713 5000; x_wconf 77' lang='lat' dir='ltr'><strong>forsitan</strong></span> <span class='ocrx_word' id='word_1_767' title='bbox 1734 4941 1885 5011; x_wconf 81' lang='lat' dir='ltr'><strong>proximos</strong></span> <span class='ocrx_word' id='word_1_768' title='bbox 1910 4942 2073 5015; x_wconf 78' lang='lat' dir='ltr'><strong>indigne</strong></span> <span class='ocrx_word' id='word_1_769' title='bbox 2064 4958 2148 5000; x_wconf 83' lang='lat' dir='ltr'><strong>iram</strong></span> <span class='ocrx_word' id='word_1_770' title='bbox 2172 4945 2236 5002; x_wconf 85' lang='lat' dir='ltr'><strong>im·</strong></span> 
     </span>
     <span class='ocr_line' id='line_1_86' title="bbox 340 5009 2238 5116; baseline 0.005 -42"><span class='ocrx_word' id='word_1_771' title='bbox 340 5011 502 5116; x_wconf 77' lang='grc' dir='ltr'><em>τῆσαντας,</em></span> <span class='ocrx_word' id='word_1_772' title='bbox 531 5009 656 5090; x_wconf 83' lang='grc' dir='ltr'><em>ῆιαλ’</em></span> <span class='ocrx_word' id='word_1_773' title='bbox 623 5015 697 5116; x_wconf 79' lang='grc' dir='ltr'><em>αφ’</em></span> <span class='ocrx_word' id='word_1_774' title='bbox 721 5039 842 5094; x_wconf 85' lang='grc' dir='ltr'><em>αιματος</em></span> <span class='ocrx_word' id='word_1_775' title='bbox 863 5015 932 5088; x_wconf 79' lang='grc' dir='ltr'><em>ι’σως</em></span> <span class='ocrx_word' id='word_1_776' title='bbox 953 5013 1156 5116; x_wconf 74' lang='grc' dir='ltr'><em>ηλκιιωμλνουι,</em></span> <span class='ocrx_word' id='word_1_777' title='bbox 1186 5016 1255 5082; x_wconf 86' lang='grc' dir='ltr'><em>ἀνιε-</em></span> <span class='ocrx_word' id='word_1_778' title='bbox 1305 5020 1433 5100; x_wconf 84' lang='lat' dir='ltr'><strong>mittant,</strong></span> <span class='ocrx_word' id='word_1_779' title='bbox 1454 5037 1491 5078; x_wconf 84' lang='lat' dir='ltr'><em>ac</em></span> <span class='ocrx_word' id='word_1_780' title='bbox 1512 5025 1615 5080; x_wconf 87' lang='lat' dir='ltr'><strong>contra</strong></span> <span class='ocrx_word' id='word_1_781' title='bbox 1637 5026 1684 5080; x_wconf 88' lang='lat' dir='ltr'><em>fas</em></span> <span class='ocrx_word' id='word_1_782' title='bbox 1707 5030 1815 5082; x_wconf 90' lang='lat' dir='ltr'><strong>cuncta</strong></span> <span class='ocrx_word' id='word_1_783' title='bbox 1836 5028 2036 5085; x_wconf 76' lang='lat' dir='ltr'><strong>eorumbene</strong></span> <span class='ocrx_word' id='word_1_784' title='bbox 2058 5029 2238 5102; x_wconf 88' lang='lat' dir='ltr'><strong>publicent,</strong></span> 
     </span>
     <span class='ocr_line' id='line_1_87' title="bbox 341 5093 2238 5212; baseline 0.005 -52"><span class='ocrx_word' id='word_1_785' title='bbox 341 5097 512 5199; x_wconf 79' lang='grc' dir='ltr'><em>ξιοπριπιιλι</em></span> <span class='ocrx_word' id='word_1_786' title='bbox 535 5093 585 5176; x_wconf 90' lang='grc' dir='ltr'><em>τλγι</em></span> <span class='ocrx_word' id='word_1_787' title='bbox 614 5096 702 5179; x_wconf 85' lang='grc' dir='ltr'><em>ιλργλγν</em></span> <span class='ocrx_word' id='word_1_788' title='bbox 736 5105 899 5179; x_wconf 76' lang='grc' dir='ltr'><em>ἐπαφεῖναι,</em></span> <span class='ocrx_word' id='word_1_789' title='bbox 935 5101 983 5160; x_wconf 89' lang='grc' dir='ltr'><em>καλ</em></span> <span class='ocrx_word' id='word_1_790' title='bbox 1015 5099 1053 5162; x_wconf 87' lang='grc' dir='ltr'><em>τά</em></span> <span class='ocrx_word' id='word_1_791' title='bbox 1082 5103 1283 5202; x_wconf 81' lang='grc' dir='ltr'><em>ιλιαιηίροιτα</em></span> <span class='ocrx_word' id='word_1_792' title='bbox 1305 5120 1382 5162; x_wconf 87' lang='lat' dir='ltr'><strong>neve</strong></span> <span class='ocrx_word' id='word_1_793' title='bbox 1410 5121 1462 5164; x_wconf 88' lang='lat' dir='ltr'><em>ecs</em></span> <span class='ocrx_word' id='word_1_794' title='bbox 1490 5107 1540 5164; x_wconf 93' lang='lat' dir='ltr'><em>vel</em></span> <span class='ocrx_word' id='word_1_795' title='bbox 1571 5109 1731 5184; x_wconf 80' lang='lat' dir='ltr'><strong>sanguinis</strong></span> <span class='ocrx_word' id='word_1_796' title='bbox 1758 5112 1899 5186; x_wconf 76' lang='lat' dir='ltr'><strong>cognatio</strong></span> <span class='ocrx_word' id='word_1_797' title='bbox 1928 5111 1977 5168; x_wconf 91' lang='lat' dir='ltr'><em>vel</em></span> <span class='ocrx_word' id='word_1_798' title='bbox 1998 5111 2088 5169; x_wconf 89' lang='lat' dir='ltr'><strong>auiml</strong></span> <span class='ocrx_word' id='word_1_799' title='bbox 2123 5115 2238 5212; x_wconf 78' lang='lat' dir='ltr'><strong>pravi-</strong></span> 
     </span>
     <span class='ocr_line' id='line_1_88' title="bbox 341 5177 2238 5284; baseline 0.007 -42"><span class='ocrx_word' id='word_1_800' title='bbox 341 5180 450 5282; x_wconf 74' lang='grc' dir='ltr'><em>τούτοις</em></span> <span class='ocrx_word' id='word_1_801' title='bbox 472 5177 566 5245; x_wconf 84' lang='grc' dir='ltr'><em>πάντα</em></span> <span class='ocrx_word' id='word_1_802' title='bbox 587 5184 673 5263; x_wconf 80' lang='grc' dir='ltr'><em>μηθὲν</em></span> <span class='ocrx_word' id='word_1_803' title='bbox 694 5187 757 5246; x_wconf 80' lang='grc' dir='ltr'><em>δέον</em></span> <span class='ocrx_word' id='word_1_804' title='bbox 778 5189 973 5284; x_wconf 81' lang='grc' dir='ltr'><em>θημοσιιιλσαι,</em></span> <span class='ocrx_word' id='word_1_805' title='bbox 1000 5187 1048 5246; x_wconf 83' lang='grc' dir='ltr'><em>καλ</em></span> <span class='ocrx_word' id='word_1_806' title='bbox 1070 5184 1148 5258; x_wconf 75' lang='grc' dir='ltr'><em>εἰς’</em></span> <span class='ocrx_word' id='word_1_807' title='bbox 1130 5183 1255 5266; x_wconf 85' lang='grc' dir='ltr'><em>ανάγκην</em></span> <span class='ocrx_word' id='word_1_808' title='bbox 1305 5194 1370 5266; x_wconf 84' lang='lat' dir='ltr'><strong>tus,</strong></span> <span class='ocrx_word' id='word_1_809' title='bbox 1392 5195 1515 5265; x_wconf 83' lang='lat' dir='ltr'><strong>propter</strong></span> <span class='ocrx_word' id='word_1_810' title='bbox 1537 5209 1624 5266; x_wconf 78' lang='lat' dir='ltr'><strong>quam</strong></span> <span class='ocrx_word' id='word_1_811' title='bbox 1646 5199 1676 5254; x_wconf 83' lang='lat' dir='ltr'><em>ei</em></span> <span class='ocrx_word' id='word_1_812' title='bbox 1696 5195 1759 5254; x_wconf 85' lang='lat' dir='ltr'><strong>iliis</strong></span> <span class='ocrx_word' id='word_1_813' title='bbox 1781 5195 1945 5254; x_wconf 83' lang='lat' dir='ltr'><strong>familiares</strong></span> <span class='ocrx_word' id='word_1_814' title='bbox 1967 5197 2043 5254; x_wconf 83' lang='lat' dir='ltr'><strong>facil</strong></span> <span class='ocrx_word' id='word_1_815' title='bbox 2065 5203 2183 5276; x_wconf 70' lang='lat' dir='ltr'><strong>enni,</strong></span> <span class='ocrx_word' id='word_1_816' title='bbox 2206 5199 2238 5256; x_wconf 88' lang='lat' dir='ltr'><strong>in</strong></span> 
     </span>
     <span class='ocr_line' id='line_1_89' title="bbox 340 5263 1255 5355; baseline 0.007 -27"><span class='ocrx_word' id='word_1_817' title='bbox 340 5265 442 5341; x_wconf 80' lang='grc' dir='ltr'><em>αὐτοὺς</em></span> <span class='ocrx_word' id='word_1_818' title='bbox 457 5273 608 5349; x_wconf 83' lang='grc' dir='ltr'><em>συμφορᾶς</em></span> <span class='ocrx_word' id='word_1_819' title='bbox 620 5275 804 5352; x_wconf 77' lang='grc' dir='ltr'><em>περιστῆσαι,</em></span> <span class='ocrx_word' id='word_1_820' title='bbox 816 5265 832 5350; x_wconf 80' lang='grc' dir='ltr'><em>ἢ</em></span> <span class='ocrx_word' id='word_1_821' title='bbox 846 5263 879 5330; x_wconf 87' lang='grc' dir='ltr'><em>τὸ</em></span> <span class='ocrx_word' id='word_1_822' title='bbox 892 5268 1074 5352; x_wconf 82' lang='grc' dir='ltr'><em>τοιλαιματος</em></span> <span class='ocrx_word' id='word_1_823' title='bbox 1089 5276 1255 5355; x_wconf 83' lang='grc' dir='ltr'><em>προσγιιίς,</em></span> 
     </span>
    </p>
   </div>
   <div class='ocr_carea' id='block_1_7' title="bbox 339 5585 2241 5737">
    <p class='ocr_par' dir='ltr' id='par_1_9' title="bbox 339 5585 2241 5737">
     <span class='ocr_line' id='line_1_90' title="bbox 490 5585 2239 5670; baseline 0.01 -35"><span class='ocrx_word' id='word_1_824' title='bbox 490 5587 537 5644; x_wconf 89' lang='lat' dir='ltr'><em>il)</em></span> <span class='ocrx_word' id='word_1_825' title='bbox 555 5585 620 5637; x_wconf 80' lang='lat' dir='ltr'><strong>cod.</strong></span> <span class='ocrx_word' id='word_1_826' title='bbox 638 5607 718 5670; x_wconf 76' lang='grc' dir='ltr'><em>μοιιιι</em></span> <span class='ocrx_word' id='word_1_827' title='bbox 700 5590 782 5646; x_wconf 87' lang='grc' dir='ltr'><em>νιλιι.</em></span> <span class='ocrx_word' id='word_1_828' title='bbox 886 5591 933 5649; x_wconf 78' lang='lat' dir='ltr'><em>ie)</em></span> <span class='ocrx_word' id='word_1_829' title='bbox 951 5588 1052 5642; x_wconf 83' lang='lat' dir='ltr'><strong>cod’</strong></span> <span class='ocrx_word' id='word_1_830' title='bbox 1034 5611 1086 5644; x_wconf 81' lang='grc' dir='ltr'><em>ανιι</em></span> <span class='ocrx_word' id='word_1_831' title='bbox 1087 5611 1135 5663; x_wconf 83' lang='grc' dir='ltr'><em>ρρη</em></span> <span class='ocrx_word' id='word_1_832' title='bbox 1121 5589 1223 5660; x_wconf 83' lang='grc' dir='ltr'><em>ῆσωισι.</em></span> <span class='ocrx_word' id='word_1_833' title='bbox 1259 5595 1351 5656; x_wconf 80' lang='lat' dir='ltr'><strong>Quam,</strong></span> <span class='ocrx_word' id='word_1_834' title='bbox 1368 5595 1457 5659; x_wconf 76' lang='lat' dir='ltr'><strong>sigma</strong></span> <span class='ocrx_word' id='word_1_835' title='bbox 1473 5595 1648 5658; x_wconf 76' lang='lat' dir='ltr'><em>reduplicato4</em></span> <span class='ocrx_word' id='word_1_836' title='bbox 1666 5597 1695 5645; x_wconf 92' lang='lat' dir='ltr'><strong>in</strong></span> <span class='ocrx_word' id='word_1_837' title='bbox 1712 5599 1814 5646; x_wconf 83' lang='lat' dir='ltr'><strong>textum</strong></span> <span class='ocrx_word' id='word_1_838' title='bbox 1832 5599 2239 5660; x_wconf 72' lang='lat' dir='ltr'><strong>recepimcaformnm41deaa</strong></span> 
     </span>
     <span class='ocr_line' id='line_1_91' title="bbox 339 5653 2241 5737; baseline 0.01 -36"><span class='ocrx_word' id='word_1_839' title='bbox 339 5665 381 5701; x_wconf 84' lang='lat' dir='ltr'><em>ess</em></span> <span class='ocrx_word' id='word_1_840' title='bbox 383 5667 398 5704; x_wconf 92' lang='lat' dir='ltr'><em>e</em></span> <span class='ocrx_word' id='word_1_841' title='bbox 417 5653 553 5716; x_wconf 83' lang='grc' dir='ltr'><em>ηιιοιλάιια</em></span> <span class='ocrx_word' id='word_1_842' title='bbox 503 5657 710 5724; x_wconf 81' lang='grc' dir='ltr'><em>αιιαρρηγνύοιιισ</em></span> <span class='ocrx_word' id='word_1_843' title='bbox 700 5662 843 5708; x_wconf 79' lang='grc' dir='ltr'><em>ι.σοιιελιιλ</em></span> <span class='ocrx_word' id='word_1_844' title='bbox 913 5661 958 5718; x_wconf 83' lang='lat'><em>1³)</em></span> <span class='ocrx_word' id='word_1_845' title='bbox 976 5664 1022 5710; x_wconf 77' lang='lat' dir='ltr'><strong>Sic</strong></span> <span class='ocrx_word' id='word_1_846' title='bbox 1039 5663 1234 5712; x_wconf 86' lang='lat' dir='ltr'><strong>emendandum</strong></span> <span class='ocrx_word' id='word_1_847' title='bbox 1251 5675 1314 5712; x_wconf 87' lang='lat' dir='ltr'><strong>esse</strong></span> <span class='ocrx_word' id='word_1_848' title='bbox 1332 5663 1468 5724; x_wconf 78' lang='grc' dir='ltr'><em>ιλιιιλοιοει</em></span> <span class='ocrx_word' id='word_1_849' title='bbox 1488 5661 1594 5713; x_wconf 80' lang='lat' dir='ltr'><strong>Codex:</strong></span> <span class='ocrx_word' id='word_1_850' title='bbox 1612 5659 1697 5730; x_wconf 85' lang='grc' dir='ltr'><em>πρὸιι</em></span> <span class='ocrx_word' id='word_1_851' title='bbox 1683 5663 1791 5714; x_wconf 85' lang='grc' dir='ltr'><em>ιιαιιιιλλιι</em></span> <span class='ocrx_word' id='word_1_852' title='bbox 1767 5683 1828 5730; x_wconf 81' lang='grc' dir='ltr'><em>ιιι.ιγι</em></span> <span class='ocrx_word' id='word_1_853' title='bbox 1900 5666 2241 5737; x_wconf 59' lang='lat' dir='ltr'><strong>incommodarum.</strong></span> 
     </span>
    </p>
   </div>
   <div class='ocr_carea' id='block_1_8' title="bbox 339 5721 2240 5840">
    <p class='ocr_par' dir='ltr' id='par_1_10' title="bbox 339 5721 2240 5840">
     <span class='ocr_line' id='line_1_92' title="bbox 339 5721 2240 5838; baseline 0.009 -68"><span class='ocrx_word' id='word_1_854' title='bbox 339 5725 385 5838; x_wconf 66' lang='grc' dir='ltr'><em>γηλγ</em></span> <span class='ocrx_word' id='word_1_855' title='bbox 404 5721 445 5772; x_wconf 87' lang='lat' dir='ltr'><em>Cf.</em></span> <span class='ocrx_word' id='word_1_856' title='bbox 466 5723 547 5777; x_wconf 74' lang='lat' dir='ltr'><strong>iteca·</strong></span> <span class='ocrx_word' id='word_1_857' title='bbox 549 5727 603 5778; x_wconf 82' lang='grc' dir='ltr'><em>λυνιι</em></span> <span class='ocrx_word' id='word_1_858' title='bbox 621 5729 648 5778; x_wconf 88' lang='lat' dir='ltr'><strong>ln</strong></span> <span class='ocrx_word' id='word_1_859' title='bbox 666 5725 923 5782; x_wconf 76' lang='lat' dir='ltr'><strong>commentantem</strong></span> <span class='ocrx_word' id='word_1_860' title='bbox 941 5728 1143 5780; x_wconf 82' lang='lat' dir='ltr'><strong>Constantinum</strong></span> <span class='ocrx_word' id='word_1_861' title='bbox 1164 5731 1424 5796; x_wconf 71' lang='lat' dir='ltr'><strong>porphyrogenitum</strong></span> <span class='ocrx_word' id='word_1_862' title='bbox 1442 5732 1475 5781; x_wconf 86' lang='lat' dir='ltr'><em>de</em></span> <span class='ocrx_word' id='word_1_863' title='bbox 1493 5735 1666 5782; x_wconf 79' lang='lat' dir='ltr'><strong>caerimoniis</strong></span> <span class='ocrx_word' id='word_1_864' title='bbox 1684 5733 1763 5783; x_wconf 74' lang='lat' dir='ltr'><strong>arulae</strong></span> <span class='ocrx_word' id='word_1_865' title='bbox 1775 5734 1942 5797; x_wconf 69' lang='lat' dir='ltr'><strong>B4zantinae</strong></span> <span class='ocrx_word' id='word_1_866' title='bbox 1967 5747 1993 5799; x_wconf 84' lang='lat' dir='ltr'><em>p.</em></span> <span class='ocrx_word' id='word_1_867' title='bbox 2010 5735 2072 5786; x_wconf 75' lang='lat'><em>³2⁹.</em></span> <span class='ocrx_word' id='word_1_868' title='bbox 2090 5735 2240 5788; x_wconf 62' lang='lat' dir='ltr'><strong>misano</strong></span> 
     </span>
     <span class='ocr_line' id='line_1_93' title="bbox 360 5793 496 5840; baseline 0.016 -2"><span class='ocrx_word' id='word_1_869' title='bbox 360 5793 496 5840; x_wconf 88' lang='lat' dir='ltr'><strong>nonensis.</strong></span> 
     </span>
    </p>
   </div>
   <div class='ocr_carea' id='block_1_9' title="bbox 0 0 2416 7048">
    <p class='ocr_par' dir='ltr' id='par_1_11' title="bbox 0 0 2416 7048">
     <span class='ocr_line' id='line_1_94' title="bbox 0 0 2416 7048; baseline 0 0"><span class='ocrx_word' id='word_1_870' title='bbox 0 0 2416 7048; x_wconf 95' lang='lat' dir='ltr'><em> </em></span> 
     </span>
    </p>
   </div>
  </div>
 </body>
</html>
