4748 7074
836 580 985 651 NOV.
1038 579 1307 653 lusnltt.
1921 579 2000 651 239

151 772 337 879 άριλμοιλῧλ),
373 775 420 836 καλ
448 768 641 875 ἀντεισάηιται
669 765 754 846 άλλος
780 771 844 835 ἀντὶ
870 781 921 838 τοῦ
941 772 1047 875 όσιουρ·
1097 774 1235 832 excidere
1255 773 1311 834 bos
1340 789 1397 830 sua
1423 769 1488 830 aive
1520 787 1659 870 numero,
1692 775 1723 830 et
1751 771 1839 833 alium
1867 771 2004 834 idoneum

151 857 279 941 ηήσανιος
313 863 354 935 τῷ
379 854 537 961 παρανόμῳ
572 856 671 961 τρόσηι
700 856 866 938 ἐσιτήλιιος·
909 859 955 920 καί
982 853 1046 920 odra
1097 859 1252 933 subrogari
1285 860 1316 916 in
1346 859 1411 914 cius
1440 859 1552 932 locum,
1596 857 1646 930 qni
1673 873 1730 915 non
1759 859 1891 934 legitimo
1918 863 2003 918 modo

151 943 340 1023 ζημιοῦνσιῧλ)
370 948 400 1005 ἐκ
427 939 528 1004 σοόσσυ
556 942 572 1005 ό
602 950 716 1024 πρῶτος
743 951 794 1024 σής
828 944 1046 1045 στατίωνοςθθ),
1097 960 1213 1016 operam
1240 958 1324 1000 snam
1353 943 1594 1016 accommodarit,
1636 957 1731 1014 neqne
1763 943 1854 1002 ndum
1880 960 1918 1002 ex
1947 947 2004 1002 hoc

150 1025 213 1090 άλλά
243 1029 290 1088 καλ
323 1025 376 1100 σάς
392 1031 561 1128 συνηθείας
589 1028 678 1092 αὐτοῦ
717 1023 868 1129 λαμβάνει,
909 1032 956 1092 καλ
983 1021 1047 1092 odra
1097 1029 1232 1085 damnum
1254 1029 1375 1084 inlatum
1405 1025 1507 1100 inici,
1543 1027 1593 1098 qui
1620 1027 1757 1100 princepe
1784 1029 1920 1086 stationis
1947 1035 2003 1104 est,

150 1111 294 1194 άκνρουσαι
314 1108 348 1176 τό
370 1107 444 1174 οὕτω
466 1108 611 1193 γενόμενον
633 1109 815 1194 συμβόλαιον
1096 1115 1149 1170 aed
1178 1116 1266 1170 etiam
1287 1113 1514 1169 eonsuetudines
1540 1111 1609 1168 inde
1637 1111 1843 1185 provenientes
1870 1114 1909 1167 cd
1937 1129 2004 1170 eum

1096 1199 1252 1271 pertinere,
1293 1213 1329 1254 ao
1356 1213 1393 1254 na
1421 1197 1615 1253 instrumenta
1648 1195 1764 1270 quidem
1796 1197 1839 1253 ita
1867 1197 2004 1254 conlecta

1096 1283 1179 1339 irrita
1204 1284 1277 1338 lore.

220 1443 386 1512 adda
365 1443 620 1526 crapacorio
641 1447 846 1530 στοιιᾝημλ)
873 1453 1046 1531 Σημιίωσαι,
1180 1452 1275 1524 Nota,
1307 1448 1352 1523 id,
1386 1449 1462 1521 quod
1484 1465 1550 1506 raro
1573 1451 1620 1524 tlt,
1650 1447 1705 1523 iis,
1726 1463 1801 1521 quae
1821 1448 2127 1524 generaliterxcr.aa.

143 1531 186 1598 ότι
218 1533 253 1598 τό
284 1537 409 1606 σσιανίως
436 1557 577 1614 panepenna
585 1533 632 1616 8λ)
659 1547 719 1608 τοῖς
744 1532 875 1598 καθόλου
902 1537 989 1596 μαλ’
980 1559 1047 1616 ηενι-
1097 1541 1240 1610 concepta
1261 1540 1347 1610 sunt,
1374 1549 1431 1592 non
1452 1533 1561 1592 vitiari.
2029 1542 2083 1590 νῦν·
2097 1535 2117 1578 ¹·

141 1619 252 1698 νιολςὸθ)
275 1643 309 1681 ου
300 1617 555 1698 ’.λυμαίνεταιῧῦ

465 1799 584 1876 Basta
613 1801 669 1876 tid.
695 1799 763 1875 22.
791 1803 843 1878 tit.
870 1801 910 1876 2.
938 1806 1041 1880 idem.
1069 1806 1106 1881 1.
1134 1807 1217 1875 tom.
1244 1793 1327 1871 ΙΙΙ.
1351 1824 1388 1896 p.
1415 1798 1482 1872 93.
1508 1800 1617 1872 ισλιοί.
1643 1823 1674 1872 c.

219 1948 384 2018 *Andre
404 1947 494 2034 μηδ’
517 1957 557 2017 ἐν
577 1948 834 2060 ardentiora]
862 1961 1047 2062 Τοῦτολίμει,
1181 1957 1246 2013 iloc
1267 1954 1324 2028 ait,
1351 1953 1382 2012 in
1403 1955 1492 2012 rebus
1513 1955 1648 2011 humanis
1668 1953 1742 2011 nibil
1762 1953 1901 2029 reperiri,
1923 1957 2000 2028 qnod
2041 1969 2099 2016 ratu.

140 2037 183 2105 ότι
203 2040 254 2102 oria
275 2041 351 2102 ἔστιν
376 2039 466 2120 εὑρεῖν
493 2035 527 2100 τό
550 2061 616 2140 σιαρ
648 2038 857 2142 ἀνθρώπιν’
842 2065 1047 2122 υαονιουμινον
1097 2055 1191 2114 nsque
1215 2041 1288 2098 adeo
1310 2040 1346 2096 ab
1375 2039 1452 2096 omni
1474 2039 1656 2096 dubitatione
1678 2045 1819 2096 remotum
1847 2041 1999 2116 habeatur,

141 2121 437 2206 ἀ’(ῑλίλλίλλβῆλλῖθίῖ
408 2147 493 2197 Ναί
522 2147 561 2196 ως
581 2119 621 2221 VJ)
642 2120 792 2189 dinanum
810 2119 883 2199 ὅλως
904 2127 1046 2199 λέξασθαι
1095 2130 1128 2184 ut
1165 2125 1274 2181 nnllam
1316 2125 1431 2180 omnino
1471 2123 1681 2180 dubitationem
1724 2125 1857 2196 recipere
1897 2127 2000 2197 possit.
2108 2150 2114 2159 ·

142 2207 355 2310 ἀμφισβήτησιν.
403 2213 488 2310 corban
517 2207 545 2269 di
574 2204 608 2270 τό
635 2211 738 2290 λέγειν,
773 2207 813 2282 ὥς
841 2207 888 2272 διά
913 2207 1044 2314 νόσονή
1095 2209 1178 2280 Quod
1200 2209 1405 2280 autemdicit,
1439 2209 1779 2280 proptcrmorbnmaut
1805 2209 1892 2266 aliam
1914 2225 2000 2282 quam

143 2289 224 2374 άλλην
245 2298 339 2356 αἰτίαν
359 2289 421 2356 τινά
443 2290 652 2373 ἀναχωροῦντες
678 2291 942 2396 άμφισβητοόμενόν
969 2301 1044 2358 ἐστι·
1094 2310 1229 2352 caussam
1252 2293 1377 2364 aliquem
1399 2294 1520 2366 abesse,
1555 2293 1586 2350 id
1614 2293 1796 2350 dubitatione
1823 2310 1881 2350 non
1903 2299 2000 2368 caret·

143 2383 185 2440 καλ
203 2375 286 2455 σόσιρ
313 2380 422 2456 μᾶλλον
442 2377 551 2449 ιλίξιται
571 2373 775 2482 caperebamur
786 2375 846 2482 τήν
867 2377 1044 2483 άμηισβήτη-
1094 2385 1124 2436 et
1146 2385 1253 2450 quanto
1275 2379 1372 2452 magis
1400 2378 1494 2452 igitur
1520 2379 1658 2434 maiorem
1688 2377 1812 2448 recipiet
1836 2379 2001 2436 dubitatio-

144 2487 200 2536 σας
253 2465 423 2543 σημείωσαι,
472 2455 517 2524 ότι
553 2459 591 2525 τά
627 2459 866 2545 ἀναμφισβήτητα
902 2463 1043 2545 ἀμφισβη·
1093 2459 1184 2522 nemi
1224 2464 1312 2538 Nota,
1335 2464 1422 2519 etiam
1446 2477 1491 2538 ea,
1514 2478 1588 2536 quac
1607 2461 1696 2520 dubia
1717 2478 1775 2520 non
1795 2469 1880 2538 aunt,
1903 2465 1999 2520 tamen

146 2555 257 2611 σοῦνται
1094 2542 1305 2606 dubitationem
1327 2548 1467 2619 recipere.

673 2727 791 2805 Βαιὶί.
818 2733 841 2806 ί.
868 2733 1002 2806 λίσαι.
1030 2727 1112 2802 ΙΙΙ.
1135 2754 1172 2826 μ.
1199 2727 1267 2802 94.
1293 2730 1403 2803 ιιίιοί.
1430 2728 1465 2802 d.

221 2883 249 2940 λλ
266 2875 389 2948 Ἀλλά
425 2879 524 2962 μηδὲ
560 2873 658 2956 τοὺς
693 2873 866 2966 πόρους]
922 2887 959 2947 Τί
983 2879 1046 2968 ηόρ,
1180 2885 1256 2954 Quid
1279 2884 1369 2958 eninr,
1402 2884 1429 2941 ελ
1456 2883 1574 2941 tabellio
1603 2883 1705 2942 eodem
1733 2883 1998 2957 tomporeplcros-
2070 2896 2075 2908 ·

145 2965 184 3032 ότι
184 2965 325 3070 ι’λεηιν’
310 2992 326 3030 ο
350 2963 630 3048 συμβολαιογράφος,
658 2961 702 3030 ότι
724 2971 933 3050 προσέρχονταί
946 2969 1046 3047 μοιίν
1097 2983 1153 3040 qua
1186 2969 1225 3024 ad
1260 2985 1294 3025 ne
1322 2969 1442 3026 venisse
1476 2969 1571 3042 dicat,
1604 2970 1654 3040 qui
1689 2969 1886 3025 contrahere
1895 2969 1999 3044 velint,

144 3053 230 3130 ταύτῷ
257 3055 358 3115 αολλολ
384 3055 518 3154 θίλρνσις
546 3046 760 3128 συναλλάσσειν,
802 3055 849 3114 καλ
871 3051 904 3114 σό
925 3049 1046 3153 δόναμαι
1095 3069 1191 3124 neque
1217 3069 1251 3109 se
1278 3055 1372 3110 nolum
1407 3053 1541 3111 omnibns
1573 3053 1773 3110 contractibus
1806 3011 1999 3110 οοιιίλολιιιιιλλό

144 3135 221 3216 μόνος
250 3135 301 3217 ἐγὼ
328 3142 386 3197 τῶν
412 3133 526 3198 πάντων
561 3137 743 3236 συμβολαίων
769 3142 921 3211 ἐντιθέναι,
957 3143 983 3200 εί
1006 3133 1044 3218 μή
1095 3153 1253 3209 superesse
1281 3153 1383 3212 posse,
1417 3139 1475 3195 nisi
1504 3144 1534 3194 ct
1560 3138 1687 3210 aliquem
1715 3153 1752 3193 ex
1779 3137 1834 3210 iis,
1870 3139 1919 3210 qui
1941 3137 2000 3194 sibl

145 3225 254 3320 κρίναι
274 3243 330 3282 των
351 3216 633 3300 ὑπ’ἐμλισιτάξω,
664 3223 733 3300 ίμοο
753 3217 819 3284 τόδι
840 3218 1045 3294 συντάττοντος
1095 3222 1320 3294 cubicellum,
1351 3217 1570 3296 praeposuerit,
1597 3223 1641 3280 ita
1668 3223 1729 3278 nt'
1722 3237 1786 3294 rpse
1808 3222 1864 3278 hoc
1884 3223 1999 3279 instru-

144 3303 174 3366 τό
195 3301 379 3409 συμβόλαιον,
414 3307 517 3366 ἐκείνου
537 3307 697 3410 ὀιτιθίρσος
725 3303 838 3386 ίσιρονς
886 3310 913 3367 εί
931 3302 985 3386 γάρ
1005 3305 1045 3388 μή
1094 3311 1222 3364 mentum
1251 3311 1418 3380 componat,
1453 3307 1521 3362 dum
1550 3307 1602 3364 ille
1629 3307 1709 3362 aliud
1735 3303 1893 3362 condolati
1934 3309 2000 3366 lloc

147 3393 222 3451 rodco
242 3385 367 3468 ποιήσω,
392 3391 602 3468 καταλείψασα
626 3385 662 3451 άν
683 3389 730 3468 tpt
751 3397 779 3453 οί
799 3385 1045 3466 συναλλάσσοντα,
1095 3391 1123 3448 ai
1144 3407 1201 3448 non
1223 3391 1344 3465 lecerit,
1370 3393 1520 3465 futurum,
1542 3395 1591 3468 nt,
1612 3407 1646 3448 ae
1667 3389 1786 3458 relicto,
1813 3390 1901 3446 alium
1924 3406 1997 3446 con-

146 3476 189 3535 ιιαλ
213 3471 283 3552 ,τρὸς
309 3472 405 3554 ε’σιρον
432 3471 618 3547 άαεληθυισιν
659 3475 708 3535 καλ
739 3470 957 3556 ζημιωθήσομαι
982 3470 1045 3555 lyci,
1094 3476 1245 3533 trahentes
1281 3476 1407 3550 adeant,
1448 3476 1594 3550 ipseque·
1604 3479 1730 3548 quaestu
1762 3489 1818 3532 suo
1845 3475 1997 3532 imminuto

148 3559 339 3639 ἐλατσυυμίιου
358 3562 411 3619 τοῦ
431 3551 524 3639 σιόρου
544 3580 608 3638 μου.
1094 3559 1230 3618 damnum
1252 3561 1390 3632 patiatur.

670 3737 789 3816 Baer'l.
816 3743 840 3816 l.
866 3743 889 3815 l.
916 3747 999 3816 tom.
1026 3739 1109 3814 111.
1138 3765 1175 3838 ην.
1201 3739 1270 3813 94.
1295 3741 1404 3817 celat.
1431 3766 1461 3816 c.

221 3890 342 3970 λλΜὴ
385 3895 441 3967 είς
463 3891 614 3989 ἕτερον
650 3887 814 3996 χάρτην
846 3889 1040 3980 καθαρόν
1172 3895 1307 3953 Mixtura
1334 3895 1516 3954 voluntatum
1552 3909 1653 3954 earum
1680 3909 1885 3970 personarum,
1920 3913 1996 3970 qnae
2023 3911 2113 3966 capa.

142 3971 306 4083 γράφειν
335 3970 623 4082 συμβόλαιον]
671 3975 711 4042 Τό
730 3979 875 4082 pippc³⁸)
862 3983 954 4058 )τολν
974 3983 1038 4062 βου·
1088 3983 1274 4054 contrahunt,
1295 3981 1403 4038 dicitur
1423 3973 1568 4059 σομβολής
1590 3977 1814 4056 proptereaffl
1836 3981 1953 4038 etiam
1944 3997 1995 4040 rn-

140 4060 278 4166 λευμάτιρν
309 4085 367 4126 των
398 4059 702 4140 σιναλλαττόννωνθλ)
739 4060 902 4145 προσόντων
918 4066 1039 4166 λέγεται
1088 4022 1296 4138 strumentum,
1330 4065 1407 4139 qnod
1436 4065 1473 4122 de
1497 4080 1533 4122 ea
1553 4079 1586 4121 re
1608 4067 1806 4137 conscriptum
1828 4070 1889 4139 est,
1926 4087 1995 4143 συμ-

141 4144 325 4229 σνμβολή4ογ
348 4144 877 4254 aodro⁴¹)aairorrcpi⁴²)a'pypaqror
889 4143 1038 4248 σόνσαγμα
1086 4143 1203 4228 βόλαιον
1224 4149 1347 4223 ιλλυλλαι,
1382 4149 1467 4222 quasi
1494 4156 1709 4207 monumentum
1737 4151 1814 4208 inter
1840 4165 1909 4222 eos,
1946 4153 1995 4224 qui

137 4234 258 4295 καλεῖται
270 4229 522 4336 abandoned),
542 4229 603 4294 οἷον
620 4227 774 4321 ὑπόμνημα
793 4228 927 4336 μισαξιί4
929 4231 1037 4312 ⁴)cc3n
1087 4235 1277 4307 contrahunt,
1314 4235 1380 4290 slve
1409 4235 1654 4291 commiscuerunt
1682 4240 1711 4290 et
1733 4241 1944 4292 consenserunt
1966 4241 1996 4292 et

139 4313 364 4421 σιμβρλλόνσων,
387 4309 449 4418 ήτοι
469 4311 679 4421 συμμιξάντων
679 4320 726 4378 καλ
748 4311 970 4380 συναινεσάντων
990 4319 1037 4380 καλ
1087 4319 1119 4376 in
1147 4319 1224 4375 idem
1256 4313 1425 4377 voluntates
1460 4319 1646 4376 contulerunt
1685 4334 1764 4376 anas.
1813 4321 1994 4390 lacernatos,

137 4403 175 4472 είς
193 4397 227 4464 τό
254 4397 383 4480 αόσόλθ)
412 4395 464 4473 σάς
490 4399 608 4474 ίιλίας’
589 4397 752 4484 αηαγόντινν
781 4397 900 4483 pulpae.
943 4406 1036 4502 daca:
1086 4403 1136 4460 vel
1168 4403 1267 4480 potius
1304 4403 1541 4474 relinquuntor'
1533 4419 1564 4459 ιιι
1593 4401 1795 4460 instrumentis
1822 4405 1993 4477 protocolla,

137 4489 291 4560 τέσιλωσαν,
311 4487 421 4568 μᾶλλον
441 4483 471 4546 tt
491 4480 649 4547 ίόσιλωσαν
668 4493 696 4548 ἐν
716 4499 776 4559 τοῖς
797 4481 1029 4588 συμβολαίοις
999 4509 1036 4548 τα
1087 4503 1162 4560 quae
1184 4493 1298 4560 tempus
1320 4491 1350 4544 et
1370 4503 1475 4544 nomen
1497 4487 1613 4544 comitis
1634 4487 1822 4588 largitionum
1844 4489 1994 4544 declarant

137 4565 331 4648 σρασόκολλα,
359 4561 543 4672 δηλοῦντα
526 4592 588 4650 ητοι
609 4568 708 4653 ἔχοντα
728 4567 778 4634 τὸν
798 4565 899 4652 χρόνον
919 4573 966 4632 κοιλ
986 4565 1037 4650 τήν
1086 4573 1136 4628 vel
1157 4573 1275 4629 habent.
1324 4575 1389 4632 noc
1417 4577 1514 4629 autem
1536 4571 1672 4648 intellige
1693 4574 1754 4630 ln
1747 4575 1785 4630 ris
1807 4577 1918 4630 tantum
1942 4572 1993 4628 itl-

135 4657 321 4760 αροσηηορίαν
348 4659 400 4716 τοῦ
426 4650 548 4758 κόμητος
573 4659 631 4718 τοῖν
659 4651 847 4738 λαρηιτιόνων.
894 4653 1036 4716 cedendi
1087 4657 1273 4732 strumentis,
1296 4673 1371 4730 quae
1393 4657 1646 4731 Constantinopoli
1668 4659 1879 4732 coniiciuntur,
1899 4657 1970 4714 lieri.
2049 4699 2055 4715 .

135 4733 192 4798 νόει
223 4737 359 4841 γινόμενον
394 4740 439 4800 du
471 4734 565 4832 μόνων
590 4743 647 4803 τῶν
682 4747 711 4806 ἐν
736 4734 1036 4802 Κανσσαντινουσιόλιι

133 4819 340 4902 προβαινόντων
361 4815 547 4906 συμβολαίων.

217 4989 243 5049 λλ
267 4991 416 5056 Ἐντεῦθεν
435 4989 525 5094 οίμαι
558 4999 723 5072 νομοθετειν
757 4989 808 5074 τήν
836 4987 955 5096 νιαράν,
990 4985 1034 5054 ότι
1169 4991 1246 5051 ilino
1267 4994 1401 5070 arbitror,
1424 4995 1480 5052 bac
1494 4995 1621 5054 Novella
1642 4991 1851 5051 constitutione
1871 4991 1990 5066 sanciri,
2034 5009 2093 5058 ιιιια
2171 5054 2178 5069 ,

133 5071 274 5182 όριίλονσι
294 5073 332 5138 τά
352 5069 509 5178 συμβόλαια
531 5081 559 5138 ἐν
587 5075 778 5175 ξυλοχαρτίρις
798 5073 979 5179 γράφεσθαι·
1005 5070 1054 5138 ἐν’
1083 5081 1117 5135 ut
1148 5083 1318 5136 contractus
1346 5079 1377 5136 in
1405 5080 1443 5136 iis
1473 5081 1608 5176 chartis&
1632 5093 1707 5150 quac
1735 5071 1905 5155 ξυλοχόρσια
1931 5093 1990 5136 vo·

129 5179 186 5241 γαρ
207 5161 301 5236 αὐτοῖς
320 5164 367 5222 καλ
387 5156 484 5240 μόνοις
511 5158 686 5240 εὑρίσκοντα
712 5156 749 5223 τά
777 5157 971 5243 τρωτόιιολλα.
1081 5165 1436 5306 ρὲρήηιωηηροιλλιαιιίιιιῇ
1428 5181 1459 5222 rn
1480 5165 1541 5221 illia
1554 5162 1638 5226 enim
1664 5163 1736 5220 solis
1757 5161 1947 5234 protocolla
1939 5177 1988 5220 ιιι-

116 5507 172 5573 34)
190 5515 268 5566 Febr.
270 5447 432 5578 ,θλάσξθήάά
448 5442 844 5574 ιόίοόιιόάιάιράλιλιμοαπόιόόλιιινλλ.
858 5445 982 5564 ἀλωόόαι
999 5441 1355 5578 ιυριιλόῖλλιαόσάλιλόόῗιῗι
1373 5445 1413 5503 τίς
1429 5440 1694 5578 ξὸλωλιάωόινόμιναν.
1714 5446 1761 5508 ³³)
1779 5449 1825 5575 SV)
1844 5447 1987 5577 λλαήάόόάε.

109 5573 171 5641 ³¹⁷)
196 5585 226 5634 ln
248 5595 316 5633 rone
340 5581 491 5643 λυμαίνεται
515 5581 614 5631 destntt
635 5581 669 5632 V.
786 5585 834 5642 88)
851 5583 910 5633 lloc
931 5583 1035 5648 quoqne
1057 5583 1187 5633 acholium
1210 5587 1297 5632 exeun
1319 5585 1346 5644 tn
1364 5579 1465 5630 codlne
1480 5581 1540 5631 8⁵2.
1557 5584 1647 5633 Vatlc.
1664 5581 1783 5632 biblioth.
1802 5585 1849 5633 sol.
1867 5583 1924 5634 ³07.
1943 5586 1987 5640 Α..

103 5651 294 5715 hebetaque
318 5651 452 5700 'l'bcodorl
475 5651 593 5700 nomine.
695 5647 742 5708 aa)
764 5651 818 5701 Pro
843 5649 1069 5701 οιααλλαιτόνταν
1092 5654 1126 5703 V.
1148 5651 1229 5700 habet
1251 5635 1455 5730 συμβαλλόντων.
1568 5649 1614 5712 tu)
1638 5651 1747 5700 Ριοι
1712 5648 1828 5716 συμβολή
1852 5651 1885 5702 V.
1907 5653 1987 5702 habet
2033 5707 2038 5714 ,

102 5723 234 5782 σιιμβ.
339 5717 386 5776 41)
403 5719 456 5768 Pro
473 5733 552 5768 τουτο
569 5717 603 5766 V.
620 5716 701 5767 babel
717 5715 767 5770 διό.
798 5720 891 5770 necte.
997 5719 1044 5776 42)
1060 5719 1113 5770 Pro
1131 5735 1179 5787 περ
1181 5717 1190 5767 λ
1208 5719 1241 5767 λλ.
1258 5712 1370 5766 habet’
1353 5711 1408 5765 απὸ
1424 5711 1519 5779 certic*⁸
1632 5719 1678 5776 4³)
1694 5720 1748 5768 Pro
1764 5721 1853 5770 verbis
1870 5721 1987 5770 ναλιλται

92 5785 321 5906 ἰυμξρήιὲρσν
299 5779 704 5850 ν.ισ1ιαιιιμμολλιαλιῐιαι
816 5785 862 5846 44)
879 5787 952 5838 Ante
967 5782 1065 5850 μεταξὺ
1082 5787 1116 5838 V.
1134 5736 1273 5838 additam
1289 5785 1521 5850 υιμφιινηθίνσυν
1631 5786 1678 5846 ab)
1694 5787 1748 5837 Pro
1764 5789 1853 5838 verbis
1869 5785 1901 5838 τό
1918 5785 1987 5838 euro

270 5849 362 5906 falko-
