4864 7070
370 581 450 630 xciv
1069 635 1075 648 ,
1106 553 1525 628 Paobacoiiean

376 755 441 813 tum
463 764 584 832 operae
605 746 637 812 in
658 743 809 812 Novellis
829 744 996 812 Iustiniani
1018 747 1053 810 et
1079 743 1315 827 cognoscendis
1336 749 1371 810 et
1392 743 1594 810 illustrandis
1615 741 1837 831 impensnml),
1864 749 1972 812 tamen
1993 746 2097 831 mame
2118 757 2183 838 cst,
2204 761 2241 819 ut

373 845 548 914 CLXVIII
575 847 608 911 N
611 849 785 914 ovellarum
812 863 927 932 corpus
954 850 1140 930 usurpatum
1169 862 1248 910 esse
1276 844 1446 911 credamus
1473 843 1594 932 solum,
1626 845 1885 910 Athanasianum
1911 863 2030 930 corpus
2058 867 2121 914 non
2148 851 2237 928 item.

374 946 413 1015 ld
436 945 520 1034 quod
552 966 596 1013 ex
617 949 779 1014 constanti
799 949 871 1014 eius
899 945 1065 1031 scriptorIs
1086 943 1246 1010 Novellas
1265 945 1437 1012 Iustiniani
1469 944 1512 1012 ad
1549 941 1722 1011 CLXVIII
1754 944 1897 1012 ordinem
1923 943 2076 1024 laudandi
2111 953 2239 1022 ratione

373 1050 458 1114 satis
479 1049 590 1134 liquet.
622 1047 754 1116 'Restat
775 1068 869 1116 nurum
889 1045 1135 1132 Hornreaopali
1159 1043 1329 1134 πρόχειρον
1361 1048 1426 1110 τῶν
1445 1044 1563 1128 νόμων,
1598 1043 1639 1110 de
1661 1065 1723 1131 quo
1744 1044 1863 1131 aliquid
1885 1044 1947 1111 hoc
1974 1047 2046 1114 loco
2068 1049 2238 1119 dicendum

254 1197 264 1228 ,
371 1149 427 1214 sit.
451 1147 526 1214 iitsi
551 1167 616 1214 non
642 1147 772 1237 desunt,
793 1166 876 1235 quae
896 1165 939 1213 ex
951 1147 1133 1214 Athanasio
1147 1144 1320 1214 derivasse
1340 1141 1542 1236 videntum),
1564 1151 1675 1212 minen
1696 1165 1807 1232 parum
1830 1146 1985 1214 credibile
2006 1153 2069 1238 est,
2090 1149 2173 1218 haec
2194 1173 2239 1220 ex
2316 1219 2321 1232 ,

375 1250 448 1336 pori
469 1247 538 1334 pnti
559 1249 638 1314 iuris
658 1249 826 1316 Iustiniani
847 1247 985 1313 lontibus
1006 1246 1149 1313 deducta
1171 1265 1377 1334 esse„quos
1398 1265 1441 1313 ne
1462 1253 1625 1314 tractasse
1646 1245 1773 1333 quidem
1795 1245 1963 1335 videatur,
1993 1267 2064 1314 cum
2085 1258 2237 1337 praeser-

375 1350 432 1415 iIm
458 1350 494 1418 in
521 1350 769 1436 apodeoptpi),
807 1349 860 1413 ubi
881 1349 964 1413 satis
983 1347 1157 1433 diIIgenter
1178 1347 1258 1414 iuris
1278 1354 1429 1414 auctores
1444 1347 1657 1436 enumeravit,
1679 1347 1793 1434 quibus
1813 1349 1846 1414 in
1861 1348 2062 1436 compilando
2081 1351 2239 1422 librosuo

374 1450 470 1531 tuerit
491 1470 586 1540 usus,
621 1451 693 1516 eius
713 1451 762 1517 rei
782 1448 977 1518 mentionem
997 1467 1062 1515 non
1083 1448 1208 1516 lecerit.

326 1859 329 1864 A
503 1769 634 1836 DIctum
657 1775 710 1837 est
732 1769 774 1836 de
795 1771 865 1836 inre
886 1765 1084 1835 Graecorum
1105 1767 1203 1834 civili.
1225 1768 1321 1834 Nunc
1342 1766 1511 1834 dicendum
1531 1771 1584 1834 est
1605 1765 1647 1835 de
1667 1767 1738 1835 iure
1758 1767 1924 1835 canonico.
1947 1767 2018 1852 Qua
2031 1771 2066 1838 in
2087 1791 2125 1839 re
2144 1781 2238 1843 recte

377 1869 553 1957 ordineque
575 1869 746 1937 tractanda
767 1871 904 1938 eandem
925 1870 1079 1937 ratlanem
1102 1888 1279 1956 sequemur,
1303 1889 1396 1956 quam
1422 1868 1455 1934 in
1476 1870 1546 1935 iure
1568 1868 1675 1960 civili3
1701 1871 1828 1958 itaque,
1847 1870 1878 1935 si
1900 1871 1953 1957 qui
1974 1872 2052 1939 iuris
2073 1873 2237 1943 ecelesia·

271 1965 281 1984 '
376 1972 450 2038 stiei
471 1971 546 2036 libri
566 1972 782 2059 reperiantur,
809 1973 843 2038 in
865 1971 979 2058 quibus
1008 1969 1215 2038 conficiendis
1236 1971 1352 2058 aliquis
1373 1969 1523 2038 videatur
1542 1969 1644 2038 insse
1666 1970 1772 2048 operis
1792 1970 2009 2039 Athanasiaui
2031 1994 2128 2062 usus,
2162 1979 2237 2044 sin·

375 2073 469 2160 gulos
490 2093 549 2140 suo
571 2091 726 2162 quemque
746 2073 861 2142 ordine
881 2091 1108 2161 proponemus.

980 2257 1009 2324 I.
1058 2255 1620 2324 Pseudo-Balacmoaia

395 2425 614 2512 συναγωγὴ
634 2429 711 2495 τῶν
725 2433 946 2516 εἰρημένων
965 2433 1005 2494 ἐν
1024 2426 1075 2511 τῷ
1096 2422 1330 2492 addisceret
1350 2433 1440 2502 τοῖς
1460 2425 1669 2509 διγέστοις
1690 2426 1760 2492 καὶ
1781 2402 1949 2512 νεαραῖς
1969 2425 2212 2509 διατάξεσιν.

334 2659 338 2668 .
538 2594 639 2664 Edita
659 2604 712 2665 est
733 2595 862 2665 Graece
883 2617 904 2664 a
926 2595 1050 2662 Coreto
1062 2591 1228 2660 Anathole
1242 2590 1393 2658 Fubrolo
1414 2592 1447 2659 in
1459 2593 1586 2659 lustelli
1607 2600 1641 2659 ei
1655 2593 1763 2660 voeiii
1776 2593 1971 2664 bibliotheca
1991 2599 2071 2666 iuris
2090 2599 2237 2666 canonici

374 2703 450 2764 tom.
458 2697 501 2763 II.
514 2694 836 2788 picas-1376,
856 2718 927 2764 cum
938 2697 1001 2764 ἰιιιιι
1015 2703 1114 2764 antea
1127 2696 1167 2761 ab
1180 2691 1334 2760 Iohanne
1347 2691 1553 2760 Leaaclacio
1576 2695 1685 2762 versio
1702 2696 1773 2763 eins
1792 2696 1863 2761 libri
1877 2697 2000 2764 Latina
2016 2701 2094 2766 iuris
2115 2701 2236 2788 publici

329 2835 343 2851 ··
375 2800 462 2868 iacta
483 2799 611 2868 suisset.
657 2797 711 2865 De
731 2798 824 2865 buius
845 2799 990 2888 corporis
1012 2795 1251 2884 compilatione,
1279 2795 1444 2862 codicibus
1464 2795 1692 2882 manuscriptis
1717 2803 1751 2863 et
1772 2794 1908 2864 historia
1935 2805 2001 2866 ῖνιιι
2029 2801 2113 2886 apud
2140 2803 2236 2868 iuris-

277 2901 295 2914 ''
377 2900 543 2968 consultos
570 2899 717 2966 Graecos
744 2919 837 2986 quam
864 2899 950 2988 apud
977 2899 1176 2966 recentiores
1204 2895 1373 2982 praeclare
1401 2895 1556 2962 disseruit
1582 2895 1624 2962 V.
1648 2897 1697 2963 Ill.
1720 2895 1947 2984 Rimmon),
1968 2906 2003 2965 ut
2024 2901 2101 2966 nibil
2125 2920 2236 2988 supra.

375 3003 451 3070 Nec
472 2999 657 3088 spernenda
677 3007 771 3090 sunt,
803 3019 885 3088 quae
906 2999 948 3066 V.
970 2999 1020 3065 lll.
1051 2997 1189 3079 Wilte⁵)
1219 2995 1261 3063 de
1283 3015 1341 3062 suo
1363 2994 1489 3062 addidit
1517 2993 1651 3087 doctaef,
1673 2997 1873 3088 mehercule,
1894 3006 1929 3066 et
1949 2994 2130 3068 laboriosae
2150 2993 2237 3068 Bie-

375 3091 456 3170 neri¹
472 3100 692 3190 disputationi.
721 3097 829 3182 Quare
851 3099 912 3168 dno
933 3101 997 3168 viri
1017 3100 1163 3186 insignes
1184 3101 1369 3176 effecerunt,
1391 3103 1437 3186 ut,
1458 3099 1700 3184 praetermissIs
1720 3100 1790 3190 bis,
1811 3120 1894 3188 quae
1921 3101 2006 3188 apud
2026 3102 2100 3168 illos
2121 3101 2237 3168 melius

279 3187 280 3198 ¹
376 3203 537 3292 leguntur,
556 3203 670 3307 pauu‘p
691 3201 812 3292 dIcam,
838 3202 869 3268 si
890 3202 966 3290 quid
987 3203 1042 3292 sit,
1063 3201 1148 3289 qnod
1167 3197 1385 3267 Bienerianae
1405 3203 1441 3265 et
1462 3196 1646 3267 Wittianae
1674 3199 1840 3270 doctrinae
1868 3201 1910 3269 de
1930 3221 2002 3270 meo
2023 3201 2236 3272 adiiciendum

375 3323 453 3374 esse
473 3305 633 3372 videntur.
2169 3357 2171 3364 .

525 3405 565 3472 In
585 3403 759 3492 plerisque,
779 3424 860 3493 qnos
881 3403 1028 3492 equidem
1048 3400 1185 3469 viderim
1206 3393 1296 3492 (vidi
1312 3405 1418 3468 autem
1429 3399 1502 3488 plus
1522 3399 1659 3483 decem),
1681 3401 1846 3470 codicibus
1861 3402 2099 3492 manuscriptis,
2119 3403 2236 3490 quibus

374 3505 437 3576 boc
456 3505 563 3592 legum
584 3526 700 3592 corpus
720 3503 763 3572 ad
784 3507 1009 3594 posteritatem
1037 3502 1263 3570 transmissum
1283 3508 1354 3590 est,
1390 3501 1638 3567 constitutiones
1666 3503 1707 3568 ab
1734 3503 1927 3588 imperatore
1955 3505 2117 3571 Heraclio
2144 3505 2235 3572 latnc

375 3614 501 3696 purtem
522 3607 592 3674 eius
613 3607 758 3694 corporis
786 3607 937 3674 efficiunt.
1011 3606 1087 3672 Non
1108 3609 1216 3670 tamen
1242 3601 1376 3690 desunt,
1417 3608 1453 3667 ut
1479 3602 1608 3690 opinor,
1655 3621 1795 3670 caussae
1817 3605 1900 3670 satis
1934 3601 2089 3694 idoneae,
2133 3625 2236 3694 quare

376 3728 436 3776 eas
465 3707 713 3776 constitutiones
745 3707 786 3773 ab
813 3708 903 3774 initio
931 3707 971 3775 ab
999 3725 1040 3774 eo
1075 3723 1211 3791 corpore
1252 3702 1397 3770 abluisse
1424 3702 1663 3793 existimemus,
1713 3711 1827 3771 contra
1868 3724 1961 3792 quam
1999 3708 2126 3772 censuit
2152 3707 2235 3774 Bie-
2296 3773 2305 3782 ,

374 3827 474 3877 nerum
494 3808 529 3874 in
554 3807 691 3874 historin
711 3807 921 3884 Novellarum
948 3830 981 3895 p.
1005 3802 1093 3873 183.
1135 3805 1187 3870 Ac
1208 3803 1340 3890 primum
1361 3803 1487 3890 quidem
1508 3803 1551 3872 ad
1571 3803 1732 3871 Novellas
1746 3803 1930 3872 Iustiniani
1944 3803 2131 3896 Iustitiaque
2152 3827 2236 3876 con-

376 3917 506 3978 tractas
526 3929 641 3996 parum
660 3909 835 3976 verisimile
856 3915 910 3976 est
932 3908 1079 3976 adiectas
1100 3923 1179 3974 esse
1198 3901 1354 3970 [Iacchi
1374 3903 1625 3971 constitutiones
1645 3904 1808 3994 integras,
1842 3907 1956 3993 quales
1976 3925 2061 3975 nunc
2081 3910 2114 3976 in
2136 3909 2234 3976 omni·

375 4011 437 4078 bus
457 4009 696 4096 exemplaribus
719 4009 886 4076 habentur.
928 4007 1011 4076 Illud
1028 4027 1153 4096 quoque
1173 4007 1284 4073 mirum
1305 4009 1368 4094 est,
1396 4003 1490 4094 quod,
1512 4023 1583 4071 cunr
1604 4003 1793 4071 lustrarent
1812 4005 1999 4094 Iustiniqae
2026 4011 2235 4078 constitutio-

375 4131 439 4180 nes
460 4110 614 4198 quasdam
635 4109 805 4178 videamus
826 4111 993 4194 innostro
1015 4127 1150 4195 corpore
1171 4126 1248 4174 esse
1268 4111 1433 4195 receptas,
1454 4107 1485 4172 si
1505 4105 1650 4174 Ileraclii
1672 4107 1921 4175 constitutiones
1950 4109 1991 4176 ab
2020 4109 2113 4176 initio
2135 4109 2233 4178 addi-

375 4219 429 4282 tas
444 4230 523 4280 esse
536 4211 735 4293 arbitremur,
762 4211 878 4279 ibidem
892 4211 1013 4279 deesse
1034 4209 1206 4277 videantur
1217 4226 1289 4287 eac,
1307 4227 1388 4294 quas
1401 4206 1553 4275 Iustinus
1570 4207 1612 4274 dc
1625 4227 1661 4274 rc
1675 4208 1900 4275 ecclesiastica
1919 4209 2028 4276 tulerit
2048 4209 2150 4301 leges,
2171 4211 2234 4279 sed

374 4314 512 4402 quaein
533 4313 758 4380 Athanasiano
778 4313 859 4380 libro
881 4320 1035 4400 receptae
1055 4330 1120 4378 non
1140 4310 1223 4398 sint3
1249 4309 1330 4376 item
1350 4307 1578 4394 imperatorum
1603 4303 1745 4388 Tiberii,
1771 4308 1954 4390 Maurici,
1976 4309 2129 4392 Phocoe,
2150 4332 2234 4400 qnos

375 4422 485 4482 nmen
513 4420 642 4482 constet
668 4421 745 4482 ante
767 4412 965 4480 Heracliana
991 4418 1135 4499 tempora
1161 4409 1329 4496 imperium
1363 4409 1520 4476 tenuisse.
1567 4407 1622 4474 An
1651 4429 1732 4476 vero
1754 4412 1936 4491 existimas,
1964 4411 2005 4478 ab
2031 4409 2233 4496 Iustiror'ano,

374 4513 515 4602 Iustino,
548 4513 710 4582 Heraclio
732 4515 773 4584 de
794 4513 892 4580 rebus
912 4511 954 4582 ad
976 4512 1146 4580 eeclesiam
1173 4509 1396 4598 spectantibus
1428 4509 1606 4596 permultas
1627 4508 1845 4596 promulgatas
1867 4530 1945 4579 esse
1965 4513 2234 4607 constitutiones3

372 4635 399 4682 α
422 4603 1119 4704 roasa,iaooree,1>aoranonaent
1161 4611 1356 4680 Incredibile
1377 4605 1528 4698 prorsus!
1569 4609 1687 4698 Neque
1708 4609 1785 4678 illud
1806 4599 1883 4678 mihi
1901 4613 2020 4700 placet,
2040 4614 2073 4680 in
2086 4613 2234 4684 Heraclii

374 4717 654 4786 constitutionibus
682 4717 869 4804 digerendis
898 4733 941 4784 ne
967 4712 1227 4798 chronologicum
1259 4711 1387 4800 quiden
1421 4710 1565 4778 ordinem
1591 4711 1693 4777 luisse
1720 4719 1898 4780 servatum.
1957 4711 2039 4780 Cum
2066 4716 2152 4785 enim
2181 4735 2235 4807 en,

375 4838 457 4908 quae
477 4818 670 4906 primo'loco
692 4821 800 4906 posiia
821 4821 890 4905 est,
916 4815 1121 4904 imperatoris
1142 4813 1288 4880 Ileraclii
1308 4831 1392 4879 anno
1418 4808 1477 4877 19.
1500 4809 1578 4879 data
1592 4812 1654 4900 sit,
1682 4830 1724 4878 ea
1744 4820 1863 4902 antem,
1885 4833 1968 4900 quae
1989 4816 2097 4904 tertio,
2118 4816 2235 4888 eodem

374 4939 462 4990 anno
483 4919 717 5006 emissa„.quid
736 4915 825 5006 illud,
846 4915 931 5004 quod
952 4937 1004 5005 ea,
1023 4935 1106 5003 qnae
1132 4911 1275 4982 secundo
1296 4913 1368 4980 loco
1389 4913 1548 4982 collocata
1568 4914 1743 5002 reperitur,
1769 4911 1933 4982 Calendas
1953 4917 2062 4982 Maias
2083 4916 2233 4984 indictio-

374 5023 428 5089 nis
448 5021 522 5087 ΧΨ.
545 5021 724 5108 praeierat,
745 5019 807 5085 boc
827 5023 880 5086 est
900 5039 1017 5086 annum
1038 5017 1243 5105 imperatoris
1264 5014 1410 5082 lleraclii
1431 5007 1750 5082 duodevicesimumi
1798 5015 1955 5105 Accedit,
1984 5017 2067 5104 quod
2095 5017 2168 5104 ipse
2189 5017 2235 5084 li-

375 5123 423 5189 bri
444 5123 555 5187 titulus
576 5121 717 5208 spanam
738 5137 815 5187 esse
836 5119 1104 5187 Heracliensium
1124 5118 1230 5203 legum
1251 5115 1462 5204 appendicem
1488 5117 1573 5183 satis
1600 5115 1771 5202 significet·
1818 5115 1885 5182 Est
1916 5123 2024 5186 autem
2056 5126 2143 5185 teste
2164 5119 2237 5186 Fa-

373 5223 467 5290 braio
487 5223 521 5286 in
542 5221 735 5288 bibliotheca
761 5221 842 5286 iuris
863 5221 1010 5287 canonici
1037 5225 1113 5284 tom.
1134 5219 1178 5284 ii.
1201 5239 1233 5305 p.
1262 5215 1377 5283 1232.
1402 5217 1477 5282 bie:
1505 5213 1678 5307 cqnapmyr'p
1695 5207 1765 5282 1τών
1785 5222 1954 5306 εἰρημένον
1981 5224 2015 5284 ἐν
2048 5219 2094 5304 τῷ
2120 5215 2237 5284 noidant

373 5327 430 5389 καὶ
451 5330 519 5399 τοῖς
540 5322 695 5404 ὃνγέστοις
715 5324 772 5386 καὶ
791 5330 922 5408 νεαραῖς
941 5317 1124 5398 διατάξεων
1143 5319 1213 5407 περὶ
1233 5317 1413 5385 ἐπισκόπων
1433 5320 1490 5384 καὶ
1510 5317 1668 5406 cippario
1696 5319 1754 5382 καὶ
1773 5321 1927 5399 perereio
1952 5319 2009 5385 καὶ
2036 5317 2236 5407 πραγμάτων

373 5422 509 5510 eburnis,
528 5426 576 5487 ἔτι
596 5423 630 5487 δὲ
649 5425 707 5490 καὶ
724 5420 888 5490 Ἰονὸαιαν
907 5421 966 5486 καὶ
985 5421 1164 5510 αἱρετικών.
1205 5417 1263 5488 Ex
1282 5417 1345 5486 hac
1366 5416 1495 5485 dicendi
1515 5416 1617 5486 forma
1637 5420 1686 5484 tu
1706 5418 1740 5484 ci
1760 5419 1817 5484 ναὶ
1838 5416 2003 5486 Ἰουδαίων
2033 5423 2090 5489 καὶ
2115 5425 2234 5508 αἱρετι-

472 5730 501 5794 1)
518 5730 586 5782 virle
604 5733 733 5794 synopsin
756 5730 844 5792 legum
867 5728 908 5780 ed.
925 5726 1061 5793 bosqueto
1077 5736 1151 5776 vers.
1172 5725 1269 5776 805-
1283 5723 1350 5778 45¹7.
1367 5729 1395 5777 et
1411 5725 1526 5776 libellum
1541 5723 1575 5775 de
1591 5721 1711 5774 lllovellls
1733 5723 1870 5776 Iustiniani
1891 5726 1933 5777 ed.
1951 5727 2062 5790 bergen
2077 5739 2102 5790 p.
2121 5727 2232 5778 e-ei.

372 5819 402 5884 8)
418 5817 499 5868 velut
514 5817 558 5865 lib.
573 5815 619 5866 iii.
637 5817 677 5865 tit.
695 5817 722 5865 5.
740 5813 819 5874 §.tw-
856 5815 925 5865 Vide
945 5818 1036 5866 notam
1051 5811 1084 5862 ad
1099 5811 1238 5862 Athanasii
1254 5815 1295 5862 tit.
1312 5811 1357 5862 ia.
1374 5814 1459 5874 parat.
1478 5809 1503 5870 S.
1521 5809 1547 5858 Β.
1618 5807 1647 5871 8)
1664 5809 1711 5858 Ild.
1729 5809 1816 5860 lieltnt
1833 5825 1859 5873 p.
1876 5809 1965 5861 6—7.
2055 5808 2084 5874 l)
2102 5809 2130 5860 ln
2148 5811 2233 5862 libro:

376 5901 425 5952 bie
442 5898 597 5954 Geschlcbte
610 5899 662 5952 der·
679 5897 811 5950 Nocellea
827 5912 853 5960 p.
871 5897 1029 5950 ire—iet.
1047 5900 1075 5946 et
1089 5897 1117 5945 in
1133 5895 1214 5947 libro:
1231 5895 1360 5962 Bettrd‘pe
1375 5907 1431 5945 aar
1447 5893 1574 5944 Βαναῖον
1591 5893 1638 5944 dra
1653 5891 1886 5947 Jurttniaatrclrea
1896 5892 1989 5948 socan
2002 5907 2032 5960 p.
2049 5889 2188 5947 aa—ea.
2205 5895 2234 5947 el

369 6000 399 6051 p.
409 5983 460 6036 ³7.
476 5997 532 6051 seq.
631 5980 662 6048 b)
679 5983 709 6034 ln
725 5982 811 6034 llbro:
834 5981 885 6033 Die
901 5983 972 6050 tepea
988 5982 1133 6036 restitutae
1148 5979 1195 6034 dea
1212 5979 1443 6033 Ioatbalaaischea
1461 5977 1554 6031 Coelen
1570 5991 1595 6042 p.
1612 5975 1745 6029 rei-ao.
