4802 7060
931 547 1166 624 CAPUT
1230 557 1282 621 II.
1911 543 2046 624 xxxnr'

304 745 395 807 XIII.
440 741 585 816 Λέοντος
604 733 704 822 νόμος
724 741 794 823 περὶ
816 741 876 805 τοῦ
897 736 940 823 μὴ
963 737 1079 820 ἐξεῖναι
1101 747 1145 818 είς
1166 743 1314 824 θυμέλην
1335 744 1531 828 καταφέρειν
1551 732 1691 822 σώματα
1717 736 1877 827 ἐλεύθερα
1904 739 1925 821 ἢ
1946 743 2020 808 δοῦ-

153 848 195 912 λα
214 840 350 910 ἀκοντα.
394 837 617 926 Αὐτοκράτωρ
645 837 741 906 Λέων
768 838 857 926 αὐτῷ
891 839 991 924 δήμῳ.
1034 842 1151 928 Incipit
1175 843 1255 924 μηδδ
1281 843 1408 907 δοῦλον.
1459 839 1592 908 Desinit
1620 837 1879 924 ἀναγκάζεσθαι.
1930 839 2022 911 Suo-

153 947 285 1034 scriptio
308 945 416 1011 deest.
458 941 524 1008 Est
545 947 651 1008 const.
676 939 737 1006 14.
763 937 801 1008 O.
824 947 850 1008 1.
872 940 911 1009 4.
934 938 999 1034 (de
1021 941 1211 1030 episcopali
1221 934 1421 1034 audientia).

302 1083 396 1148 XIV.
436 1077 669 1145 Ἱουστινιανοῦ
689 1075 788 1159 νόμος
810 1079 880 1163 περὶ
901 1079 961 1142 τοῦ
981 1079 1102 1160 μηδένα
1122 1073 1349 1160 ἐμβάλλεσθαι
1376 1083 1421 1155 είς
1447 1073 1597 1164 φυλακην
1625 1079 1704 1158 δίχα
1729 1077 1900 1162 βασιλικῆς
1920 1100 2019 1167 προσ.

153 1177 271 1263 τάξεως
296 1179 317 1260 ἢ
340 1175 516 1264 ἀρχόντων
537 1176 557 1256 ἦ
585 1180 801 1259 δημεκδικων,
829 1179 877 1254 δις
899 1179 933 1244 δέ
954 1175 1036 1269 (pro
1058 1179 1092 1244 δὲ
1113 1179 1213 1244 Teuc.
1235 1175 1300 1265 γάρ
1329 1171 1450 1267 hebet)
1477 1181 1533 1256 τῆς
1560 1177 1740 1264 ἑβδομάδος
1766 1177 1842 1256 τοῦς
1868 1180 2020 1265 ἐμβεβλη-

152 1291 264 1368 μέυους
286 1281 544 1348 Ιἐπισκέπτεσθαι
572 1276 637 1366 χρὴ
664 1276 741 1355 τοῦς
767 1274 959 1355 ἐπισκόπους
984 1282 1041 1344 καὶ
1064 1277 1236 1365 ἀναφέρειν
1270 1279 1317 1361 τῷ
1345 1277 1521 1362 βασιλεῖῆ
1548 1289 1618 1357 τοῖς
1644 1279 1811 1368 ἀρχουσιν.
1859 1277 1893 1345 Ὁ
1920 1278 2021 1358 αὐτὸς

151 1381 301 1469 βασιλεῦς
321 1383 424 1464 Macci
445 1379 575 1470 ἐπάρχῳ
597 1375 810 1467 πραιτωρίων.
840 1379 958 1466 Ioprit
980 1379 1106 1446 οὐδένα.
1136 1379 1269 1446 Desinit
1289 1385 1423 1458 κίνησις.
1451 1377 1656 1468 Subscriptio
1677 1379 1786 1450 coest.
1828 1377 1894 1448 nst
1913 1390 2019 1450 const.

152 1483 215 1552 22.
239 1482 277 1552 G.
299 1488 326 1550 I.
348 1479 386 1548 4.

301 1621 379 1684 XV.
419 1616 651 1682 Ἰοοστινιανοῦ
672 1611 772 1699 νόμος
793 1617 864 1702 περὶ
884 1617 944 1681 τοῦ
964 1612 1009 1698 μὴ
1026 1617 1094 1682 δεῖν
1113 1611 1196 1682 εἶναι
1217 1613 1368 1702 φυλακὴν
1388 1613 1560 1696 ἰδιωτικήν.
1600 1609 1634 1682 Ὁ
1655 1611 1754 1692 αὐτὸς
1774 1613 1924 1700 βασιλεῦς
1946 1619 2021 1698 Mn·

151 1723 193 1804 νά
213 1717 344 1806 ἐπάρχῳ
366 1722 575 1804 πραιτωρίων.
618 1718 736 1804 IucipIt
765 1715 937 1794 ίδιωτικάς.
983 1715 1120 1784 Desinit
1146 1713 1326 1804 ἀφιεμένων
1358 1715 1602 1805 (ἀφισταμένων
1629 1717 1718 1784 Flor.
1746 1719 1826 1806 plut.
1859 1717 1919 1786 10.
1948 1719 2019 1787 cod.

155 1821 244 1904 10.).
273 1819 478 1906 Subscriptio
500 1819 606 1885 adest.
648 1816 714 1884 Est
735 1825 838 1885 const.
863 1815 925 1884 33.
948 1817 984 1886 C.
1006 1824 1031 1885 1.
1054 1817 1093 1884 4.

302 1959 395 2022 XVI.
440 1951 672 2022 Ἰουστινιανοῦ
698 1949 797 2034 νόμος
823 1956 893 2039 περὶ
923 1955 988 2018 τάν
1013 1949 1225 2038 κυβευόντων.
1270 1950 1304 2020 Ὀ
1335 1951 1434 2031 αὐτὸς
1469 1949 1622 2038 βασιλεῦς
1649 1953 1855 2036 Δημοσθένει
1888 1950 2019 2042 ἐπάρχῳ

152 2061 361 2148 πραιτωρίοιν.
404 2056 523 2142 Incipit
544 2051 616 2122 ὅσοι.
661 2053 796 2120 Desinit
816 2050 998 2136 ἐπανάγειν.
1043 2055 1249 2142 Subscriptio
1265 2055 1370 2122 sdest
1412 2053 1477 2122 nst
1499 2061 1605 2122 const.
1628 2052 1692 2120 ts.
1715 2053 1753 2120 0.
1775 2058 1802 2120 1.
1824 2051 1863 2121 4.

303 2195 411 2258 XVII.
457 2188 688 2256 Ἰουστινιανοῦ
713 2185 812 2270 νόμος
842 2192 913 2273 περὶ
941 2193 1113 2256 πολιτικῶν
1142 2188 1317 2278 προσόδων.
1365 2187 1399 2256 Ὁ
1428 2189 1527 2267 αὐτὸς
1552 2186 1704 2274 βασιλεὺς
1729 2186 1895 2274 Ἰουλιανῴ
1923 2186 2020 2278 ἐπάρ-

150 2318 200 2378 χῳ
220 2295 432 2380 πραιτωριων.
475 2291 594 2377 Incipit
615 2293 685 2378 περὶ
706 2291 781 2355 τῶν.
824 2289 958 2357 DesinIt
978 2293 1150 2376 προσῆκον.
1195 2291 1398 2378 Subscriptio
1420 2292 1527 2358 adest.
1571 2291 1635 2356 Est
1656 2297 1762 2358 const.
1787 2288 1850 2356 36.
1872 2289 1909 2359 G.
1933 2295 1959 2357 I.
1982 2289 2021 2359 4.

302 2431 426 2492 XVIII.
469 2423 698 2492 Ἰουστινιανοῦ
720 2421 819 2507 νόμος
839 2429 908 2512 περὶ
930 2427 1089 2509 κληρικών
1109 2431 1143 2492 ἐν
1164 2431 1255 2508 αίτίηι
1275 2431 1463 2527 γενομένω.
1482 2404 1670 2508 (γινομένων
1692 2425 1805 2506 Tuur.)
1833 2423 1877 2508 μὴ
1904 2423 2021 2510 πρότε-

151 2554 209 2618 ρον
229 2531 280 2595 ἐπὶ
301 2527 374 2604 τοῦς
394 2527 597 2614 πατριάρχας
619 2525 738 2604 αὐτοὺς
759 2529 958 2612 αι’τιάσθαι,
981 2529 1054 2613 πρὶν
1075 2524 1117 2592 ἀν
1139 2533 1171 2594 ot
1191 2532 1357 2593 ἐπίσκοποι
1380 2529 1564 2592 συνείδοιεν.
1598 2523 1630 2593 Ὁ
1651 2524 1750 2604 αὐτὸς
1770 2526 1922 2612 βασιλεὺς
1940 2525 2022 2596 Ἰου-

151 2631 252 2714 λιανῴ
273 2626 404 2796 ἐπάρέῳ
426 2635 638 2720 πραιτωρίων.
682 2629 800 2714 Incipit
821 2628 1028 2711 θεσπίζομεν.
1074 2627 1207 2696 Desinit
1233 2625 1389 2694 κανόνων.
1435 2627 1640 2714 Subscriptio
1671 2628 1777 2696 adest·
1819 2626 1885 2698 lust
1912 2635 2018 2698 const.

151 2731 215 2800 29.
238 2731 276 2800 C.
297 2737 322 2798 1.
372 2775 381 2797 .

302 2869 392 2933 ΧΙΧ.
431 2863 662 2932 Ἰουστινιανοῦ
683 2860 782 2947 νόμος
802 2866 872 2952 περὶ
892 2860 1074 2947 κηδεμόνων
1095 2862 1196 2948 ἤγουν
1216 2859 1431 2950 κουρατιόρων
1458 2861 1679 2952 (κουρατόρων
1706 2866 1821 2948 Tour.)
1855 2866 2019 2956 ὀρφανῶν.

145 2967 177 3038 Ὁ
208 2966 308 3046 αὐτὸς
335 2964 487 3054 βασιλεὺς
515 2967 617 3048 Μηνᾷ
645 2961 774 3052 ἐπάρχῳ
803 2970 1014 3054 πραιτωρίων.
1058 2966 1175 3052 Incipit
1199 2967 1404 3049 θεσπιζομεν.
1458 2965 1593 3033 Desinit
1619 2967 1885 3049 νενομοθέτηται.
1930 2966 2021 3036 Sub·

148 3073 288 3160 scriptio
309 3069 417 3136 adest.
461 3067 526 3134 Est
547 3074 652 3134 const.
676 3065 740 3132 30.
764 3064 800 3134 C.
823 3073 849 3135 I.
871 3064 908 3132 4.

302 3209 377 3270 XX.
419 3201 650 3269 Ἰουστινιανοῦ
671 3200 770 3284 νόμος
790 3205 860 3288 περὶ
881 3203 942 3267 τοῦ
962 3199 1006 3284 μὴ
1027 3202 1094 3267 δεῖν
1116 3173 1264 3268 ἀκοῦσαν
1286 3199 1404 3282 δούλην
1424 3200 1443 3284 ἢ
1470 3205 1648 3289 ἐλευθέραν
1678 3209 1723 3280 εἰς
1743 3201 1862 3284 σκηνὴν
1882 3201 1901 3284 ἢ
1924 3201 2020 3292 ὀρχή-

146 3332 253 3394 στραν
272 3315 431 3372 κατιέναι.
473 3303 506 3372 ‘O
534 3302 633 3381 αὐτὸς
659 3302 810 3388 βασιλεὺς
836 3314 906 3378 τοῖς
936 3305 1107 3381 πανταχοῦ
1134 3305 1193 3386 γῆς
1221 3302 1495 3392 θεοφιλεστάτοις
1521 3301 1716 3386 ἐπισκόποις.
1760 3305 1880 3392 Incipit
1907 3307 2019 3372 θείαν.

146 3409 284 3478 Desinit
305 3405 513 3490 λογιζόμενοι.
558 3407 760 3491 subscripto
782 3404 889 3472 adest.
933 3402 1000 3470 Est
1022 3413 1127 3470 const.
1153 3402 1216 3469 33.
1240 3401 1278 3471 C.
1300 3411 1326 3471 l.
1350 3403 1388 3471 4.

302 3547 394 3608 XXI.
434 3539 721 3624 Ἰουστινιανοῦῑθ)
743 3543 857 3626 νόμος,
889 3536 940 3608 ὅτι
969 3537 1008 3604 οῦ
1032 3537 1096 3628 χρὴ
1128 3537 1239 3626 κύβοις
1269 3551 1478 3627 προσανέχειν
1506 3542 1681 3608 έπίσκοπον
1708 3537 1884 3626 (ἐπισκόπῳ
1906 3541 2020 3622 Tunc.)

141 3647 404 3735 ἢπρεσβότερον
428 3645 643 3730 (πρεσβυτέρῳ
667 3644 782 3726 Tuur.)
805 3641 824 3722 ἢ
846 3639 999 3708 διάκονον
1022 3637 1177 3725 (διακόνῳ
1209 3641 1229 3721 ἢ
1258 3639 1462 3725 ῦποδιακόνῳ
1492 3641 1607 3718 Teuc.)
1638 3639 1811 3728 ἢψάλτας
1831 3639 1851 3722 ἢ
1872 3638 2021 3724 άναχνά-

143 3773 249 3826 στας,
277 3743 351 3813 ἀλλ’
385 3743 458 3812 οῦδὲ
485 3741 600 3811 ἱππικά
628 3741 802 3834 ἢθέατρα
830 3741 850 3823 ἢ
877 3743 1016 3826 κυνήγια
1042 3741 1061 3820 ἢ
1089 3739 1127 3808 τό
1150 3745 1282 3808 τοιοῦτο
1304 3743 1453 3826 θεωρεῖν.
1494 3739 1527 3808 Ὀ
1548 3739 1645 3820 αὐτὸς
1665 3741 1817 3826 βασιλεὺς
1835 3739 2020 3828 Ἐπιφανίῳ

138 3852 190 3934 τῷ
217 3845 389 3931 άμιωτάτῳ
411 3841 651 3934 ἀρχιεπισκὸπῳ
672 3847 728 3923 τῆς
749 3843 939 3928 εὐδαίμονος
960 3841 1081 3922 ταύτης
1100 3840 1221 3919 πόλεως
1242 3845 1300 3908 καὶ
1322 3845 1531 3926 οίκουμενικηῖ
1560 3840 1752 3930 πατριάρχη.
1803 3843 1920 3932 Incipit
1937 3839 2020 3930 σφό-

137 3952 211 4040 δρα
234 3947 429 4030 πιστεύομεν.
473 3947 607 4014 Desinit
629 3945 807 4024 ίσχὺσιιιεν.
854 3943 1059 4032 Subscriptio
1080 3944 1186 4012 adest.
1231 3942 1297 4010 Est
1321 3952 1426 4010 const.
1451 3941 1515 4010 34.
1537 3940 1575 4010 G.
1598 3949 1624 4009 I.
1645 3942 1682 4008 4.

305 4085 410 4147 XXII.
449 4079 548 4160 Ἀλλη
569 4078 713 4160 διάταξις
734 4083 804 4166 περὶ
826 4077 1007 4146 ἐπισκόπων
1028 4081 1084 4144 καὶ
1106 4079 1209 4144 θείειν
1231 4075 1377 4144 κανόνων
1398 4079 1513 4162 (Τοοτ.
1534 4078 1627 4145 addit
1647 4079 1704 4143 καὶ
1726 4073 1776 4143 ὅτι
1799 4078 1851 4142 δεῖ
1873 4079 1930 4156 τῆς
1953 4101 2020 4157 χει-

131 4186 304 4272 ροτονίας
323 4181 405 4263 μετά
425 4183 536 4248 πάσαν
557 4181 724 4266 ἀκρίβειαν
744 4183 800 4245 καὶ
822 4178 984 4264 ἐρεῦνησιν
1005 4179 1163 4263 γίνεσθαι
1183 4183 1240 4246 καὶ
1262 4181 1332 4264 περὶ
1353 4179 1417 4244 τῶν
1439 4176 1581 4258 ἀναξίων
1607 4185 1921 4264 χειροτονουμένων).
1963 4177 2022 4244 Ἐν

131 4283 292 4367 ὀνόματι
319 4288 379 4348 τοῦ
406 4281 562 4349 δεσπότου
586 4281 691 4361 Ἰησοῦ
721 4283 868 4368 Χριστοῦ
902 4283 962 4346 τοῦ
989 4281 1073 4346 θεοῦ
1107 4276 1196 4360 ἡμῶν
1223 4277 1435 4364 αὐτοκράτωρ
1457 4277 1598 4364 Καῖσαρ
1627 4276 1772 4363 Φλάβιος
1795 4276 2022 4356 Ἰουστινιανὸς

126 4381 370 4468 Ἀλαμανικὸς
388 4381 555 4460 Γοτθικός
577 4379 763 4467 Φραγγικὸς
787 4380 1009 4458 Θόανδαλικὸς
1028 4378 1226 4468 Ἀφρικανός
1252 4378 1386 4460 εὐτυχὴς
1416 4377 1544 4459 ἔνδοξος
1571 4381 1787 4466 τροπαιοῦχος
1809 4375 2019 4464 ἀεισέβαστος

129 4488 347 4570 Αὔγουστος
367 4485 486 4571 Πέτρῳ
507 4487 552 4569 τῷ
574 4481 790 4567 λαμπροτάτῳ
811 4488 980 4570 μαγίστρῳ
1003 4485 1067 4548 τῶν
1089 4483 1192 4548 θείων
1214 4478 1390 4569 όφφικίων.
1435 4480 1553 4568 Incipit
1573 4486 1601 4546 εί
1622 4479 1707 4559 τοῦς.
1752 4479 1886 4548 DesinIt
1910 4477 2013 4562 ἡγου-

126 4597 268 4672 μένοις.
312 4584 517 4672 Subscriptio
538 4586 645 4653 adest.
689 4583 755 4650 nst
773 4584 916 4651 NoveIIu
943 4583 1032 4649 137.

301 4725 423 4786 XXIII.
464 4717 580 4807 Ἑτέρα
601 4718 748 4801 διάταξις
769 4721 829 4786 τοῦ
850 4717 973 4808 αὐτοῦ,
994 4721 1061 4796 πῶς
1081 4719 1134 4783 δεῖ
1147 4718 1243 4802 βιοῦν
1264 4740 1341 4794 τους
1360 4713 1536 4798 μοναχοῦς.
1575 4713 1609 4784 Ὁ
1630 4713 1730 4793 αὐτὸς
1749 4711 1899 4801 βασιλεῦς
1919 4713 2022 4795 Μηνᾷ

134 4827 188 4910 τῷ
223 4819 471 4908 μακαριωτάτῳ
493 4819 666 4904 έπισιιόπῳ.
710 4821 830 4908 incipit
858 4817 876 4886 ὁ
904 4818 1051 4908 μονήρης.
1095 4817 1227 4884 Desinit
1255 4816 1433 4886 σπευσάτω.
1483 4817 1743 4905 subscriptionis
1771 4815 1894 4880 initium
1919 4813 2022 4880 solum

120 4927 249 4995 adest.
298 4921 366 4990 Est
384 4923 527 4990 Noveiie
559 4921 648 4989 133.

301 5043 426 5106 XXIV.
465 5039 566 5119 Ἀλλη
588 5037 734 5120 διάταξις
756 5043 826 5122 περὶ
847 5038 1033 5118 ἐκκλησιῶν.
1076 5036 1250 5123 Inscriptio
1272 5036 1490 5106 desiderator.
1535 5035 1654 5121 Incipit
1674 5034 1801 5100 πολλῶν
1828 5033 1884 5098 καὶ
1903 5026 2021 5118 διαφό-

116 5171 204 5236 ρων.
261 5137 401 5208 Desinit
422 5139 619 5218 carcerarii.
663 5140 838 5225 Inscriptio
861 5140 968 5205 adest.
1012 5135 1078 5202 Est
1100 5136 1241 5204 Novello
1266 5136 1357 5205 1uo.

300 5260 412 5323 XXV.
452 5245 539 5323 Ἰσον
567 5256 666 5320 θείου
692 5253 805 5338 νόμου.
850 5255 1024 5340 Inscriptio
1053 5255 1267 5323 desideretur.
1318 5255 1437 5342 Incipit
1463 5247 1720 5340 ἀπαγορεῦομεν.
1764 5247 1896 5318 Desinit
1922 5269 2020 5331 προσ·

115 5361 354 5454 κυρωθῆναι.
397 5354 603 5443 SubscriptIo
626 5355 842 5424 desideretur.
889 5353 955 5424 Est
976 5355 1117 5424 Novella
1141 5355 1231 5424 131.
1253 5378 1325 5446 cup.
1353 5355 1414 5422 13.

206 5691 216 5710 ·
299 5679 350 5740 1³)
367 5682 443 5732 nnec
460 5681 570 5731 rubrtcs
586 5682 614 5730 In
632 5681 734 5732 conice
750 5680 1123 5746 monstrosissime.
1145 5679 1293 5738 10.deest;
1326 5679 1417 5743 Itaque
1439 5690 1457 5731 ι
1479 5679 1618 5732 Danubio
1641 5676 1671 5728 in
1690 5651 1817 5744 attingo
1840 5673 2017 5726 btbltotbeese

111 5769 352 5824 Laurentianus
370 5771 432 5818 tom.
450 5767 470 5816 1.
489 5779 515 5830 p.
532 5765 591 5816 478.
611 5768 712 5818 omisso
728 5772 778 5818 est.

185 5857 238 5919 Il.
1584 5841 1617 5910 Ε
