4864 7070
342 533 450 580 xxxii
1067 515 1446 586 PROLEGOMEN
1454 517 1486 586 A

340 702 474 775 τίτλος
502 694 572 778 λη’.
601 701 688 788 περὶ
717 705 996 784 καινοτομιιῦν
1016 707 1088 770 καὶ
1109 707 1244 794 νομῆς,
1263 711 1305 770 ἐν
1326 695 1352 789 ᾧ
1374 708 1441 770 καὶ
1463 706 1552 792 περὶ
1572 696 1889 776 ἀνακοινῶσεως
1920 703 2102 790 καὶπερὶ
2130 723 2225 766 παν

588 805 824 884 ραγγελιάς.

588 901 691 987 Incip.
714 903 770 970 101.
796 903 884 971 134.
909 906 953 970 A.
996 902 1109 970 καινόν
1129 909 1224 989 ἔργον
1244 917 1336 972 ποιεῖ.

590 1002 705 1068 Desin.
728 1004 781 1070 101.
808 1003 897 1071 142.
918 1005 958 1092 Β.
1003 1005 1023 1085 ἡ
1043 1006 1191 1072 δεκαετία
1211 1008 1338 1092 βοηθεῖ
1353 1031 1420 1088 μοι.

341 1105 478 1181 τίτλος
498 1100 671 1194 λθ’.περὶ
691 1107 849 1192 κοινῶν,
864 1097 1287 1195 ένῶκαὶνεαραὶπερὶ
1303 1105 1448 1194 (μόνον.
1471 1105 1876 1194 περὶπορνοβοσκῶν.
1901 1105 2074 1190 περὶτοῦ
2089 1101 2208 1186 μὴεῖ-

586 1193 790 1270 vaalius?
817 1205 862 1284 ὴν
884 1207 1079 1293 φυλακήν.
1102 1212 1193 1295 περὶ
1213 1205 1534 1286 εύνονχιζόντων.
1569 1210 1656 1292 περὶ
1683 1203 1896 1292 ἀρνήσεως.
1932 1207 2021 1290 περὶ
2042 1205 2212 1292 δωροδο-

490 1323 497 1336 ·
588 1309 790 1388 νοηθέντος
817 1310 1027 1374 δικαστοῦ.
1069 1311 1264 1394 περὶτῶν
1290 1305 1641 1396 προσφεύγόντων
1661 1309 1708 1390 τῇ
1727 1303 1833 1389 ἀγιήι
1857 1306 1928 1370 τοῦ
1950 1307 2053 1371 θεοῦ
2074 1307 2212 1382 ἐκκλη-

589 1413 661 1489 σίηι
680 1410 750 1472 καὶ
770 1410 859 1492 περὶ
880 1409 1244 1492 δαιμονιζομένων.

590 1508 692 1594 Incip.
715 1508 769 1574 101.
797 1507 883 1574 143.
906 1509 949 1574 A.
994 1507 1187 1598 όέρεθιζων
1207 1509 1284 1586 τοὺς
1304 1513 1484 1593 πολεμιόνς.

591 1608 706 1676 Desin.
729 1608 896 1687 101.,159.
919 1610 959 1676 Β.
1003 1616 1072 1696 περὶ
1092 1619 1257 1693 μανέντων
1278 1608 1442 1694 ὁμοζύγιον
1462 1609 1506 1676 τά
1526 1609 1614 1676 αύτά
1634 1612 1869 1693 διαλεγομένην.

343 1710 480 1788 τίτλος
511 1707 558 1794 μ’.
580 1714 669 1799 περὶ
689 1709 849 1776 σκύλων
869 1719 909 1776 ἐν
930 1703 956 1795 ᾦ
977 1717 1047 1778 καὶ
1067 1717 1155 1802 περὶ
1176 1711 1390 1791 ἱκκλήτου,
1419 1719 1643 1797 ἱερωμένων
1662 1711 1858 1793 μοναχῶν
1881 1710 2104 1791 κοσμικῶν,
2126 1704 2217 1796 [καὶ

589 1813 679 1897 περὶ
698 1815 771 1878 τῶν
792 1811 1056 1878 πεπονθότων
1078 1812 1316 1900 ἀπόφανσιν
1348 1816 1417 1878 καὶ
1445 1811 1868 1892 ἀποκαθισταμένων,
1898 1811 2076 1894 καὶπερὶ
2098 1815 2209 1892 αἱρε·

591 1914 667 1978 τῶν
713 1911 1000 2003 δικαστῶν]1),
1043 1917 1102 1979 ἔτι
1139 1916 1180 1978 τὲ
1220 1918 1308 1999 περὶ
1348 1912 1617 1992 δικαιοσύνης
1658 1910 1786 1995 νόμον
1818 1916 1888 1978 καὶ
1924 1912 2084 1997 μακρῶς
2124 1931 2217 1975 συν-

589 2015 778 2096 ηθείαςὶ)
806 2017 873 2079 καὶ
901 2019 991 2100 περὶ
1019 2013 1190 2098 ἀγνοίας
1210 2014 1336 2097 νόμον
1355 2019 1421 2081 καὶ
1443 2012 1617 2102 φάκτον,
1647 2017 1715 2079 καὶ
1735 2018 1845 2090 τίνες
1877 2013 2148 2098 βοηθοῦνται
2175 2007 2219 2089 ἐξ

590 2113 731 2180 αύτῶν.
781 2118 870 2204 περὶ
894 2117 974 2180 τῶν
1001 2114 1215 2203 ἀπράκτων
1247 2113 1410 2204 ἡμερῶν.
1463 2118 1551 2201 περὶ
1577 2111 1845 2192 δὶκαιοσύνης
1872 2111 2003 2196 νόμων
2032 2115 2101 2178 καὶ
2127 2114 2220 2198 περὶ

590 2213 776 2300 ῥημάτων
795 2221 1003 2299 σημασίας
1023 2220 1092 2282 καὶ
1113 2221 1200 2303 περὶ
1221 2216 1428 2307 διαφόρων
1455 2214 1656 2283 κανόνων.
1685 2218 1776 2305 περὶ
1796 2213 2034 2304 συνηγόρων
2062 2217 2131 2280 καὶ
2159 2235 2218 2279 πε-

592 2319 631 2402 ρὶ
651 2318 835 2395 ἐντολῆς.
853 2321 882 2402 ³)

593 2417 657 2483 Hic
679 2418 791 2483 titulus
812 2419 847 2484 in
868 2419 979 2486 varias
1001 2420 1177 2506 particulas
1198 2419 1389 2486 distn'butus
1410 2425 1475 2486 est.
1519 2417 1606 2487 Sunt
1626 2425 1735 2485 autem
1756 2417 1837 2485 hee:

427 2513 473 2611 a)
506 2521 594 2606 περὶ
615 2519 788 2587 σκύλων.

591 2622 693 2709 Incip.
718 2623 773 2689 101.
801 2618 891 2687 160.
915 2622 958 2687 A.
1002 2626 1035 2687 οἱ
1055 2620 1142 2688 κατά
1163 2623 1330 2705 πολεμίων.

593 2721 710 2790 Desin.
733 2723 786 2790 101.
811 2723 935 2790 eodem.
977 2720 1245 2805 καταλειπόμενος
1266 2719 1414 2808 λήψεται.

430 2816 474 2914 b]
506 2827 597 2910 περὶ
617 2822 824 2904 έκκλήτον,
846 2829 1075 2910 ἱερωμένων
1094 2825 1284 2906 μοναχῶν
1304 2823 1530 2905 κοσμικόν,
1551 2829 1645 2909 περί
1662 2846 1704 2888 τε
1724 2823 1800 2887 τῶν
1820 2817 2091 2887 πεπονθότων
2120 2815 2221 2885 ἀπό-

593 2948 746 3012 φανσιν
766 2927 836 2990 καὶ
857 2921 1259 3007 ἀποκαθισταμένων
1280 2927 1351 2988 καὶ
1371 2925 1461 3010 περὶ
1481 2928 1653 3016 αἱρετῶν
1682 2923 1898 2990 δικαστῶν.

594 3025 697 3112 lneip.
719 3026 772 3092 101.
801 3022 886 3090 160.
909 3025 949 3090 A.
992 3023 1050 3103 τὴν
1071 3023 1202 3090 ἀδικίαν
1222 3026 1283 3090 τοῦ
1304 3023 1473 3113 ἄρχοντος.

477 3123 483 3130 ’
590 3125 706 3194 Desin.
729 3127 782 3194 101.
811 3124 899 3192 161.
924 3127 965 3192 Β.
1008 3133 1212 3210 προσέχωμέν
1235 3129 1348 3191 τεκαὶ
1369 3123 1647 3215 προστιθῶμεθα.

429 3223 471 3320 c)
490 3231 583 3316 περὶ
603 3227 874 3306 δικαιοσύνης
894 3225 1018 3310 νόμον
1038 3229 1107 3292 καὶ
1127 3229 1286 3314 μακρῶς
1307 3211 1539 3306 συνηθείας
1559 3232 1632 3295 καὶ
1653 3230 1745 3317 περὶ
1764 3223 1939 3311 ἀγνοίας
1960 3223 2088 3309 νόμον
2108 3221 2128 3303 ἢ
2149 3220 2222 3312 φά-

594 3351 695 3395 κτον
716 3331 785 3394 καὶ
805 3334 912 3407 τίνες
939 3329 1208 3414 βοηθοῦνται
1229 3327 1442 3409 έξάύτῶν.

592 3429 695 3516 Ισείρ.
718 3429 770 3496 101.
798 3425 886 3494 161.
908 3429 949 3496 Β.
993 3426 1012 3493 ὁ
1033 3425 1132 3511 νόμος
1152 3426 1219 3495 ἀπὸ
1241 3431 1297 3508 τῆς
1319 3425 1536 3508 δικαιοσύνης.

595 3532 710 3598 Desin.
733 3530 789 3596 101.
822 3526 910 3600 163.
932 3530 974 3596 A.
1018 3536 1064 3608 είς
1084 3527 1122 3596 τό
1144 3531 1282 3608 διηνεκὲς
1304 3529 1473 3610 ἰσχύοντα.

430 3627 475 3724 d)
495 3637 553 3698 έτι
573 3637 665 3718 περὶ
685 3633 761 3696 τῶν
783 3628 1055 3697 πεπονθότων
1076 3628 1314 3717 ἀπόφανσιν
1334 3636 1407 3698 καὶ
1428 3629 1843 3717 ἀποκαθισταμένων.

596 3733 698 3818 Incip.
721 3732 776 3800 101.
803 3728 890 3796 163.
913 3732 956 3796 A.
1003 3729 1023 3812 ἡ
1043 3729 1189 3811 διάταξις
1210 3729 1343 3798 κελεύει.

593 3831 710 3898 Desin.
733 3833 789 3899 101.
813 3831 937 3899 eodem.
981 3829 1071 3917 παρὰ
1092 3831 1169 3909 τοὺς
1187 3831 1306 3916 νόμους
1327 3843 1428 3899 ποιεῖ.

431 3930 472 4026 e)
493 3937 583 4023 περὶ
603 3931 777 4018 ἀγνοίας
798 3930 928 4014 νόμον
948 3929 968 4010 ἢ
990 3930 1153 4020 ῳάκτοσ
1173 3937 1241 4000 καὶ
1261 3938 1366 4012 τίνες
1385 3935 1650 4020 βοηθοῦνται
1671 3932 1714 4015 ἐξ
1732 3931 1894 4012 αῦτῶν,·

597 4035 700 4120 Incip.
723 4033 779 4101 101.
806 4029 895 4098 163.
916 4033 959 4098 A.
1004 4031 1166 4116 ἡάγνοία
1186 4033 1297 4118 νόμον.

597 4135 714 4202 Desin.
737 4135 792 4200 101.
816 4133 941 4200 eodem.
985 4133 1045 4211 τάς
1065 4137 1158 4212 δίκας
1178 4144 1396 4220 τεμνέτωσαν.

441 4231 482 4326 f)
504 4239 690 4327 περὶτῶν
711 4232 928 4321 ἀπράκτων
949 4233 1112 4322 ἡμεροῦν.

596 4338 699 4422 Ισσὶρ.
721 4337 774 4402 101.
802 4332 889 4401 163.
913 4335 954 4401 Β.
997 4331 1018 4415 ἡ
1038 4333 1184 4416 διάταξις
1204 4338 1264 4403 τοῦ
1284 4333 1345 4421 ιβ’.
1368 4341 1488 4428 τίτλον.

573 4517 574 4522 ¹
597 4437 713 4504 Desin.
736 4437 791 4504 101.
819 4434 907 4502 165.
930 4437 973 4502 A.
1017 4438 1072 4515 της
1092 4433 1191 4517 ζώνης
1211 4445 1384 4504 ἱκπιπτέτω
1405 4442 1462 4505 καὶ
1484 4439 1689 4523 δημενέσθω.

432 4544 573 4626 ρ)περὶ
588 4535 1074 4621 δικαιοσύνηςνόμωνκαὶ
1095 4541 1182 4627 περὶ
1203 4537 1390 4624 ρἠμάτων
1410 4545 1614 4622 σημασίας
1628 4539 2227 4632 καὶπερὶδιαφύρωνκανόνων.

596 4643 698 4728 Incip.
720 4641 774 4708 101.
801 4638 890 4706 165.
913 4639 955 4704 A.
1000 4637 1099 4721 νόμος
1119 4642 1169 4704 ἐπὶ
1191 4647 1288 4724 τέχνη
1308 4643 1369 4706 τοῦ
1388 4642 1505 4706 καλοῦ.

597 4741 711 4810 Desin.
734 4742 790 4809 101.
825 4738 913 4808 166.
937 4742 990 4806 A..
1025 4747 1057 4808 οἱ
1077 4737 1167 4828 παρά
1189 4743 1235 4826 τῶ
1255 4742 1384 4827 βασιλεῖ
1404 4740 1629 4826 διαγινόμενοι.
1670 4775 1674 4782 ·

434 4839 479 4936 It]
500 4847 587 4928 περὶ
608 4841 843 4928 συνηγόρων.

593 4943 698 5030 Ισσίρ.
722 4944 774 5011 101.
803 4940 889 5010 166.
909 4942 951 5009 Β.
995 4939 1078 5010 ὁδί
1103 4945 1287 5022 ἀπληστίαν
1307 4944 1354 5026 τῴ
1376 4947 1498 5028 οἰκείῳ.

595 5045 714 5114 Desin.
744 5045 799 5112 101.
830 5045 955 5111 eodem.
1000 5044 1089 5132 παρίι
1117 5047 1181 5111 τῶν
1208 5041 1403 5124 δικαζόντων
1429 5047 1536 5110 ταῦτα
1567 5043 1905 5138 ἀναπληροῦσθωσαν.

434 5142 468 5236 ἱ)
490 5147 618 5215 Titulus
640 5146 744 5214 deest.
788 5145 1023 5232 supplendum,
1046 5145 1079 5212 ni
1102 5145 1206 5225 έεΙΙοτ,
1227 5148 1314 5234 περὶ
1336 5147 1513 5227 ἐντολῆς.

596 5248 696 5335 Incip.
720 5247 775 5314 101.
803 5243 891 5314 166.
914 5247 954 5312 Β.
998 5243 1110 5324 ἐντολή
1132 5251 1231 5326 ἐστιν,
1250 5243 1341 5312 ὅταν.

596 5346 711 5416 Desin.
737 5348 791 5414 fol.
822 5345 910 5414 167.
939 5347 982 5413 A.
1024 5349 1067 5430 μὴ
1089 5345 1147 5424 τὴν
1168 5354 1382 5434 αποστέρησιν
1402 5345 1626 5430 ὑπομένοντος.

517 5449 590 5516 Hac
618 5433 695 5516 datis
723 5449 853 5517 dicendi
874 5449 1046 5518 occasione
1074 5449 1172 5515 etiam
1192 5449 1350 5537 reliquam
1385 5449 1491 5516 nostri
1513 5449 1636 5516 codicis
1650 5456 1784 5537 partem
1810 5449 2002 5542 describam,
2023 5471 2088 5545 nen
2108 5450 2233 5538 quoad

349 5549 603 5618 Athanasianum
631 5570 713 5636 opus
739 5571 781 5618 ea
808 5551 974 5637 pertinere
999 5547 1150 5635 arbitrer,
1186 5549 1259 5639 sed,
1287 5551 1362 5638 quie
1382 5551 1424 5618 eb
1453 5550 1507 5639 ἰίε,
1540 5551 1594 5637 qui
1622 5549 1837 5620 bibliothecae
1868 5551 2014 5622 Senatus
2048 5551 2233 5638 Lipsiensis

421 5817 447 5882 1)
464 5793 515 5880 iia,
539 5833 606 5886 ηοω
622 5825 699 5874 ωσι
716 5823 824 5885 incius,
841 5825 887 5874 τοι.
906 5825 967 5875 ιω.
986 5823 1019 5873 ε.
1036 5823 1173 5888 leguntur,
1192 5834 1286 5872 verum
1302 5823 1331 5874 ω
1347 5825 1435 5874 indice
1452 5822 1588 5874 titulorum
1604 5825 1709 5876 essunt.
1756 5826 1789 5885 κ)
1805 5825 1871 5875 νοω
1895 5824 2038 5891 mesia.
2061 5825 2141 5876 ωοει
2163 5825 2236 5874 addit

347 5909 389 5958 καὶ
407 5904 466 5974 περὶ
483 5905 591 5978 αἱρετῶν
607 5906 734 5956 δικαστῶν
752 5906 794 5956 καὶ
810 5905 870 5974 περὶ
892 5909 944 5958 τῶν
963 5904 1139 5958 πεπονθότων
1160 5901 1309 5962 ἀπόφανσιν
1339 5907 1383 5956 κειὶ
1404 5903 1668 5975 ἀποκαθισταμένων,
1687 5907 1748 5979 περὶ
1771 5904 1934 5973 δικαιοσύνης
1958 5905 2039 5971 νόμου
2070 5909 2113 5959 καὶ
2135 5910 2234 5980 μακρᾶς

349 5996 499 6058 συνηθείας.
566 5989 595 6051 3)
616 5989 707 6042 Verba
723 5989 784 6060 περὶ
802 5987 950 6062 συνηγόρων
965 5991 1009 6043 καὶ
1025 5991 1087 6064 περὶ
1104 5988 1208 6058 ἐντολῆς
1224 5990 1321 6040 desunt
1336 5992 1364 6039 in
1382 5991 1470 6042 indice
1487 5991 1634 6042 titulorum.
