4802 7060
868 531 1108 606 aaron
1171 538 1200 606 n
1712 489 1716 496 ⁴
1950 561 2036 612 um

157 725 299 812 inclytas
319 725 424 790 eicior
444 741 487 788 aa
508 720 731 808 triumphator
751 739 884 809 scalper
909 724 1083 810 depastus
1116 721 1324 792 Tribouiauo
1352 725 1524 812 quaestori
1549 741 1613 790 mro
1644 725 1795 794 salutem.
1846 726 1939 812 Quae
1968 731 2035 796 etsi

156 829 189 894 in
212 826 324 894 codiee
346 824 534 892 Florentino
557 825 794 890 l‘andectarnm
816 826 1036 912 reperiantur,
1059 832 1167 893 tumen
1190 832 1303 892 contra
1325 826 1470 892 codicum
1492 827 1800 915 manuscriptorum,
1830 831 2035 918 quiquidem

158 927 310 995 Codioem
325 927 458 1014 liabent,
477 927 702 992 errcioritatcm
724 924 871 991 hocloco
892 927 924 992 in
938 933 1122 994 contextum
1135 927 1323 1012 recipienda
1337 948 1401 994 non
1416 936 1519 994 eraut.
1548 927 1659 994 Facile
1675 930 1759 994 enim
1777 947 1821 995 ox
1834 930 2036 997 Iustiniana-

157 1051 224 1097 rum
248 1028 457 1094 Novellarum
473 1029 713 1112 comparatione
733 1027 909 1113 constabit,
930 1028 1030 1116 huuc,
1052 1028 1104 1114 qni
1126 1028 1212 1114 apud
1229 1026 1481 1094 llerrmaauam
1497 1027 1653 1114 babetur,
1675 1031 1800 1096 titulum
1822 1050 1865 1096 ex
1888 1033 2034 1117 pleniore

157 1131 265 1216 aliquo
287 1129 382 1194 baius
404 1129 648 1194 constitutionis
671 1128 849 1213 exemplari
870 1128 1041 1194 deductum
1064 1147 1152 1194 csse.
1198 1127 1256 1195 Sic
1287 1144 1393 1196 alutem
1417 1129 1551 1194 Codicis
1579 1129 1651 1195 libri
1680 1132 1908 1217 manuscripti:
1949 1131 2033 1216 Imp.

158 1230 369 1297 loratirriauas
395 1225 602 1295 Tritoniaca
624 1231 882 1294 eurirrealiacimo
913 1231 1086 1316 pacreatom‘
1111 1232 1204 1295 sacri
1228 1232 1359 1316 palatii.
1405 1229 1507 1312 Quam
1535 1250 1603 1295 rem
1625 1252 1747 1298 summa
1770 1233 1930 1298 Perusina
1952 1234 2036 1297 satis

159 1331 336 1399 confirmat
380 1331 439 1396 Sic
462 1332 545 1395 enim
568 1330 667 1395 babet
689 1330 715 1396 l.
742 1329 802 1394 17.
830 1331 881 1395 ia
904 1329 1007 1414 lorpr.
1030 1328 1242 1396 luraliruiauaa
1263 1351 1294 1396 a.
1323 1327 1533 1398 Tribrrur'ouo
1555 1335 1629 1396 viro
1650 1336 1907 1400 mrirreuiiosimo
1929 1353 2039 1420 prrae-

159 1435 243 1500 stori
263 1433 356 1498 sacri
375 1432 506 1517 palatii.
534 1469 568 1478 -
595 1432 711 1496 Coust.
734 1428 770 1496 4.
796 1426 912 1496 11111.
939 1429 1000 1495 32.
1025 1427 1089 1520 (de
1112 1433 1160 1496 rei
1182 1428 1427 1520 vindicatione]
1456 1432 1539 1498 llaec
1567 1434 1599 1498 in
1627 1433 1770 1512 vulgatis
1799 1434 2038 1519 exemplaribus

158 1535 328 1621 inscriptio
359 1539 427 1598 est:
472 1531 555 1617 lurp.
588 1530 787 1596 Gordianus
814 1551 847 1596 a.
877 1529 1047 1598 Mrur‘muo
1073 1533 1168 1598 uuitiir'
1195 1531 1351 1618 Africae.
1396 1532 1433 1598 lu
1462 1553 1524 1620 qrro
1554 1533 1631 1602 illud
1660 1553 1742 1600 saue
1769 1534 1946 1601 mirandum
1974 1543 2040 1622 est,

161 1657 261 1726 quare
289 1634 481 1700 lilonicum
508 1633 603 1698 miles
631 1633 763 1700 Africae
785 1632 926 1714 dicatur,
956 1631 1040 1718 quod
1069 1653 1090 1699 a
1120 1631 1251 1698 dicendi
1279 1651 1403 1718 genere
1424 1633 1581 1700 Romanis
1613 1636 1733 1702 usitato
1754 1635 1892 1702 alienum
1916 1644 1981 1723 est,
2004 1645 2040 1704 ut

160 1737 244 1828 quod
265 1737 509 1805 alienissimum.
540 1734 623 1800 lllud
646 1741 752 1800 tamen
765 1741 879 1818 gratus
901 1735 1044 1822 accipio,
1067 1733 1152 1820 quod
1171 1736 1267 1800 uriliii
1282 1736 1456 1822 imperator
1467 1737 1682 1822 rescripsisse
1696 1735 1832 1802 dicatur.
1881 1739 1941 1804 Sic
1955 1739 2040 1804 euim

161 1841 259 1908 multa
290 1846 324 1904 et
353 1837 416 1902 alia
446 1837 607 1922 rescripto
635 1835 833 1924 praeierunt.
878 1833 994 1922 ltaque
1014 1853 1130 1900 vocem
1152 1834 1299 1920 Africae
1327 1835 1414 1902 nullo
1438 1837 1568 1919 negotio
1591 1837 1727 1903 delebis.
1773 1835 1833 1904 Sic
1861 1843 1896 1903 et
1918 1857 2040 1904 summa

160 1942 322 2008 Perusina
343 1943 399 2002 ill.
424 1935 486 2002 32.
510 1936 546 2001 4.
571 1935 674 2022 impr.
700 1932 900 2004 Gordianus
921 1958 953 2002 a.
976 1935 1147 2002 Martiano
1168 1938 1272 2003 arilili.
1295 1975 1337 1986 —
1379 1936 1483 2003 Porro
1506 1945 1610 2004 const.
1635 1935 1669 2002 6.
1695 1939 1733 2004 C.
1759 1937 1814 2002 Vl.
1840 1938 1902 2003 51.
1927 1935 2043 2030 (mbi-

161 2044 254 2108 trium
277 2036 424 2130 tutelae)
445 2040 615 2126 inscriptio
637 2038 722 2125 apud
744 2035 1056 2124 Spaopeuderpirmr
1079 2037 1160 2103 baec
1188 2045 1258 2104 est:
1291 2037 1397 2124 impp.
1420 2036 1655 2104 Diocletianus
1676 2041 1710 2104 el
1729 2042 1963 2134 Maximianus
1984 2059 2040 2106 aa.

161 2146 193 2210 et
214 2161 264 2206 cc.
289 2138 421 2204 Uononi
448 2141 480 2204 el
500 2141 586 2204 aliis.
631 2143 668 2205 ln
690 2145 788 2205 nota:
810 2140 917 2228 „alias
940 2137 1102 2223 Septimia
1132 2145 1167 2205 et
1190 2137 1354 2204 Couoai.“
1399 2137 1502 2222 Quom
1525 2140 1652 2228 quidem
1674 2142 1867 2227 scripturam
1889 2141 2044 2226 optimam

162 2264 241 2312 esse
262 2241 411 2308 arbitror.
455 2239 515 2306 Sic
544 2241 627 2306 enim
655 2259 779 2305 summa
802 2242 963 2306 Perusina
993 2240 1031 2304 V.
1064 2238 1126 2303 51.
1151 2236 1206 2304 li:
1235 2239 1337 2326 luitpr.
1361 2239 1496 2307 Diociii.
1528 2245 1561 2307 el
1581 2241 1682 2306 Max.
1707 2261 1764 2307 aa.
1786 2243 1818 2306 el
1840 2261 1867 2308 c.
1893 2239 2044 2327 Septimo

161 2349 195 2413 et
213 2341 364 2410 Humani.
410 2338 533 2422 Quodsi
556 2339 705 2426 Septimo
727 2341 831 2408 semel
854 2343 1006 2407 omissum
1027 2340 1105 2426 suit,
1135 2339 1190 2406 illa
1212 2343 1314 2408 uerba
1334 2343 1376 2428 ,et
1395 2343 1473 2408 aliia
1501 2343 1660 2409 ascribis
1693 2341 1834 2410 librariis
1857 2341 2044 2408 adiicienda

162 2451 267 2514 eraut.
298 2445 446 2529 Namque
461 2443 535 2528 ipsa
548 2444 736 2508 constitutio
747 2441 893 2509 secunda
906 2442 1042 2529 pluralis
1057 2443 1181 2506 numeri
1203 2462 1345 2529 persona
1359 2464 1419 2510 usa
1432 2463 1510 2510 esse
1532 2444 1765 2530 reperiturw).
1787 2483 1821 2494 -
1847 2447 1962 2510 Consi.
1982 2439 2042 2510 16.

164 2551 201 2616 C.
230 2553 273 2612 11.
311 2545 346 2610 7.
370 2539 435 2634 (de
457 2543 631 2610 advocatis
659 2541 861 2611 diversorum
892 2539 1053 2632 iudicum]
1076 2543 1108 2608 in
1129 2543 1390 2610 Herrmanoiana
1413 2543 1544 2609 Codicis
1574 2544 1716 2610 editione
1750 2544 1793 2610 ad
1819 2543 2045 2612 lomiiuiauum

160 2647 371 2738 praefectum
392 2644 471 2711 arbi
491 2645 591 2711 missa
612 2664 690 2712 esse
712 2644 848 2731 dicitur,
876 2663 1065 2733 quamquam
1086 2643 1149 2710 duo
1172 2644 1303 2714 codices
1325 2645 1533 2731 manuscripti
1562 2665 1625 2711 non
1647 2646 1905 2713 contemnendae
1927 2653 2045 2712 aucto·

162 2752 288 2836 ritulis,
318 2749 391 2834 ipso
423 2745 644 2814 Hermaaoua
673 2753 779 2834 teste,
811 2750 862 2825 mr.
892 2747 955 2813 boc
983 2751 1037 2812 est
1063 2745 1240 2832 praesecto
1267 2749 1443 2832 praetorio
1470 2746 1600 2812 babent.
1653 2747 1724 2812 Viri
1747 2746 1926 2814 doctissimi
1948 2748 2045 2813 crisis

162 2869 287 2918 stimma
314 2849 477 2914 Perusina
504 2847 685 2914 adiuvatur.
735 2849 794 2918 Sic
827 2849 912 2916 enim
938 2847 980 2913 ll.
1024 2846 1059 2911 7.
1092 2843 1130 2914 6.
1159 2847 1263 2934 lurpr.
1291 2846 1364 2913 Lea
1391 2850 1505 2913 litator
1536 2850 1570 2914 el
1602 2848 1725 2915 Zenon
1752 2869 1806 2914 aa.
1831 2849 2046 2915 lrraiiaiamaa

165 2956 216 3032 p‘m
245 2955 298 3016 Ae
311 2949 353 3016 de
366 2949 533 3035 praelecto
554 2950 717 3035 praetorio
731 2949 858 3037 quidem
880 2969 989 3018 sermo
1011 2967 1089 3016 esse
1111 2969 1176 3016 non
1190 2949 1305 3036 poluit,
1326 2968 1396 3014 cum
1414 2949 1454 3028 iS,
1476 2948 1518 3016 ad
1535 2953 1830 3036 quemconsiltutio
1844 2952 1970 3018 directa
1983 2957 2047 3038 est,

167 3054 382 3140 magistratus
405 3049 572 3136 praesecto
589 3051 752 3136 praetorio
776 3053 945 3138 oppositus
966 3052 1089 3143 sit⁸⁰);
1118 3050 1161 3117 de
1183 3051 1349 3140 praelecto
1378 3050 1448 3116 urbi
1477 3058 1585 3118 antem
1606 3059 1711 3118 actum
1734 3073 1811 3119 esse
1833 3059 1899 3118 tum
1922 3051 2048 3118 Basili·

163 3175 274 3222 cornm
295 3154 542 3230 contextus⁸¹),
564 3171 668 3238 quam,
691 3151 777 3239 quod
798 3154 831 3218 iu
853 3153 895 3218 iis
917 3153 1057 3220 babetur
1077 3153 1171 3218 huius
1191 3152 1432 3218 constitutionis
1455 3153 1611 3220 scholium
1619 3159 1669 3234 ⁸²)
1676 3203 1687 3242 ,
1708 3154 1843 3221 disertis
1857 3153 1969 3221 verbis
1985 3151 2049 3219 de·

163 3257 299 3322 clarent.
314 3289 355 3302 -
377 3248 508 3338 Optima
529 3257 583 3318 est
603 3273 747 3320 summae
762 3253 943 3320 Perusinae
964 3253 1148 3322 emendatio
1170 3253 1202 3319 in
1225 3259 1330 3318 const.
1357 3250 1417 3318 14.
1442 3251 1479 3318 C.
1503 3253 1560 3320 Vl.
1585 3251 1647 3320 ai.
1678 3251 1743 3346 (de
1765 3261 1963 3322 testamento
1985 3253 2049 3320 mi-

161 3351 266 3444 litis).
310 3353 483 3438 Inscriptio
506 3351 590 3438 legis
611 3353 695 3420 baec
717 3362 770 3421 est
791 3354 879 3442 apud
902 3353 1231 3440 Spaaperrberpiam:
1275 3352 1641 3440 1mppDiocletianas
1669 3355 1962 3422 eiMaoimr‘aaus
1991 3373 2047 3420 aa.

162 3453 344 3524 heredibus
365 3451 525 3520 Maxtrui.
570 3453 702 3522 Summa
724 3462 834 3522 manen
854 3455 1015 3522 Perusina
1039 3455 1093 3522 Vl.
1117 3453 1179 3521 ai.
1207 3453 1287 3520 14:
1309 3453 1415 3541 impr.
1438 3453 1574 3522 Dioctit.
1598 3459 1632 3522 ci
1652 3455 1757 3522 Marc.
1787 3477 1842 3523 aa.
1873 3458 1905 3522 el
1927 3475 1954 3520 c.
1984 3455 2049 3522 be-

162 3555 302 3626 reditus
324 3553 491 3622 Maxime.
535 3556 727 3640 Legcodnm
749 3576 846 3642 crgo:
873 3555 1054 3624 heredibus
1079 3555 1270 3624 Maaeimae.
1315 3555 1418 3638 Quam
1441 3563 1565 3624 remei
1587 3559 1660 3645 ipsa
1683 3559 1924 3625 constitutionis
1946 3556 2050 3622 verba

162 3660 368 3744 exignnt⁸³].
412 3653 466 3722 En
488 3658 590 3746 enim,
612 3677 676 3746 qua
698 3656 739 3726 de
760 3659 882 3746 agitur,
904 3677 1025 3726 caussa
1046 3659 1128 3726 haec
1150 3667 1221 3728 est:
1264 3657 1382 3726 Mulier
1413 3665 1613 3726 testamento
1641 3659 1763 3728 haeres
1792 3661 1916 3745 scripta
1937 3657 2050 3725 fratris

161 3759 404 3829 haereditatem
431 3759 494 3824 sibi
522 3762 743 3846 quaesiverat.
792 3758 972 3826 Postmodo
1003 3761 1136 3828 muliere
1162 3763 1311 3848 mortua,
1339 3759 1396 3824 lilii
1425 3761 1496 3827 eius
1518 3758 1681 3828 baeredes
1710 3761 1853 3826 alratre
1875 3757 2050 3826 testatoris

160 3863 287 3930 tiliisve
316 3861 358 3928 de
390 3859 596 3928 haereditate
623 3859 827 3928 restituenda
855 3862 1107 3949 conveniuntur,
1135 3861 1231 3948 quasi
1247 3867 1476 3928 testamentum
1504 3862 1583 3928 iuris
1605 3863 1869 3929 observationem
1897 3878 1962 3926 non
1984 3859 2051 3926 ba-

160 3964 283 4036 buerit.
326 3963 379 4028 lta
398 3963 611 4049 imperatores
643 3959 755 4026 liberis
781 3962 925 4030 molieris
953 3961 1190 4030 haereditatem
1219 3961 1427 4029 auferendam
1449 3983 1513 4029 non
1536 3983 1614 4030 esse
1636 3964 1885 4030 constituerunt.
1908 3997 1952 4010 -
1972 3962 2050 4029 Ne-

161 4083 233 4154 que
255 4063 524 4130 contemnsndnm
545 4071 601 4130 est
621 4081 764 4130 sommae
785 4061 968 4132 Perusinae
987 4064 1140 4132 auxilium
1163 4064 1196 4128 in
1217 4070 1320 4130 const.
1345 4062 1380 4128 3.
1406 4065 1444 4130 O.
1468 4065 1549 4148 Vlstg,
1554 4063 1616 4130 14.
1646 4061 1757 4156 (unde
1787 4057 1903 4152 liberi)
1933 4081 2051 4129 emen-

160 4163 288 4234 danda.
333 4163 506 4248 Inscriptio
534 4164 578 4228 ibi
604 4163 688 4230 baec
716 4170 789 4230 est:
827 4162 911 4251 Imp.
944 4164 1186 4232 Constantinus
1214 4183 1246 4230 a.
1282 4163 1538 4231 adherentium
1567 4169 1719 4231 coariiem
1744 4163 1787 4229 li.
1816 4163 1857 4230 P.
1891 4161 2049 4230 Omerita

163 4265 242 4350 Qua
269 4265 304 4329 in
333 4282 372 4329 re
399 4263 520 4350 aliquid
548 4284 613 4330 non
639 4271 731 4332 recte
752 4283 831 4332 nese
852 4265 975 4334 habere
996 4273 1063 4332 tum
1084 4265 1161 4332 illud
1183 4273 1375 4351 argumento
1397 4273 1468 4354 est,
1509 4266 1593 4352 qnod
1616 4285 1724 4332 corner
1748 4262 1899 4332 Orientis
1920 4282 2052 4331 curaer-

163 4385 231 4454 que
252 4384 369 4433 renea
388 4365 598 4450 priuatarum
619 4366 742 4433 diversi
762 4369 975 4452 magistratus
996 4368 1204 4447 sucronem),
1232 4372 1301 4432 'tum
1323 4367 1573 4433 Theodosiunns
1601 4368 1717 4434 Codex
1726 4369 1776 4447 85)
1808 4367 1892 4434 satis
1914 4365 2051 4432 demon-

162 4478 266 4556 strat,
286 4469 342 4535 ubi
363 4469 420 4534 illa
433 4465 475 4530 a.
492 4465 531 4532 P.
556 4467 653 4554 plane
674 4469 873 4534 omittuntur.
917 4471 1027 4556 Atque
1048 4486 1172 4534 summa
1187 4467 1350 4534 Perusina
1365 4467 1423 4534 vi.
1443 4466 1504 4532 ii.
1520 4466 1556 4533 3.
1572 4466 1678 4554 impr.
1698 4467 1988 4536 Constantianam
2005 4464 2053 4530 ad

163 4569 347 4638 Leontium
360 4569 510 4636 connitere
524 4567 684 4636 Orientis.
728 4566 820 4651 Quae
842 4591 898 4638 res
913 4578 947 4636 et
962 4589 1034 4636 cnm
1050 4568 1272 4635 Theodosiani
1293 4567 1366 4634 libri
1389 4571 1574 4638 testimonio
1598 4571 1779 4655 consentit,
1803 4576 1838 4635 et
1859 4568 1945 4654 illas,
1966 4583 2048 4653 quas

160 4671 395 4759 supraposui,
415 4668 623 4738 difficultates
644 4672 730 4738 omni
752 4689 795 4738 ex
816 4677 911 4757 parte
933 4671 1151 4738 dissoluit-
1173 4669 1284 4756 Atque
1306 4671 1406 4736 etiam
1426 4671 1460 4736 in
1482 4677 1589 4736 coust.
1614 4670 1651 4737 1.
1675 4673 1714 4738 C.
1736 4675 1780 4736 V.
1798 4665 1861 4734 56.
1884 4663 1949 4758 (de
1971 4685 2052 4733 οεο-

158 4773 216 4842 ris
240 4765 468 4861 pupillaribus)
490 4772 658 4857 probanda
679 4778 734 4839 est
754 4790 899 4839 summae
921 4771 1104 4839 Perusinae
1124 4769 1312 4856 inscriptior
1340 4767 1448 4856 impr.
1469 4771 1663 4840 Antoninus
1684 4793 1717 4838 a.
1740 4770 1957 4854 Preseuliuo,
1981 4787 2054 4833 cnm

152 4871 341 4942 lastiniani
370 4869 502 4938 Codicis
536 4873 738 4961 exemplaria
769 4875 887 4961 purtim
923 4871 1140 4954 Prereultao,
1183 4871 1302 4958 partim
1329 4868 1550 4938 Crescentiua
1583 4876 1781 4962 praeierunt.
1832 4869 1887 4935 Ad
1914 4868 2052 4936 eandem

321 5027 368 5086 79)
386 5029 451 5080 cod.
468 5031 504 5080 V.
520 5030 564 5082 di.
581 5031 607 5080 e.
625 5031 702 5082 tator
718 5031 809 5080 aester
825 5055 859 5067 -
875 5026 1046 5094 confirmare
1061 5029 1188 5079 aotaktie
1203 5053 1239 5064 ·-
1255 5026 1329 5077 onia
1345 5030 1456 5080 restitui
1473 5055 1506 5066 -
1523 5029 1686 5081 desideratio
1704 5053 1734 5065 -
1753 5026 1864 5076 lutetia.
1921 5023 1972 5082 80)
1985 5023 2051 5074 cod.

154 5113 200 5168 Π.
223 5109 249 5159 7.
269 5110 309 5162 it.
343 5111 386 5162 Ad
402 5115 606 5164 similitudinem
622 5116 765 5179 sexaginta
782 5117 897 5176 quatuor
914 5113 1107 5162 advocatorum
1124 5113 1179 5162 iori
1194 5113 1379 5176 amplissimae
1396 5115 1596 5176 praetorianae
1607 5111 1806 5176 praesen-tarrae
1823 5109 1974 5174 quindecim
1992 5113 2054 5158 tan—

153 5207 228 5254 tun
243 5205 278 5246 ex
294 5195 354 5246 iore
374 5197 441 5246 taae
457 5199 657 5258 maamttrrdirrie
676 5221 706 5236 ·-
725 5197 827 5248 eisdem
844 5197 997 5260 privilegiis
1014 5197 1197 5258 perimuntur.
1303 5197 1350 5254 81)
1368 5197 1488 5246 Basilica
1504 5195 1578 5245 viil.
1597 5195 1621 5243 1.
1642 5196 1685 5243 28.
1710 5193 1752 5243 ed.
1771 5192 1927 5244 ileiurbacirt
1949 5195 2013 5242 tom.
2030 5191 2052 5240 Ι.

151 5291 232 5349 με.
249 5277 308 5328 11417.
331 5277 367 5328 τά
382 5275 525 5337 edacitate
541 5277 589 5332 δύο
605 5282 655 5332 τοῦ
672 5279 800 5344 δημου1ου
818 5277 970 5348 συνηγόρους
987 5279 1032 5330 καὶ
1048 5277 1074 5330 οἱ
1090 5275 1149 5339 μετ’
1168 5275 1266 5338 αὐτοὺς
1282 5281 1331 5332 aria
1347 5277 1421 5337 ὄντος
1439 5277 1576 5329 δεκαπέντε
1594 5277 1687 5349 παρὰ
1702 5279 1744 5344 τῷ
1760 5276 1774 5327 d
1780 5277 1845 5348 accip
1852 5297 1895 5343 χῳ
1912 5279 1971 5342 τῆς
1987 5274 2053 5327 πό-

151 5369 251 5420 λεως
267 5360 697 5434 οιηήγοροιίχέτωσοοπρουόμια.
724 5363 1051 5426 88)11αι1110111.1.ρ.1117.
1065 5357 1212 5427 adaquata
1227 5363 1336 5430 μίμησιν
1352 5363 1447 5429 taetrae
1464 5363 1616 5424 νομοθετεῖ,
1641 5361 1681 5412 ιε’.
1698 5359 1855 5432 συνηγόρους
1872 5363 1934 5411 τοῦ
1950 5356 2052 5430 ἐπάρ-

148 5463 233 5516 χου
256 5448 315 5512 τῆς
338 5444 465 5506 πόλεως
489 5469 524 5484 -·
539 5450 590 5497 τῶν
611 5446 699 5500 αὐτῶν
720 5446 825 5508 lucinam
847 5445 992 5500 tanmem
1014 5451 1162 5518 reparandae
1179 5475 1211 5488 -
1227 5446 1295 5500 «tait
1317 5443 1351 5496 τὰ
1377 5442 1449 5497 ariani
1466 5447 1501 5514 τῇ
1519 5431 1763 5516 προλοβούορπερὶ
1779 5445 1831 5494 τοῖν
1848 5442 1887 5496 rr'.
1905 5442 2052 5516 συνηγόρων

151 5530 232 5590 φοῦ
248 5527 400 5600 ἐπάρχου
416 5531 478 5596 τῆς
493 5527 621 5590 πόλεως
636 5536 786 5595 νομοθετοῖ.
888 5533 935 5590 eii)
952 5532 1020 5584 cod.
1039 5533 1087 5584 Vl.
1103 5532 1147 5583 ai.
1166 5533 1207 5582 11.
1242 5535 1272 5582 Si
1289 5543 1307 5580 a
1323 5531 1408 5580 tratre
1425 5541 1475 5578 sno
1492 5529 1625 5578 militante
1641 5531 1733 5580 mater
1756 5532 1852 5581 aroma
1876 5532 1978 5594 scripta
2003 5530 2053 5578 tre-

153 5627 212 5672 m
231 5617 435 5665 successionem
452 5617 512 5664 eius
528 5615 582 5666 cibi
598 5619 746 5682 quaesivit,
763 5619 884 5682 quamvis
902 5619 1056 5668 taonem
1072 5619 1209 5680 scriptura
1226 5629 1280 5667 noa
1304 5616 1426 5664 eontinet
1449 5615 1517 5663 ioris
1541 5615 1771 5676 observationem,
1800 5615 1868 5664 hunc
1891 5619 1979 5664 maren
2003 5615 2050 5663 ne-

152 5699 313 5756 reditatem
330 5699 443 5750 tratrem
461 5701 599 5752 testatoris
615 5703 661 5752 vel
675 5705 736 5754 eius
752 5703 824 5754 iiiios
839 5703 875 5754 ab
891 5703 1020 5754 intestato
1042 5703 1170 5752 evincere
1191 5713 1246 5751 non
1263 5701 1385 5764 potuisse
1401 5699 1462 5748 iure
1478 5700 1608 5749 comam
1726 5699 1774 5758 81)
1797 5696 1863 5750 cod.
1884 5698 1906 5750 l.
1929 5699 1974 5754 111.
2010 5698 2050 5748 ile

154 5781 261 5850 afficta
281 5782 387 5834 comate
403 5796 499 5836 reram
514 5787 702 5850 mwatarrau·
735 5789 778 5840 ³8.
796 5788 838 5840 De
854 5786 946 5854 officio
961 5789 1068 5841 mattis
1087 5785 1217 5838 arania.
1300 5783 1350 5842 ed)
1366 5779 1462 5834 comt.
1478 5785 1505 5834 a
1523 5781 1554 5834 G.
1572 5781 1672 5834 abeat.
1689 5781 1763 5834 vin.
1781 5779 1823 5836 18.
