4784 7068
769 545 1489 618 pavlusriit.r1r.x.
1989 553 2066 626 117

209 761 263 812 αα,
289 733 331 818 μὴ
358 731 505 818 δυνάμενοι
532 742 571 810 εἰς
598 741 682 799 ταῦτα
709 735 758 798 ἕνα
787 743 845 800 τῶν
864 742 974 802 παίδων
994 741 1111 818 ἔνιοίγε-
1153 753 1219 796 nem
1240 738 1289 796 vel
1316 753 1369 811 per
1389 737 1479 796 alium
1499 737 1630 812 modum,
1658 737 1701 796 ita
1729 745 1762 798 ut
1783 743 1815 800 iu
1837 743 1894 802 hoo
1915 761 2004 803 unum
2028 762 2067 804 ex

209 831 282 886 σθαι
320 818 414 902 ήγάρ
434 817 542 882 τοότανν
562 823 721 894 δεσποτεία,
742 821 797 884 εἴτε
810 826 1029 904 κληρονομοῦσα
1045 817 1112 894 τοὺς
1154 822 1255 880 liberis
1286 823 1398 898 eligere
1427 840 1484 880 non
1512 825 1634 896 possint.
1683 829 1793 882 ilerum
1831 829 1909 885 euim
1935 829 2066 906 (rerum)

208 920 301 990 γονεῖς,
336 906 390 968 εἴτε
425 909 472 966 καὶ
499 901 554 984 μή,
582 909 735 984 aaaron)
765 911 889 987 διαφέρει
917 921 976 980 τοῖς
1004 911 1111 980 παισίν,
1154 906 1310 964 dominium
1332 907 1370 964 ad
1397 923 1497 964 omnes
1519 904 1683 982 liberosffl
1711 912 1883 988 pertinebit,
1914 914 1979 970 slve
2008 931 2067 986 pa·

209 997 235 1053 ἐν
258 988 297 1063 οἷς
324 994 371 1052 καλ
397 987 515 1070 ἔγγονοι,
557 984 628 1052 νόσοι
656 991 697 1067 (ν.
727 984 806 1066 ὅσοι)
836 988 872 1054 ἀν
898 986 1042 1068 moram),
1078 985 1112 1054 τό
1153 992 1287 1048 rentibus
1314 991 1457 1048 haeredes
1485 994 1570 1062 liant,
1592 993 1658 1048 sive
1679 996 1766 1050 etiam
1790 1011 1865 1068 non,
1894 997 1971 1053 inter
1992 1013 2065 1070 quos

208 1083 254 1138 τοῦ
276 1080 378 1138 οἰκείαν
405 1076 446 1153 (ν,
472 1077 589 1150 οίιιείου)
615 1071 727 1154 πατρὸς
759 1073 971 1158 όπεισίρχσνται
997 1072 1112 1158 πρόπαν
1154 1073 1297 1150 (liberos)
1320 1081 1349 1132 et
1364 1083 1495 1150 nepotes,
1516 1083 1702 1150 quotcunque
1723 1084 1801 1154 sunt,
1824 1081 1915 1152 patris
1930 1083 1977 1138 sui
1992 1099 2065 1154 per-

208 1183 264 1234 πον,
284 1166 313 1222 ἐν
333 1151 357 1236 ᾧ
379 1153 483 1238 δηλαδή
504 1162 708 1239 κληρονομοῦσι
727 1155 778 1220 τὸν
798 1157 917 1224 πάππον
937 1158 954 1241 ἢ
976 1158 1027 1239 τήν
1037 1157 1112 1240 μάμ
1153 1175 1255 1216 sonam
1276 1160 1417 1234 subeunt,
1439 1161 1594 1234 videlicet,
1616 1161 1642 1216 si
1665 1163 1715 1218 avi
1736 1167 1787 1220 8111
1809 1165 1896 1221 ovino
1917 1165 2062 1224 haeredes

207 1269 264 1324 μην,
283 1241 366 1306 aad&
386 1246 433 1304 καί
454 1245 578 1305 ἐπὶτῶν
596 1247 701 1324 κερδῶν
729 1249 786 1304 τῶν
811 1240 850 1325 μή
880 1244 1112 1326 δευτερογαμοόν·
1153 1249 1223 1302 suot
1243 1245 1403 1302 secuudum
1426 1261 1474 1317 ea,
1497 1261 1572 1318 quae
1594 1245 1631 1300 de
1651 1245 1743 1303 lucris
1765 1253 1932 1322 parentum,
1954 1251 2003 1322 qui
2026 1251 2062 1308 ad

207 1353 260 1391 ταν
278 1333 377 1409 γονέων
404 1325 517 1406 εἴρηται
553 1332 581 1389 εί
596 1331 629 1389 δέ
648 1349 675 1388 τι
683 1327 729 1406 ’9)
757 1328 787 1401 ἐξ
811 1327 907 1391 αὐτῶν
927 1326 1112 1408 δαισιήσασιν
1153 1328 1300 1386 secundas
1328 1329 1446 1400 nuptias
1475 1346 1533 1386 nou
1561 1329 1758 1404 transierunt,
1787 1333 1966 1390 dictasunt.
2009 1337 2064 1392 Sin

208 1408 538 1494 οίδεντιρσγαμήσαντις
564 1424 666 1493 γονεῖς,
695 1409 827 1475 δόνανται
854 1419 883 1475 ot
907 1417 1006 1486 παῖδες
1027 1421 1111 1476 τοῦτο
1153 1419 1252 1470 autem
1273 1413 1385 1486 aliquid
1406 1429 1444 1470 ex
1465 1413 1503 1468 ils
1524 1413 1612 1470 rebus
1633 1421 1787 1490 parentes,
1816 1417 1866 1490 qul
1888 1417 1926 1474 ad
1949 1435 2062 1476 secun-

208 1501 341 1559 daadoata
368 1495 462 1572 saw>
490 1491 529 1556 λ’.
566 1501 698 1558 ἐνιαυτῶν
725 1496 886 1577 ἀρχομένων
912 1504 1030 1578 τρέχειν,
1057 1495 1106 1577 ἐφ’
1153 1495 1206 1554 das
1229 1497 1346 1568 nuptias
1368 1495 1564 1572 transierunt,
1586 1497 1799 1572 alienaverunt,
1825 1502 1882 1558 boc
1904 1503 1991 1558 liberi
2012 1505 2064 1560 in-

208 1575 290 1662 02'281)
312 1585 442 1662 γίνωνται
461 1577 643 1653 αὐτεξούσια
672 1585 699 1642 εί
715 1582 744 1642 oi
763 1576 940 1662 ἀνηβοιήσίν
960 1582 1107 1660 (ν.είσίν),
1150 1585 1196 1638 tra
1218 1582 1341 1658 triginta
1361 1598 1465 1654 annue,
1485 1583 1535 1653 qui
1558 1597 1676 1639 currere
1697 1583 1843 1656 incipiunt
1864 1602 1951 1643 exeo
1968 1587 2064 1662 (tem-

206 1665 252 1746 ἀφ’
274 1656 309 1727 αὖ
327 1669 458 1746 γίνονται
477 1661 551 1744 μετὰ
571 1661 621 1740 τήν
641 1662 879 1745 αὐτεξουαιόεητα
899 1665 1003 1746 ἕηηβαα
1024 1673 1109 1728 τοῦτο
1149 1667 1256 1740 pore),
1290 1681 1347 1738 quo
1381 1667 1429 1724 sui
1457 1667 1531 1722 iuris
1562 1667 1634 1724 facti
1656 1668 1731 1739 sint,
1752 1669 1904 1726 vindicare
1924 1681 2064 1744 ηνοεειιαις

207 1747 321 1834 81131)
350 1741 434 1828 ἦττον
466 1745 600 1810 ταιούτων
633 1745 808 1830 πραγμάτων
834 1747 989 1830 moriere·
1017 1755 1108 1830 βεβαι.
1150 1749 1197 1806 ein
1219 1764 1289 1806 vero
1305 1751 1472 1822 impuberes
1493 1756 1572 1824 sunt,
1593 1767 1631 1807 ex
1646 1767 1681 1808 eo
1703 1752 1876 1826 (tempore),
1897 1771 1964 1828 quo,
1978 1763 2065 1830 post-

206 1841 297 1897 αῦηαι
305 1833 353 1910 ⁸³)
374 1838 414 1903 είς
433 1829 468 1913 τή
489 1837 636 1906 παντελές,
666 1828 737 1896 όταν
757 1831 861 1906 πάντες
881 1832 1107 1914 προτελευτήσα-
1150 1849 1235 1906 quam
1257 1835 1306 1890 sui
1327 1835 1402 1890 iuris
1424 1833 1496 1892 facti
1518 1837 1593 1908 sint,
1615 1837 1796 1906 pubertatem
1819 1840 1879 1894 sint
1901 1841 2064 1898 consecuti.

207 1941 249 1982 σιν
268 1923 295 1981 εί
313 1921 418 1988 παῖδας.
460 1921 487 1978 εί
511 1917 541 1978 oi
560 1914 675 1980 πάντων
701 1924 758 1979 τῶν
778 1922 887 1980 παίδων
907 1917 1107 1999 uomentem
1153 1921 1218 1976 iioo
1239 1925 1336 1976 autem
1358 1919 1454 1976 miuus
1476 1919 1578 1975 talium
1600 1935 1695 1976 rerum
1718 1921 1913 1980 alienationes
1935 1925 1965 1980 in
1987 1925 2065 1998 soli-

206 2027 249 2066 σιν
273 2007 302 2065 σί
318 2013 423 2080 γονεῖς,
448 2006 486 2072 είς
514 1998 548 2062 τό
578 2002 711 2074 παντελὲς
732 2001 887 2083 ἀκυροῦται
914 2000 932 2080 ή
962 2007 1111 2082 διπσίησις.
1154 2002 1222 2058 dum
1244 2005 1466 2076 confirmantur,
1494 2003 1520 2059 si
1542 2019 1642 2059 omnes
1664 2005 1748 2062 liberi
1771 2007 1974 2078 praedefuncti
1996 2011 2065 2068 sint.

205 2088 275 2150 είδλ
296 2083 334 2157 εἷς
355 2091 411 2147 τῶν
431 2088 541 2147 παίδων
560 2083 728 2166 τελευτήσει,
747 2083 830 2158 είςτό
845 2084 1010 2168 ἁρμόζονίξ
1028 2085 1112 2150 ἀπαι-
1154 2088 1209 2144 Sin
1240 2093 1337 2144 autem
1363 2093 1433 2144 anie
1460 2103 1561 2144 omnes
1594 2087 1703 2144 liberos
1732 2097 1868 2164 parentes
1894 2093 2064 2166 morientur,

205 2177 264 2243 δίας
292 2175 321 2232 δι
347 2175 399 2232 τοῦ
426 2165 518 2231 νόσον
543 2173 640 2251 κέρδος
665 2176 708 2248 τῷ
737 2167 865 2252 περιόντι
900 2184 975 2252 γονεῖ
999 2174 1113 2251 βέβαιον
1154 2172 1293 2228 alienatio
1321 2173 1351 2228 ln
1386 2172 1510 2229 solidum
1540 2173 1711 2230 infirmatur.
1759 2175 1793 2231 Si
1820 2191 1890 2232 vero
1919 2194 1996 2233 uuus
2026 2193 2065 2236 ex

205 2256 282 2320 ἔσται
307 2249 491 2334 συνόλλαγμα
517 2257 564 2315 καλ
590 2251 691 2334 μόνον,
726 2251 820 2334 ίπειδή
846 2262 931 2317 τοῦτο
958 2251 993 2318 τό
1014 2259 1112 2333 κε’ρδος
1153 2255 1255 2312 liberis
1277 2257 1424 2329 morietur,
1446 2256 1477 2312 in
1500 2257 1555 2312 laoc
1569 2261 1681 2314 tautum
1702 2259 1826 2334 lucrum,
1848 2259 1924 2332 quod
1948 2279 1986 2318 ex
2008 2278 2063 2318 ca-

204 2338 276 2402 ειατά
303 2343 468 2400 δεσποτείαν
494 2341 541 2399 καὶ
566 2334 640 2400 κατά
661 2335 767 2420 χρήσην
803 2342 844 2414 (ν.
871 2339 985 2420 χρῆσιν)
1014 2343 1112 2402 διοίσει
1153 2356 1190 2396 eu
1211 2355 1269 2397 non
1291 2341 1480 2398 existentium
1502 2341 1659 2398 liberorum
1680 2343 1710 2398 ei
1731 2345 1862 2418 parenti,
1883 2346 1933 2416 qui
1955 2362 2063 2419 super-

204 2431 244 2504 τῷ
275 2419 398 2504 περιόντι
426 2434 505 2503 γονεϊ.
546 2419 584 2484 τά
617 2422 646 2484 oi
680 2419 767 2485 λοιπὰ
794 2419 950 2503 πράγματα
978 2431 1017 2498 είς
1044 2421 1111 2498 τοὺς
1153 2429 1216 2497 est,
1244 2425 1396 2498 competit,
1426 2429 1593 2482 contractus
1622 2429 1722 2484 firmus
1750 2428 1821 2502 erit,
1849 2429 1984 2501 quoniam
2007 2431 2064 2488 boc

204 2504 315 2580 λοιποός
335 2503 483 2587 διαδόχους
503 2512 555 2567 τοῦ
575 2503 794 2587 τελευτήσαντος
814 2512 1018 2588 παραγίνονται
1038 2531 1111 2570 παι·
1152 2508 1265 2566 lucrum
1287 2515 1316 2566 et
1337 2509 1376 2566 ad
1396 2510 1602 2582 proprietatem
1624 2516 1654 2566 et
1675 2512 1712 2566 ad
1727 2513 1939 2570 usumfructum
1956 2515 1984 2570 ei
2006 2531 2064 2586 pa-

204 2589 258 2666 δός
300 2587 499 2672 demerui
521 2588 554 2652 τό
575 2587 622 2652 λε’.
643 2594 690 2653 καλ
710 2588 762 2665 λς’.
782 2587 933 2672 κεφάλαιον
954 2596 1040 2673 τήσδε
1060 2599 1112 2672 τής
1152 2593 1248 2667 renti,
1278 2592 1329 2666 qui
1350 2599 1503 2668 superest,
1531 2599 1684 2666 competet.
1729 2599 1873 2654 Caeterac
1894 2605 1992 2656 autom
2014 2615 2063 2655 res

204 2673 368 2750 ἀπόρως,
393 2678 441 2737 ω)
467 2671 507 2754 μὴ
532 2671 624 2754 νόμιζε
652 2673 866 2756 mole-5391&
888 2672 981 2757 γάμου
1002 2681 1112 2754 δωρεᾶς
1155 2677 1193 2732 ad
1220 2677 1350 2750 reliquos
1384 2693 1574 2736 successores
1605 2680 1738 2737 defuncti
1765 2681 1850 2738 liberi
1878 2683 2064 2754 perveniunt.

203 2767 292 2824 ταῦτα
311 2763 398 2842 λέγειν
418 2754 469 2838 τήν
490 2756 624 2832 διάταξιν,
652 2756 726 2822 ἀλλά
745 2763 810 2840 περ)
831 2767 889 2822 τῶν
900 2765 985 2842 χωρὶς
1005 2760 1110 2842 ταύτης
1154 2761 1238 2836 Lege
1260 2767 1349 2836 caput
1369 2759 1420 2818 88.
1441 2768 1471 2820 et
1491 2761 1542 2818 86.
1564 2763 1687 2822 λιιεὶιεεοσ
1718 2767 1953 2842 constitutionis,
1983 2768 2063 2828 noll·

203 2841 408 2926 περιελθόνταν
429 2849 468 2915 είς
488 2839 541 2920 τήν
561 2847 668 2924 μητέρα
689 2849 720 2905 ἐκ
740 2851 793 2906 τοῦ
803 2841 907 2925 ἀνδρὸς
926 2844 1110 2948 πραγμάτων.
1152 2861 1210 2916 que
1238 2847 1407 2904 existimare
1414 2888 1423 2920 ‚
1457 2847 1494 2904 tie
1523 2853 1593 2904 ante
1622 2850 1740 2922 nuptias
1767 2850 1925 2909 donatione
1952 2853 2064 2910 haecce

203 2934 244 2992 dd
264 2927 318 3010 γὰρ
338 2935 390 3006 τής
410 2924 467 3008 πρό
490 2923 636 3007 γάμουθῑ)
658 2931 774 3010 δωρεᾶς,
803 2933 830 2991 εί
853 2925 893 3009 μή
919 2953 1022 3002 παντες
1042 2952 1110 3010 προ·
1152 2929 1212 2986 diei
1233 2931 1269 2988 ab
1291 2929 1382 3004 (bac)
1404 2932 1622 3006 constitutione,
1651 2949 1752 2993 verum
1774 2935 1810 2992 de
1832 2935 1988 3010 (reliquis)
2010 2951 2063 2994 re-

202 3011 412 3092 τελευτήσουσιν
438 3017 467 3074 ol
485 3015 597 3085 παῖδες,
632 3011 667 3074 ori
693 3016 829 3094 κερδαίνει
856 3010 890 3076 τό
918 3013 947 3087 ἐξ
974 3013 1111 3088 ἀπαιδίας
1151 3015 1222 3088 bus,
1252 3031 1327 3088 qnae
1349 3021 1464 3088 praeter
1484 3017 1562 3074 bano
1588 3017 1626 3072 ad
1647 3025 1767 3076 matrem
1789 3036 1808 3075 a
1828 3019 1892 3077 viro
1914 3035 2063 3092 pervene-

203 3095 352 3179 σίμηωνον
386 3093 403 3176 ή
432 3091 540 3199 μήτηρ,
574 3095 614 3168 ἀς
641 3093 856 3202 εἠποιηατιόηθθ)
879 3103 907 3160 δν
926 3093 1042 3200 adit.
1068 3121 1110 3160 κε-
1151 3100 1220 3196 rint.
1261 3101 1337 3158 Nam
1365 3100 1396 3156 lu
1426 3107 1494 3198 ante
1523 3103 1641 3174 nuptias
1669 3102 1842 3178 donatione,
1875 3104 1934 3161 uisi
1961 3119 2062 3162 omnes

203 3180 367 3266 ηαλαίηιὸἵ)
384 3203 517 3261 ιυρησεις.
559 3185 608 3242 ίαν
629 3203 679 3243 ουν
700 3205 717 3244 σ
738 3181 769 3255 ἐξ
787 3185 923 3255 απαιδίας
943 3206 1033 3254 κααος
1052 3185 1109 3264 τρί-
1151 3183 1237 3240 liberi
1257 3183 1463 3257 praedefuncti
1485 3191 1578 3258 erunt,
1599 3187 1723 3260 lucrum,
1745 3187 1822 3260 quod
1844 3205 1881 3246 ex
1903 3193 1989 3261 pacto
2004 3203 2063 3246 nou

201 3291 251 3330 τον
269 3261 353 3346 τυχὸν
381 3259 509 3345 ήήμισυ
534 3268 619 3346 μέρος
645 3271 697 3344 τῆς
725 3269 834 3346 δωρεᾶς
861 3270 976 3348 παρέχει
1002 3273 1038 3344 τῇ
1057 3291 1108 3347 μη·
1151 3267 1340 3326 existentium
1362 3269 1518 3326 liberorum
1540 3271 1638 3344 venit,
1665 3277 1758 3328 mater
1779 3287 1836 3329 non
1858 3274 2000 3348 percipit,
2029 3277 2063 3330 ut

203 3355 253 3431 τρί,
273 3351 406 3429 κερδαίνει
426 3354 564 3412 τοσοῦτον
584 3345 720 3430 αότήῧθ),
741 3345 959 3429 τελευτήσαντος
979 3347 1109 3422 όνόςτῶν
1149 3353 1230 3410 iufra
1250 3349 1583 3424 οεηι11ε31.1ανεοίεε.
1630 3355 1664 3412 Si
1691 3355 1784 3430 igitur
1804 3373 1893 3414 casus
1924 3373 1982 3414 non
2004 3371 2062 3414 cx-

204 3438 316 3507 παίδαν,
336 3439 367 3494 la
386 3439 437 3512 τής
454 3435 460 3514 Ι
480 3431 528 3513 39)
549 3437 652 3494 διαίνου
672 3437 803 3515 διαδοχῆς
822 3438 916 3514 μέρος,
937 3440 975 3507 είς
986 3431 1024 3497 τὰ
1035 3431 1107 3516 πρά-
1149 3437 1314 3494 sistentium
1336 3437 1492 3494 liberorum
1515 3440 1629 3496 tertiam
1652 3441 1728 3496 forte
1749 3439 1797 3496 vel
1818 3441 1968 3500 dimidiam
1988 3455 2062 3514 par-

206 3541 294 3601 γματα
320 3515 428 3597 δηλαδή
453 3514 492 3580 τὰ
519 3512 566 3578 διὰ
593 3524 644 3598 τῆς
671 3523 889 3599 δαπερογαμίας
923 3525 974 3598 τῆς
999 3515 1108 3600 μητρός
1149 3525 1208 3578 tem
1236 3521 1402 3580 donationis
1423 3521 1509 3580 matri
1537 3522 1673 3597 praebet,
1701 3541 1759 3580 uno
1790 3541 1828 3582 ex
1854 3521 1957 3584 liberis
1978 3540 2061 3582 mor-

209 3597 367 3666 ιίσελοόντα
388 3608 426 3674 είς
446 3597 536 3664 αότδν
556 3605 586 3662 ἐκ
606 3606 657 3682 τῆς
678 3601 778 3674 σε’νσίας
804 3609 857 3664 τοῦ
883 3599 1009 3684 πατρός,
1037 3597 1107 3666 όσσν
1148 3609 1217 3678 tuo,
1237 3607 1304 3678 ipsa
1325 3611 1435 3664 tantam
1456 3607 1618 3678 portionem
1640 3625 1678 3666 ex
1699 3609 1780 3666 iilius
1802 3609 2061 3666 successioneca-

211 3685 392 3760 ίξάπαιδιίτς
414 3683 623 3763 (ν.ἀπαιδίας),
643 3684 811 3766 όςειήηται,
833 3683 943 3768 ἔμελλεν
954 3691 1108 3768 κερδαίνειν
1147 3690 1192 3762 pit
1213 3691 1352 3748 videlicet
1377 3691 1622 3764 contemplatione
1643 3709 1743 3750 earum
1765 3709 1879 3766 rerum,
1908 3709 1984 3766 quae
2005 3709 2061 3766 per

213 3767 328 3851 ήμήτηρ
348 3777 399 3850 τής
420 3774 538 3852 δωρεᾶς.
578 3775 605 3832 εί
622 3769 653 3831 δ’
676 3767 765 3849 ἀνω)
785 3767 826 3851 μή
847 3768 1106 3852 ἐδευτερογάμησεν,
1147 3775 1310 3834 secundum
1337 3775 1439 3832 matris
1467 3776 1679 3836 matrimonium
1708 3777 1746 3834 ad
1776 3779 1873 3850 lpaum
1902 3793 1940 3835 ex
1967 3777 2061 3851 patria

215 3860 246 3928 είς
261 3859 348 3932 μίντσι
369 3850 407 3916 ab
427 3850 598 3935 πράγματα,
619 3849 677 3918 ὅσα
699 3853 732 3916 oei
754 3851 801 3916 διά
820 3859 909 3936 μίσης
928 3862 979 3936 της
998 3851 1107 3937 μητρός
1146 3859 1313 3916 subeuntia
1333 3865 1547 3934 pervenerunt,·
1573 3867 1710 3932 quantam
1739 3867 1868 3936 partem,
1894 3867 1929 3920 nt
1950 3863 2061 3921 dictum

213 3933 277 4001 ἀλλά
293 3933 541 4019 πρατοτόπονς4ῑ)
563 3935 720 4020 πατρόθεν
741 3939 783 4018 (ν.
804 3935 967 4021 πατρόθεν)
989 3944 1029 4013 είς
1055 3935 1106 4004 τόν
1147 3947 1203 4018 est,
1223 3947 1317 4001 mater
1347 3960 1385 4002 ex
1406 3943 1564 4002 donatione
1584 3945 1777 4004 lucrifacium
1803 3951 1883 4019 τινας
1925 3947 1972 4004 sin
2002 3963 2061 4004 aa·

211 4028 288 4086 σαῐδα
314 4025 398 4103 διέβη.
439 4021 545 4103 οάχθ)
574 4021 629 4097 ε’ξιι
655 4026 822 4086 δεσποτείαν
849 4022 867 4104 a}
894 4019 987 4105 μήτηρ
1007 4026 1105 4106 ιιληρο-
1146 4032 1205 4084 tem
1226 4028 1264 4084 ad
1285 4027 1432 4086 secundas
1454 4029 1571 4100 nuptias
1592 4046 1650 4088 non
1671 4031 1800 4104 venerit,
1833 4033 1913 4088 certe
1943 4031 2061 4104 quidem

211 4114 324 4186 τεμοῦσα
345 4102 399 4168 σε’νν
419 4117 479 4178 rote
505 4105 639 4186 ἀδελφαῖς
666 4103 716 4170 τόν
736 4103 863 4187 oldest),
881 4107 922 4181 ὥς
942 4114 971 4170 ἐν
991 4113 1033 4184 τηῑ
1053 4103 1104 4182 λς’.
1147 4113 1392 4185 contemplatione
1413 4129 1512 4170 earum
1530 4129 1646 4190 rernm,
1679 4131 1755 4187 quae
1775 4131 1834 4174 non
1854 4131 1908 4188 per
1935 4115 2062 4173 mediam

207 4195 348 4272 ιεηιιλσίηα
391 4188 408 4252 ό
437 4193 483 4252 ἐπὶ
509 4196 608 4253 παισὶν
635 4195 845 4272 δευτερογαμάν
871 4190 905 4254 cai
926 4188 1042 4276 δύναται
1070 4187 1104 4254 τό
1147 4197 1249 4254 matris
1271 4213 1436 4270 personam,
1456 4213 1558 4256 verum
1572 4197 1773 4270 principaliter
1786 4205 1899 4274 epatre
1916 4199 1954 4256 ad
1970 4199 2062 4258 fllium

207 4277 305 4356 (πτηῖ)
313 4275 361 4356 ⁴⁴)
382 4271 501 4356 γήμαντι
521 4281 574 4357 τῆς
593 4279 666 4350 ίδίας
687 4277 729 4356 (v.
740 4277 830 4355 ἰδίας)
843 4281 1009 4359 περιουσίας
1022 4279 1107 4339 πλέον
1147 4287 1353 4354 pervenerunt
1396 4281 1510 4356 Mater,
1536 4299 1612 4354 quae
1633 4284 1694 4342 tillo
1715 4285 1803 4340 simui
1830 4300 1897 4342 oum
1918 4285 2061 4342 fratribus

202 4381 229 4422 τι
247 4365 375 4444 ταρίχια
393 4355 463 4422 καθ’
491 4354 961 4443 maritimomaritino
987 4383 1107 4445 παρεχσ-
1149 4365 1256 4424 haeres
1278 4369 1320 4438 llt,
1349 4370 1383 4423 ut
1404 4365 1435 4424 ln
1457 4367 1555 4438 capulo
1576 4365 1626 4424 86.
1647 4365 1825 4444 (invenies),
1853 4369 2062 4442 proprietatem

1146 4466 1206 4508 non
1226 4449 1357 4508 babebit.
1396 4451 1439 4524 is,
1459 4451 1523 4526 qui,
1545 4467 1612 4508 cum
1626 4451 1735 4510 llberos
1755 4455 1874 4528 babeat,
1895 4453 1933 4510 ad
1955 4469 2060 4510 seona·

1146 4533 1201 4590 das
1225 4536 1345 4607 παρῆτε
1373 4536 1495 4610 transit,
1523 4537 1644 4612 coniugi
1666 4553 1704 4594 ex
1725 4554 1780 4596 sna
1806 4538 1973 4596 substantio
1994 4553 2062 4594 am-

1146 4619 1226 4691 plius
1259 4621 1414 4694 quicquam
1451 4619 1522 4676 dare
1557 4637 1615 4678 non
1642 4627 1740 4694 potest
1769 4623 1825 4682 sub
1861 4623 2058 4695 qualicunque

1146 4708 1321 4786 praetextu,
1355 4719 1443 4778 quam
1470 4709 1610 4778 quantum
1641 4707 1674 4764 id
1694 4707 1783 4786 facit,
1819 4707 1897 4781 quod
1939 4707 1991 4765 uni
2023 4721 2063 4763 ex

270 5033 315 5100 27)
335 5037 379 5087 Sic
411 5033 513 5086 codex.
562 5031 621 5083 Non
645 5031 734 5083 dubito
757 5035 900 5098 corrigere
927 5033 980 5084 aira
1002 5032 1047 5084 καὶ
1067 5033 1121 5101 μή,
1154 5035 1237 5086 πᾶσιν
1267 5034 1382 5107 διαφίριι
1404 5041 1460 5096 τοῖς
1484 5035 1578 5089 παισὶν
1604 5035 1632 5087 ἀν
1663 5027 1701 5094 οἷς
1727 5033 1772 5088 καλ
1801 5037 1902 5102 ineam
1933 5039 1960 5089 ei
1991 5041 2062 5090 odet.

190 5097 274 5152 Nor.
301 5103 344 5156 88.
366 5113 424 5166 οὓς.
470 5103 515 5154 Cb.
546 5097 678 5150 ἀλεύσεται
708 5100 736 5150 oi
770 5097 806 5151 τόν
836 5102 951 5152 τοιαῦτα
980 5103 1032 5152 τῶν
1059 5101 1152 5184 arpaldo
1180 5101 1218 5160 εἰς
1245 5099 1310 5161 τοὺς
1345 5104 1443 5163 παῖδας
1472 5101 1594 5162 ἅπαντας
1627 5101 1689 5161 τοὺς
1713 5103 1740 5154 ta
1772 5107 1824 5154 τῶν
1855 5107 1986 5175 προαίρειν
2011 5103 2061 5168 γά-

188 5186 266 5230 pm.
317 5171 418 5221 Deinde
450 5167 536 5232 {idulio
562 5173 624 5230 poot
659 5163 741 5224 ἄλλοις
763 5185 793 5217 τε
815 5167 888 5236 εἴπερ
915 5164 1038 5219 ἁπάντων
1058 5186 1110 5219 τειν
1132 5169 1233 5220 παίδοιν
1254 5167 1348 5231 ὁμοίως
1369 5174 1415 5238 ειλη
1432 5176 1571 5234 στομοῦσιν
1595 5170 1620 5221 oi
1645 5176 1727 5234 γονεῖς
1748 5172 1792 5221 καί
1814 5169 1846 5220 cai
1870 5170 1917 5222 τὸν
1938 5173 1985 5234 μὲν
2001 5173 2060 5224 δια·

190 5234 330 5300 δέχονται,
358 5235 408 5288 τόν
424 5235 451 5286 δὲ
469 5231 517 5299 σόχ
541 5231 647 5300 ὁμοίως,
678 5231 742 5284 ἀνθ’
769 5231 834 5285 ὅτου
861 5231 897 5300 μή
922 5236 966 5286 καλ
989 5234 1067 5286 ariaci
1092 5239 1174 5288 πᾶσιν
1196 5237 1280 5303 itione
1302 5237 1364 5303 τόγε
1380 5193 1431 5290 ἀπή
1441 5240 1526 5306 ταύτην
1544 5241 1747 5309 προσοίρονται,
1773 5235 1841 5288 ἀλλὰ
1856 5238 1918 5297 τοὺς
1933 5242 1980 5300 μὲν
2001 5239 2061 5292 ἐπι·

188 5303 331 5370 directae,
346 5301 409 5361 τοὺς
426 5303 453 5354 δὲ
470 5304 628 5384 παρορῶσιν.
657 5303 719 5352 Vox
735 5303 787 5360 παῖς
809 5307 836 5352 et
852 5303 914 5352 dille
931 5303 998 5354 idola
1020 5305 1112 5356 codem
1130 5306 1209 5356 inodo
1225 5308 1341 5369 ponitur.
1374 5307 1448 5359 iufra
1465 5309 1552 5372 paullo
1570 5309 1593 5357 εί
1606 5303 1642 5372 μή
1660 5306 1755 5362 πάντες
1771 5305 2020 5374 προτελευτήσσασιν
2036 5306 2063 5358 oi

188 5370 296 5430 παῖδες.
339 5375 387 5432 88)
405 5371 496 5424 Codex
513 5387 575 5420 αισοι
592 5365 696 5420 ἀνῶσιν.
735 5369 783 5431 ild)
800 5369 891 5420 Codex
908 5368 933 5420 εί
948 5370 975 5421 di
992 5387 1027 5420 τι.
1063 5371 1111 5438 oo)
1129 5373 1183 5424 Pro
1201 5369 1237 5430 air
1253 5377 1292 5424 tit.
1313 5375 1355 5426 tn.
1373 5383 1458 5439 peret.
1476 5377 1502 5438 S.
1515 5377 1558 5426 18.
1578 5375 1675 5426 labem
1690 5374 1758 5423 aton.
1791 5375 1867 5433 θιισδ
1889 5383 1916 5425 et
1933 5378 1984 5426 boc
2000 5376 2062 5428 looo

189 5441 382 5492 videturesse
399 5439 587 5502 reponendum.
656 5435 703 5501 81)
719 5437 811 5488 codex
828 5434 865 5496 ἐφ’
885 5428 925 5489 οὗ.
961 5439 1114 5504 degendum
1130 5437 1174 5500 de·
1193 5431 1235 5491 οδ.
1265 5444 1313 5494 sio
1329 5447 1357 5493 et
1373 5447 1416 5497 tlt.
1434 5445 1478 5496 18.
1496 5449 1580 5506 parat.
1600 5443 1626 5502 s.
1648 5443 1690 5491 18.
1758 5443 1808 5499 88)
1824 5441 1919 5506 incipit
1934 5443 1981 5494 fol.
1999 5443 2061 5494 181.

187 5503 222 5556 ii.
294 5511 341 5566 88)
358 5508 449 5558 Codex
465 5505 627 5573 βεβαιοῦται.
705 5505 753 5567 od)
770 5505 823 5556 Pro
841 5517 911 5556 voce
927 5503 1065 5568 circinando
1087 5507 1180 5558 Codex
1201 5511 1278 5560 babet
1303 5507 1439 5574 δναγννιδ.
1525 5512 1573 5573 88)
1589 5509 1682 5559 Codex
1698 5503 1751 5576 πρό
1767 5507 1854 5571 γάμου
1871 5508 1942 5574 (sic).
2010 5513 2061 5570 88)

187 5571 288 5628 Codex
303 5571 459 5626 όπσιιανιδν.
537 5571 585 5635 87)
602 5571 657 5623 Pro
673 5571 801 5639 κεφαλαίῳ
818 5573 908 5624 Codex
925 5575 1003 5624 babet
1019 5573 1165 5631 κεφάλαιον.
1244 5575 1292 5637 88)
1309 5579 1362 5629 Ρτο
1378 5573 1449 5645 αδτηΙ
1468 5579 1560 5630 Codex
1577 5576 1655 5626 babet
1670 5571 1749 5640 αὐτῆ.
1836 5577 1884 5638 88)
1901 5579 1998 5642 incipit
2014 5580 2061 5630 fol.

186 5638 261 5692 lae.
276 5646 308 5693 11.
389 5641 438 5708 to)
456 5641 549 5692 Codex
565 5636 644 5690 ελδάν.
723 5639 772 5704 41)
790 5639 882 5692 Codex
899 5639 1067 5712 aemonia&
1170 5641 1218 5708 18)
1236 5647 1288 5695 i’ro
1310 5643 1358 5710 οὐχ
1375 5647 1469 5698 Codex
1485 5648 1563 5695 babet
1586 5640 1640 5692 αιά.
1728 5641 1774 5704 48)
1792 5643 1882 5696 Codex
1897 5647 1977 5696 babet
1993 5638 2060 5696 πλον.

185 5706 245 5771 ⁴4)
264 5709 316 5760 Pro
333 5711 425 5760 verbis
440 5705 472 5758 τὸ
489 5711 536 5769 μὲν
552 5703 666 5774 γήμαντι
682 5705 775 5760 Codex
790 5711 869 5760 babet
885 5709 916 5760 τὸ
933 5706 969 5776 μή
987 5707 1092 5776 γήματι.
1128 5711 1196 5762 Νον.
1214 5711 1259 5764 88.
1278 5725 1336 5776 cap.
1353 5715 1396 5762 87.
1414 5715 1448 5763 de
1461 5713 1603 5762 donandae
1616 5711 1711 5760 vitrico
1728 5711 1774 5762 vel
1787 5725 1925 5764 novercae
1942 5715 2062 5765 radenda

184 5774 320 5838 loquutur.
351 5779 410 5828 Nisi
427 5777 496 5828 forte
513 5775 714 5827 extsumaadun
732 5781 781 5838 eat,
804 5777 898 5826 verbla
914 5780 951 5842 τῷ
967 5777 1005 5844 μὴ
1025 5775 1140 5844 γήμαντι
1157 5779 1295 5831 iustiniani
1319 5784 1482 5830 sanmtonem
1499 5779 1644 5841 significari
1661 5778 1677 5826 l.
1695 5779 1713 5828 l.
1730 5775 1832 5830 ταύτοῦ
1847 5779 1944 5832 τούτου
1962 5782 2061 5840 φυλατ-

185 5846 306 5904 τομίνοεν
322 5843 365 5896 ναὶ
382 5843 427 5896 ἐπὶ
449 5840 563 5896 πάππου
580 5843 624 5894 καὶ
640 5841 745 5908 μάμμης
761 5841 806 5893 ναί
821 5861 843 5894 π
873 5841 987 5895 πάππου
1004 5845 1048 5896 καί
1065 5843 1224 5916 προμάμμης
1239 5847 1282 5897 καὶ
1301 5845 1411 5910 ἐγγόνων
1427 5843 1539 5914 δρρίνυν
1555 5841 1572 5910 ἢ
1589 5844 1706 5910 θηλενόν
1720 5846 1765 5899 καὶ
1781 5847 1942 5918 προεγγόναν
1958 5845 2061 5912 ὁμοίως,

185 5909 248 6028 χάξε
265 5907 416 5972 laetatam
433 5910 526 5980 τυχόν,
543 5909 594 5964 εἴτε
611 5907 786 5978 ίμαγνιπάτον
801 5928 835 5961 νει
859 5909 1001 5980 εοτήτοιεν,
1018 5912 1046 5964 ia
1061 5915 1110 5981 τῆς
1124 5913 1249 5986 πατρῴας
1264 5911 1282 5982 ἢ
1302 5911 1423 5984 μητρῴας
1438 5909 1571 5971 κατιόντες
1586 5911 1679 5985 σελραε.
1757 5913 1805 5982 do)
1823 5917 1915 5969 Codex
1930 5916 2060 5968 ναθτλτν·

205 5995 302 6044 ηαστε.
543 5987 548 5998 “
