4748 7074
727 568 1360 640 mov.1rrsr11t.'rrr.
1401 571 1485 640 XX.
1950 571 2027 647 170

194 756 305 840 δημόσια
331 763 498 832 διοικοῦντες
524 761 571 821 καί
599 763 628 822 ολ
654 751 789 842 ἀρχαίαις
815 763 917 841 sarm)
944 767 977 825 ai
994 759 1087 836 τάξιις
1127 765 1235 822 tributa
1256 764 1370 822 racana
1389 762 1607 836 administrant,
1642 766 1673 821 et
1692 763 1882 840 magistratus
1909 781 2028 824 eornm·

194 845 277 908 αόιόν
296 857 357 917 τοῖς
376 847 526 916 πολιτικοῖς
545 840 646 925 πόροις
667 841 683 924 ή
706 858 766 915 τοῖς
786 848 940 924 σολεμνίοις
960 844 1000 926 μή
1026 853 1086 910 ἐπι·
1126 863 1183 920 que
1202 850 1337 906 cohortes
1350 864 1416 906 cum
1432 849 1628 921 vectigalibus
1644 850 1796 908 civitatum
1815 857 1865 906 aut
1884 851 2027 928 solemni-2
2105 893 2110 902 .

193 933 387 992 κοινωνίτωσαν
409 931 449 1004 (v.
472 929 816 1008 inmoderatcmooev)⁸²),
842 927 913 1011 μήτε
933 931 963 992 oi
983 937 1012 994 oi
1029 935 1085 994 καί·
1125 933 1181 990 nus
1209 933 1437 990 communionem
1458 948 1495 990 nc
1516 933 1650 994 habento.
1697 935 1808 990 Verum
1829 950 1883 992 neo
1904 949 2028 1008 posses-

193 1036 266 1094 τορις
286 1015 328 1086 (v.
349 1009 496 1092 κτήτορες)
524 1016 562 1084 είς
582 1016 678 1095 ἐτέρας
698 1018 778 1094 χρέος
806 1015 848 1090 (v.
869 1014 976 1096 χρείας)
1004 1011 1085 1096 παρὰ
1126 1031 1209 1074 sores
1231 1018 1263 1074 in
1289 1017 1363 1074 alios
1388 1033 1477 1089 usus,
1513 1031 1599 1088 quam
1628 1017 1677 1088 nni
1700 1019 1736 1074 ab
1757 1019 1842 1074 initio
1867 1017 1914 1074 his
1936 1035 2027 1094 μενος

193 1095 238 1169 τὰς
263 1097 400 1178 ἔξάρχής
421 1095 611 1178 ήιγορισμένας
640 1095 750 1170 τούτοις
770 1105 1020 1180 προχωρείτωσαν,
1041 1099 1085 1162 νύ·
1124 1101 1226 1173 sertpti
1247 1107 1332 1174 sunt,
1353 1102 1427 1158 haec
1451 1105 1609 1175 eroganto,
1628 1102 1710 1174 dupli
1730 1102 1942 1160 restitutionem
1961 1120 2028 1160 me-

191 1180 348 1262 λαβούμενοι
377 1178 427 1259 τήν
453 1185 492 1251 εἰς
518 1177 552 1241 τό
582 1179 729 1244 διαλύσων
755 1181 905 1258 ἀνάδοσιν,
947 1191 999 1246 τοῦ
1027 1191 1084 1247 ἐπι·
1124 1191 1250 1256 tuentes,
1271 1187 1408 1258 episcopo
1429 1201 1488 1242 una
1508 1201 1573 1242 cum
1587 1187 1797 1258 principalibus
1818 1187 1948 1244 civitatis
1970 1188 2028 1244 ino-

193 1265 348 1344 cadaoafli)
369 1261 440 1346 μετὰ
461 1264 574 1342 τάνθύ)
595 1262 790 1346 προτευόντων
811 1267 853 1344 (v.
869 1265 1083 1348 πρωτευόντων)
1124 1287 1187 1326 rum
1208 1270 1399 1344 vectigalium
1419 1270 1548 1326 rationes
1569 1271 1725 1344 exigente,
1750 1271 1794 1328 ita
1814 1275 1848 1326 ut
1868 1271 1942 1326 haec
1962 1268 2042 1330 sine‘

191 1357 267 1429 έντῇ
293 1347 374 1414 πόλει
401 1353 620 1428 λοχοθειούνιος
647 1346 713 1422 τούς
739 1346 882 1424 τοιούτους
905 1348 1016 1431 πόρους
1036 1357 1084 1414 καί
1123 1355 1185 1411 ulla
1199 1355 1396 1411 deminutione
1407 1354 1443 1409 sb
1458 1355 1506 1426 iis,
1525 1354 1575 1424 qui
1589 1356 1698 1411 tributa
1710 1355 1845 1428 exigunt,
1864 1357 2027 1412 restituan-

191 1440 240 1497 τοῖν
265 1431 301 1495 τὰ
329 1427 452 1512 δημόσια
473 1428 641 1510 προιόντων
667 1431 809 1513 ἀμιοότους
838 1434 1084 1514 (παρακαόντων
1124 1443 1178 1496 tur.
1213 1439 1247 1496 81
1267 1439 1332 1509 puis
1354 1443 1450 1494 eutem
1472 1439 1623 1512 logotheta
1644 1455 1681 1496 ex
1702 1440 1896 1510 qualicunque
1917 1439 2028 1496 indicio
2112 1477 2117 1486 ·

192 1515 403 1599 ἀμειότους)95)
430 1515 534 1588 αύτούς
564 1516 781 1597 ἀπαιτουμένων.
825 1519 891 1592 εἴτις
918 1522 947 1582 δὲ
967 1525 1083 1602 λογοθό·
1124 1523 1225 1578 tatium
1241 1523 1427 1595 pecuniarum
1440 1523 1548 1578 missus
1562 1523 1761 1597 sit,epiacopo
1775 1527 1804 1579 et
1817 1525 2027 1596 principalibus

193 1627 233 1683 της
252 1603 280 1676 ἐξ
300 1599 481 1682 οιόυθήποται
502 1605 689 1682 δηκαστηρίου
711 1605 752 1671 (v.
770 1601 934 1682 οίουδήποτι
954 1609 1083 1686 δικαστη·
1125 1607 1231 1677 liceto,
1251 1607 1290 1664 iis
1311 1623 1369 1664 non
1390 1602 1579 1680 obedirem,
1601 1611 1631 1664 ct
1652 1607 1706 1681 (de
1726 1609 1783 1664 hac
1803 1606 1853 1680 re)
1875 1609 1911 1664 ad
1931 1610 2028 1680 impe-

196 1687 257 1770 ρίου)
276 1695 333 1749 τῶν
354 1682 489 1748 τοιούτων
510 1693 631 1766 πιμφθή
651 1683 814 1768 χρημάτων,
842 1687 944 1761 ἐξίστω
964 1695 1004 1766 τῷ
1026 1695 1083 1752 ἐπι·
1124 1697 1249 1750 ratorem
1277 1693 1401 1763 reterre,
1432 1697 1466 1747 ut
1493 1691 1613 1764 damna,
1641 1707 1716 1762 quaa
1742 1693 1807 1748 eius
1835 1694 1950 1750 nomine
1977 1693 2027 1750 oi-

196 1769 280 1849 σνόσφ
311 1775 360 1833 καὶ
393 1782 453 1842 τοῖς
486 1767 677 1850 πρωτεύουσιν
709 1771 890 1834 ύποθείσθαι
927 1773 1081 1852 sermm),
1123 1776 1209 1832 vitati
1243 1776 1312 1832 data
1344 1780 1430 1848 sunt,
1462 1775 1666 1832 resarciantur.
1714 1777 1770 1833 Vir
1803 1781 1899 1832 autem
1933 1779 2028 1834 bonae

195 1859 232 1918 καί
249 1852 349 1934 μινύειν
371 1854 412 1928 (ν.
434 1851 558 1933 μηνύειν)
580 1857 701 1936 βασιλεῖ,
722 1854 770 1935 ἐφ’
793 1847 817 1932 ού
838 1853 891 1930 τάς
911 1858 1008 1937 ζημίας
1029 1855 1082 1930 τὰς
1123 1861 1347 1918 existimationis
1369 1861 1572 1934 dignitateque
1591 1865 1711 1916 ornatus
1732 1862 1893 1918 secundum
1913 1877 2027 1918 sacram
2075 1882 2085 1898 ·

195 1937 324 2022 προφάσει
357 1939 446 2001 αὐτοῦ
479 1943 626 2019 γενομένας
658 1938 848 2021 ἀποσωθῆναι
883 1947 934 2020 τῆς
963 1943 1081 2015 πόλεως.
1121 1945 1281 2002 iussionem
1306 1945 1413 2001 littaris
1440 1945 1630 2016 perscriptam
1658 1961 1724 2001 cum
1750 1947 1932 2017 imperatoris
1952 1947 2027 2002 sub-

194 2023 252 2104 ό-ιήρ
278 2025 306 2084 δὲ
332 2022 585 2102 ύπειλημμένοςθῖ)
612 2026 659 2083 καί
685 2023 752 2101 ἀξίη
781 2030 983 2104 κεκοσμημένος
1009 2025 1078 2088 κατ’
1122 2029 1297 2101 scriptione,
1331 2033 1363 2086 nt
1395 2045 1471 2100 quae
1505 2044 1610 2086 nomen
1643 2031 1709 2086 cius
1736 2035 1766 2086 et
1798 2031 1970 2104 dignitatem
1996 2036 2027 2088 et

192 2107 371 2190 ε’γγροηονθθ)
398 2111 483 2168 θείαν
510 2111 632 2170 κέλευσεν
652 2106 708 2170 ύπύ
729 2109 944 2190 σημείωσικθθ).
960 2117 1011 2172 τοῦ
1030 2114 1081 2191 βα·
1122 2129 1257 2172 caussam
1290 2117 1320 2170 et
1347 2119 1495 2186 tempora,
1525 2128 1645 2186 quorum
1673 2115 1826 2170 ratiocinia
1858 2115 1916 2186 ipsi
1944 2131 2028 2172 com·
2072 2151 2075 2159 ι

193 2197 292 2266 σθίως,
326 2190 367 2264 ὡς
393 2193 533 2271 δηλοῦσαν
560 2188 594 2254 τύ
622 2184 712 2270 όνομα
740 2192 829 2255 αύτοῦ
860 2197 907 2255 καί
928 2191 979 2274 τήν
999 2193 1081 2270 ἀξίαν
1120 2198 1224 2270 mittit,
1262 2197 1423 2270 contineat,
1457 2199 1514 2254 hoe
1539 2199 1683 2254 rationum
1715 2198 1924 2274 exigendarum
1956 2200 2027 2255 otd-

191 2281 231 2338 καλ
255 2274 304 2356 τήν
330 2280 423 2338 αἰτίαν
452 2279 499 2338 καλ
526 2273 592 2348 τούς
618 2273 749 2357 χρόνους,
778 2269 819 2338 νύν
844 2277 924 2356 αύτῷ
949 2275 1015 2350 τούς
1035 2282 1081 2342 λο·
1123 2282 1201 2338 cium
1224 2284 1376 2354 suscipito,
1398 2287 1430 2338 nt
1451 2281 1582 2356 (tamen)
1605 2283 1789 2355 securitates,
1810 2299 1884 2354 quse
1904 2283 1941 2338 ab
1961 2284 2027 2354 ipso

192 2359 295 2442 γισμούς
313 2358 317 2442 ή
337 2359 384 2438 ⁰⁰)
406 2363 557 2440 ἐπιτρέπει,
585 2357 622 2422 τύ
642 2369 759 2423 τοιαῦτα
768 2361 814 2438 ⁹¹)
836 2368 951 2442 μετιέτω
973 2363 1013 2440 (v.
1034 2387 1090 2443 pm·-
1123 2373 1320 2437 exponuntur,
1356 2369 1386 2422 in
1414 2367 1501 2422 aliam
1530 2367 1730 2438 quaestionem
1755 2383 1812 2424 nou
1839 2368 2029 2424 detineantur.

191 2448 263 2524 τίκα)
288 2443 514 2526 renotatam),
542 2437 619 2506 ὥστε
646 2441 698 2520 τὰς
725 2445 800 2526 παρ’
829 2445 918 2508 αὐτοῦ
939 2452 1082 2528 γινομένας
1122 2451 1216 2523 Nota,
1238 2455 1400 2525 egestatem
1422 2465 1537 2523 eorum,
1558 2451 1608 2522 qui
1630 2451 1730 2508 civilia
1750 2451 1909 2524 vectigalia
1931 2451 2028 2508 admi-

190 2527 340 2608 ἀμιριμνίπς
367 2535 462 2626 μημίτι
496 2537 535 2602 είς
561 2533 657 2608 ἐιέραν
684 2528 844 2613 ἀγαγέσθαι
872 2527 990 2610 ζήτησιν.
1033 2555 1082 2613 ση-
1123 2535 1265 2606 nistrant,
1286 2551 1401 2608 eorum,
1422 2535 1472 2606 qut
1494 2551 1546 2592 eos
1567 2536 1772 2610 designarunt,
1799 2537 1927 2608 periculo
1947 2551 2027 2595 esse.

189 2615 366 2692 μιέωσαιθῧ),
398 2633 445 2676 οτι
473 2611 621 2694 ήάπορία
641 2619 698 2677 τῶν
719 2610 892 2676 διοικούντων
918 2611 955 2677 τοὶ
976 2619 1081 2678 πολιαι·
1122 2619 1231 2676 Nullus
1260 2621 1452 2694 magistratus
1479 2625 1531 2676 aut
1557 2620 1600 2690 is,
1628 2621 1679 2690 qui
1700 2622 1816 2693 publica
1839 2622 1947 2678 tributa
1966 2620 2025 2676 ad·
2119 2630 2126 2643 ·

188 2695 223 2758 κά
241 2694 302 2770 τούς
321 2701 568 2779 προβαλλομένους
589 2695 692 2771 αύτούς
719 2695 903 2778 κηνδινεύεται
930 2701 971 2778 (v.
992 2704 1079 2761 νκνδιι-
1121 2703 1283 2775 ministrat,
1310 2707 1523 2776 praefectorum
1553 2703 1681 2760 vicarius
1712 2711 1775 2762 esto
1796 2711 1847 2761 aut
1875 2706 1940 2761 eins
1961 2721 2029 2761 ma-

186 2777 304 2858 νεύετοιι).
346 2786 441 2863 μηδεὶς
462 2777 594 2865 ἀρχωιή
622 2779 745 2862 δημόσια
766 2786 876 2844 διοικῶν
896 2788 1079 2866 τοπωτηρίτω
1121 2789 1282 2862 gistratus,
1314 2788 1398 2862 (qui)
1425 2790 1567 2862 magister
1593 2791 1716 2846 miiitum
1743 2789 1908 2863 (vocatur).
1949 2789 2028 2846 Solis

187 2867 224 2942 (ν.
242 2869 442 2948 τοποτηρείτνι)
470 2882 529 2941 τοῖς
558 2863 694 2948 ὑπάρχοις
720 2864 738 2946 ή
765 2873 799 2946 τῇ
832 2873 1004 2950 στρατηγέδη
1037 2867 1078 2948 (v.
1121 2872 1197 2928 enim
1226 2875 1386 2944 praefectis
1406 2874 1477 2930 lieet
1497 2875 1656 2930 secuudum
1682 2890 1794 2930 sacram
1816 2875 1975 2930 iussionem
1995 2875 2028 2930 in

185 2953 351 3031 στρατηγίδι)
374 2951 511 3033 affl).
540 2949 689 3031 μύνοιςθὸ)
718 2947 773 3032 γάρ
799 2964 859 3024 τοῖς
879 2949 1010 3033 ἐπάρχοις
1036 2951 1078 3026 ἐξ·
1120 2957 1306 3027 expeditione
1328 2958 1468 3014 vicarium
1501 2959 1617 3014 habere.
1657 2961 1688 3014 Is
1710 2959 1816 3032 igitur,
1838 2960 1887 3029 qui
1909 2963 2025 3030 praeter
2074 2998 2079 3013 .

183 3055 255 3095 εστιν
281 3034 355 3096 κατὰ
379 3040 463 3098 θείαν
489 3039 613 3098 νέλιυσιν
638 3041 666 3097 ἐν
694 3033 856 3112 ἐξπαιδείτηι
884 3033 1079 3118 τοπατηριτήν
1119 3040 1193 3097 haec
1207 3041 1387 3115 designavit,
1408 3043 1530 3116 triginta
1547 3044 1611 3098 auri
1632 3043 1770 3100 librarum
1793 3059 1913 3114 poenam
1934 3043 2026 3114 dabit,
2101 3109 2104 3115 ¹

185 3123 224 3198 (v.
251 3117 382 3197 ἐξπεδίτφ
408 3117 614 3202 τοποτηρηιήν)
644 3117 719 3200 ἔχειν.
762 3119 778 3182 ὁ
807 3115 857 3182 oia
884 3117 966 3202 παρὰ
985 3128 1078 3184 ταῦτα
1120 3141 1155 3181 ea
1169 3125 1255 3182 etiam
1269 3127 1382 3201 damna,
1396 3143 1471 3198 quae
1488 3127 1594 3184 exinde
1615 3127 1704 3184 alicui
1725 3127 1904 3196 acciderunt,
1925 3142 2026 3183 resar-

180 3200 402 3284 προβαλλόμινος
423 3201 462 3267 λ’.
483 3209 600 3288 χρυσίου
619 3207 721 3284 λιτρῶν
729 3206 775 3284 ⁹⁶)
796 3200 957 3282 καταθήσει
970 3201 1077 3285 ποινήν,
1120 3210 1210 3268 ciens.
1251 3212 1283 3268 la
1311 3217 1426 3284 autem,
1455 3213 1505 3284 qui
1534 3211 1699 3286 (vicarius)
1729 3212 1792 3268 deri
1820 3209 2025 3283 praesumpsit,

182 3284 385 3350 ἀποκαθιστάν
404 3293 452 3350 καλ
472 3289 525 3361 τὰς
545 3295 674 3350 ἐντεῦθεν
695 3285 940 3370 συμβασάσαςθῗ)
963 3294 1014 3353 τινί
1036 3291 1078 3368 ζη-
1120 3293 1222 3350 decem
1244 3296 1309 3350 auri
1329 3295 1466 3352 librarum
1487 3311 1608 3366 poenam
1631 3295 1679 3352 dat
1701 3301 1730 3351 et
1751 3297 1827 3352 omni
1849 3297 2024 3368 magistratu

179 3372 252 3448 μίας.
284 3370 299 3434 ὁ
328 3375 357 3434 di
379 3378 511 3454 γενέσθαι
519 3374 564 3444 ⁹⁸)
587 3369 757 3454 θαρρήσας,
786 3369 817 3436 ι’.
843 3378 960 3454 χρυσίου
986 3374 1076 3453 6199)
1119 3395 1156 3436 ac
1182 3379 1286 3436 militie
1314 3379 1432 3436 excidit.
1474 3379 1671 3454 Magistratus
1692 3380 1796 3436 civiles
1824 3385 1853 3438 et
1873 3380 2025 3453 militares,

179 3451 366 3536 ζημιούμενος,
398 3455 530 3538 πάσηςῑ)
561 3456 650 3539 ἀρχῆς
676 3461 723 3519 καί
759 3462 896 3536 στρατίας
923 3463 964 3536 (v.
992 3483 1078 3542 στρα-
1120 3463 1169 3534 qui
1195 3464 1362 3534 provincias
1395 3465 1525 3538 ingressi
1558 3469 1641 3535 sunt,
1669 3465 1796 3522 vicarios
1823 3480 1860 3520 ne
1889 3465 2025 3534 habento,

179 3538 266 3617 τείας)
293 3544 423 3603 ἐκπίπτει.
452 3548 481 3604 oi
499 3543 634 3604 πολιτικοί
654 3545 701 3603 καί
722 3547 916 3623 στρατιωτικοί
937 3536 1078 3626 ἄρχοντες,
1118 3562 1213 3619 poena
1235 3547 1334 3604 decem
1355 3549 1420 3605 auri
1447 3549 1583 3604 librarum
1607 3549 1653 3620 ei,
1680 3550 1729 3620 qni
1758 3548 1911 3622 designat,
1934 3549 2023 3620 etei,

180 3625 352 3702 ἐνδημοῦντες
379 3639 443 3698 ταῖς
470 3631 628 3708 ἐπαρχίαις,
656 3623 696 3706 μή
725 3631 862 3708 ἐχέτωσαν
890 3625 1076 3710 τοποτηριτάς
1119 3633 1170 3702 qui
1203 3631 1376 3706 designatus
1399 3636 1463 3706 est,
1490 3633 1667 3689 imminente.
1707 3635 1761 3690 Sin
1782 3641 1877 3690 autem
1900 3632 2024 3704 provin-

180 3705 223 3781 (ν.
243 3707 459 3790 τοποτηρητάς),
485 3717 583 3792 ποινῆς
593 3711 620 3788 ²)
652 3707 684 3771 ι’.
704 3715 822 3792 χρυσίου
843 3711 919 3791 tw)
946 3717 1076 3793 ἐπικειμέ·
1117 3717 1194 3772 ciam
1215 3717 1340 3773 nondum
1361 3717 1491 3790 ingressi
1508 3723 1586 3790 sunt,
1608 3717 1675 3792 (aut
1695 3734 1764 3775 vero
1786 3716 1889 3790 etiam)
1906 3705 2024 3774 ‘secun-

180 3811 229 3870 fts'
250 3799 291 3868 τῷ
318 3797 538 3876 προβαλλομένῳ
564 3798 611 3856 καὶ
638 3801 679 3871 τῷ
707 3798 904 3876 προβληθέντα
935 3793 1021 3877 μήπω
1047 3797 1076 3858 di
1118 3799 1185 3856 dum
1206 3815 1320 3858 sacram
1347 3802 1505 3858 iussionem
1527 3803 1563 3858 ab
1595 3818 1631 3858 ea
1658 3804 1780 3874 absunt,
1808 3803 1936 3858 vicarios
1963 3801 2022 3857 lra-

181 3873 338 3950 ἐπιστάντες
364 3885 399 3955 τῇ
428 3881 587 3960 ἐπαρχίη4)
618 3875 662 3958 [,ἢ
692 3883 738 3941 καὶ
767 3875 862 3957 ι’ἀν]5)
891 3878 966 3942 κατὰ
992 3885 1078 3942 θείαν
1117 3885 1222 3959 bento,
1244 3887 1293 3956 qui
1315 3886 1353 3940 ad
1372 3887 1499 3956 ipsorum
1521 3888 1682 3958 exemplum
1711 3889 1808 3944 omnia
1829 3889 1928 3942 iacere
1948 3900 2023 3957 pos-

180 3961 299 4021 ινέλινσιν
323 3961 412 4042 αὐτῆς
439 3961 708 4044 ἀπολιιφθῶσινθ),
742 3967 880 4044 ἐχέτωσαν
912 3986 1075 4046 τυπωτηρη-
1117 3969 1197 4043 sint,
1247 3975 1449 4042 praeterquam
1490 3971 1566 4042 quod
1605 3973 1762 4028 membrum
1804 3971 1956 4028 abscidere
1991 3975 2022 4028 et

178 4035 234 4113 ῐᾶς
254 4045 291 4123 (v.
317 4044 544 4128 τοποτηρητάς),
578 4047 672 4110 πάντα
699 4060 788 4110 ποιεῖν
814 4048 888 4110 καθ’
919 4044 1075 4128 ὁμοιότητα
1117 4053 1248 4110 ultimum
1270 4055 1444 4126 supplicium
1465 4055 1602 4129 inrogare
1620 4060 1774 4128 nequeant.
1802 4059 1851 4114 Ac
1875 4055 1901 4112 si
1920 4055 2022 4128 magi-

178 4123 270 4188 πύτοῐν
295 4133 474 4212 δυναμένους,
507 4128 581 4212 πλήν
606 4135 723 4211 pruove
759 4131 802 4212 (v.
828 4136 942 4213 μέλους)
971 4133 1075 4196 ἀποκο-
1115 4143 1225 4194 stratus
1258 4138 1401 4196 latronum
1445 4144 1659 4211 persecutorem
1687 4146 1738 4196 aut
1763 4142 1910 4198 tribunum
1938 4139 2022 4196 desi-

178 4211 269 4288 appi)
302 4218 348 4276 καί
381 4213 500 4297 ἐσχάτης
531 4219 675 4296 τιμωρίας.
727 4215 759 4278 εἴ
779 4219 843 4293 τεθ)
879 4221 1003 4296 τολμίσιι
1032 4217 1073 4295 (v.
1115 4237 1208 4296 gnare
1220 4222 1347 4296 audebit,
1370 4225 1544 4300 magistratu
1558 4225 1669 4280 excidit
1683 4231 1713 4280 et
1729 4224 1828 4282 decern
1843 4225 1907 4282 auri
1928 4224 2023 4280 libra-

178 4291 324 4376 τολγιήσιι)
360 4291 455 4380 ἀρχων
485 4297 683 4380 λιστοδιόκτην
716 4299 763 4378 (r.
798 4297 1017 4382 ληστοδιοόκτην)
1054 4297 1072 4382 ή
1115 4321 1178 4362 rum
1201 4322 1320 4378 poenam
1344 4309 1454 4380 solvet,
1484 4324 1535 4379 eo,
1563 4310 1612 4379 qui
1633 4310 1696 4365 fleri
1718 4309 1928 4381 praesumpsit,
1957 4315 2022 4364 tor-

177 4399 224 4456 τρι
240 4377 245 4460 i
264 4379 291 4458 ⁹)
311 4387 411 4463 βούταν
438 4381 639 4466 προβόλεσθαι
668 4385 708 4457 (v.
730 4383 972 4468 προβάλλεσθαι),
1000 4389 1073 4448 ι’κπί-
1114 4391 1220 4446 mentis
1253 4392 1437 4449 subiicieodo
1465 4393 1653 4449 othonorum
1683 4396 1917 4451 confiscationem
1946 4393 2022 4448 sub·-

177 4485 255 4524 πται
273 4471 320 4547 τής
339 4466 429 4548 ἀρχῆς
450 4465 480 4532 ι’.
508 4473 626 4550 χρυσίου
652 4471 687 4530 λλ
699 4468 742 4546 ¹⁰)
777 4467 939 4550 καταθήσει
967 4466 1073 4550 ποινή-υ,
1114 4480 1203 4530 eunte
1231 4480 1261 4532 et
1289 4477 1320 4532 in
1347 4477 1466 4534 exilium
1497 4477 1647 4534 mittendo.
1703 4465 1797 4552 Νοῐα,
1835 4475 2021 4554 magistratui

177 4553 229 4606 τού
248 4556 374 4628 γενέσθαι
393 4549 598 4634 θαρρήσαντας
618 4553 833 4633 βασανιζομένου
861 4558 908 4616 καὶ
934 4551 1007 4633 μιτά
1027 4551 1074 4633 δή·
1114 4559 1234 4619 militam
1269 4560 1302 4618 in
1333 4561 1533 4624 criminalibus
1567 4561 1718 4640 (massis)
1746 4562 1888 4622 adversus
1921 4575 2022 4620 omnes

175 4653 273 4728 χιευσιν
296 4635 489 4718 ἐξωριζομένου
524 4636 564 4716 (ιι.
592 4637 803 4719 ἐξοριζομένου).
846 4643 1002 4718 σημείωσαι
1018 4639 1073 4716 ¹¹),

173 4736 223 4776 οτι
252 4715 268 4780 ὁ
300 4717 499 4800 στρατιωτικός
530 4714 625 4805 ἀρχιυν
657 4727 686 4784 ἐν
713 4735 775 4796 τοῖς
799 4720 968 4806 ἐγκλήμασιν
998 4719 1075 4786 κατα

174 4883 620 4908 ᾖ...

275 5020 318 5080 81)
332 5023 388 5073 Pro
404 5021 448 5073 καὶ
465 5025 506 5074 tit.
523 5023 549 5073 4.
565 5021 652 5089 parat.
669 5025 696 5086 β.
713 5025 755 5076 21.
772 5027 870 5076 nauem
886 5022 912 5092 ἢ.
990 5027 1037 5087 82)
1055 5026 1146 5080 codex
1161 5026 1206 5080 ἐπὶ
1222 5031 1417 5084 κοινυνίτοσαν.
1506 5035 1553 5094 86)
1571 5035 1661 5086 Codex
1677 5027 1738 5088 τούς
1753 5028 1909 5086 ἐπισκόπους
1925 5027 2014 5080 nabeo

173 5081 246 5134 Vide
261 5087 321 5138 Nor.
338 5091 396 5140 128.
416 5103 474 5152 cap.
492 5091 534 5140 16.
616 5093 664 5151 81)
680 5093 733 5143 Pro
749 5096 802 5143 τῶν
820 5093 911 5144 Codex
926 5093 1006 5144 trahet
1021 5097 1078 5146 τιῖ.
1163 5099 1210 5156 86)
1229 5097 1320 5150 Codex
1335 5097 1459 5159 ripaticos.
1549 5105 1597 5161 86)
1615 5106 1660 5151 sic
1677 5099 1776 5150 Codex.
1810 5097 1964 5162 Lugendum
1978 5091 2015 5162 μή

169 5150 405 5236 πεύθεσθαιπότῷ
421 5160 465 5208 vei
487 5155 662 5210 ἀπωθεῖσθαι
685 5157 776 5210 αύτόν.
811 5161 879 5209 mov.
904 5161 1037 5225 128.,cap.
1054 5163 1097 5213 17.
1118 5159 1154 5230 μή
1176 5163 1368 5234 ἀποκρίνεσθαι
1389 5164 1456 5236 ὑπὲρ
1477 5170 1529 5218 τῶν
1546 5167 1681 5234 εἰρημένων
1697 5165 1840 5224 „temeror
1857 5168 1912 5222 τοῖς
1928 5163 2016 5214 τοιού·

169 5234 228 5276 τοις
243 5239 396 5290 προαοποις.
481 5228 528 5286 87)
545 5228 611 5276 Νοι.
630 5227 689 5277 128.
707 5241 766 5290 cap.
784 5227 826 5276 18.
844 5225 1037 5293 ιύυπόληπτον.
1071 5231 1172 5282 Verrun
1189 5239 1232 5282 cst
1249 5239 1343 5296 tamen,
1367 5237 1411 5284 ubl
1427 5237 1487 5286 sola
1503 5249 1557 5284 voa
1574 5233 1704 5300 ὑπόληψις
1720 5235 1814 5284 bonam
1832 5233 2019 5284 ectromate-

169 5299 231 5365 πται
249 5291 421 5342 demonstret.
455 5294 524 5343 Vide
542 5294 710 5358 Ducangiam
727 5298 755 5343 tn
773 5294 911 5344 Glossario
930 5295 1090 5350 Graecitatis
1112 5315 1138 5362 p.
1163 5301 1239 5350 1616.
1339 5305 1387 5360 88)
1404 5303 1493 5356 Codex
1510 5303 1693 5370 κατίγγρπηου.
1791 5301 1838 5360 86)
1856 5303 1901 5350 sic
1918 5299 2017 5350 Codex.

167 5353 235 5434 lior.
254 5358 310 5408 128.
328 5373 388 5422 cep-
406 5361 449 5410 18.
466 5361 594 5431 ίγγραοον
612 5361 691 5412 θείαν
707 5363 821 5412 κέλευσιν
838 5361 931 5426 λαβεῖν,
949 5368 1119 5432 περιέχουσαν
1143 5365 1187 5418 διά
1210 5364 1334 5439 ήμισέρας
1350 5366 1703 5435 ιόσιβοῦςύποσημειιύσιοιτ.
1743 5367 1785 5417 De
1801 5361 2019 5432 Vtice'vmttt'wms

168 5422 229 5472 rade
246 5425 415 5491 Ducangtum
431 5429 452 5479 1.
467 5429 486 5478 l.
504 5444 530 5492 p.
549 5429 624 5478 1062.
708 5429 754 5488 60)
772 5429 871 5491 incipit
888 5433 936 5481 foi.
954 5433 1013 5482 181.
1031 5435 1065 5484 Δ.
1138 5437 1185 5496 61)
1203 5437 1255 5488 Pro
1273 5433 1309 5487 τὰ
1325 5441 1438 5489 τοιαῦτα
1454 5437 1545 5487 Codex
1563 5439 1640 5488 habat
1656 5433 1692 5486 τό
1707 5433 1827 5486 τοιαύτα.
1901 5435 1947 5494 62)
1965 5435 2018 5486 co-

168 5488 220 5540 des
236 5492 388 5557 λοχοθισία.
457 5498 503 5557 66)
522 5497 612 5548 codex
629 5495 683 5566 ,ῖῐήιῖ
716 5497 878 5560 Designatur
894 5500 961 5550 Nor.
980 5501 1036 5550 128.
1054 5515 1113 5566 cap.
1131 5505 1171 5554 16.
1188 5503 1233 5553 fin.
1300 5506 1346 5567 64)
1364 5507 1454 5556 Codex
1470 5505 1627 5570 στρατηγίδι)
1643 5500 1718 5571 ἀρχη.
1793 5505 1839 5562 66)
1862 5501 1953 5554 Codex
1968 5499 2017 5564 μό-

167 5569 218 5614 '⁰³-
285 5563 332 5621 66)
349 5563 403 5612 Pro
419 5575 488 5614 voce
504 5565 598 5632 λιτρῶν
615 5563 705 5614 Codex
722 5565 802 5614 habet
818 5551 868 5616 λό’.
936 5569 983 5628 67)
1003 5569 1092 5620 codex
1110 5569 1281 5636 συμβασάσις.
1347 5576 1393 5633 68)
1410 5573 1464 5620 Pro
1481 5585 1548 5622 voce
1565 5574 1698 5634 γενέσθω,
1716 5582 1782 5632 quae
1798 5571 1865 5620 Nov.
1884 5571 1940 5620 128.
1959 5581 2019 5632 cap.

166 5616 216 5731 383
224 5627 348 5693 habetur,
367 5631 458 5682 Codex
475 5632 555 5714 habet
571 5633 734 5718 γιγίνιοθαι.
768 5635 812 5683 An
830 5634 946 5715 fortasse
962 5638 1131 5700 significatur
1146 5640 1326 5706 γεγινήσθαιθ
1410 5640 1457 5698 66)
1479 5643 1525 5690 sto
1547 5639 1646 5688 Codex.
1679 5639 1831 5700 Legendum
1851 5639 1957 5688 videtur
1974 5639 2017 5688 λι-

163 5697 342 5822 800061τὲ
355 5697 597 5834 maxume)
614 5699 976 5832 {sscffixuaggltffllmae
990 5705 1147 5824 illaleffitliggr
1151 5709 1257 5827 (10ξάύο
1254 5809 1263 5837 ,
1281 5707 1430 5824 νοιύιύιιρόίύ
1445 5708 1591 5836 ἀύήιήύὶιιτόήι
1600 5705 1770 5833 εθέῗύήὶἷσῐύι
1776 5707 1845 5824 1⁴28¹¹
1847 5713 1912 5838 ἶαηήή..
1927 5705 2019 5822 {iffi

162 5821 249 5908 ¹¹13&
267 5837 349 5893 parnt
366 5835 392 5895 S.
410 5834 453 5886 21.
469 5837 535 5886 satis
553 5835 741 5886 demonstrant.
769 5860 773 5868 v
809 5839 838 5898 6)
856 5835 946 5889 Codex
962 5835 1017 5888 ἀπὸ
1035 5841 1185 5899 λιιφθῶσιυ.
1258 5843 1288 5901 7)
1305 5839 1396 5894 Codex
1412 5837 1466 5892 ἀπὸ
1483 5843 1574 5922 Wit-
1642 5845 1672 5905 6)
1689 5842 1780 5894 Codex
1796 5841 1855 5894 ιῖτι.
1922 5842 1952 5900 6)
1968 5841 2015 5892 ln-

161 5891 232 5957 cipp
248 5899 295 5953 toi
313 5901 374 5954 181.
390 5903 421 5956 s.
486 5901 533 5966 10)
550 5903 706 5968 negendam
722 5904 824 5976 λιτρῶν.
890 5905 937 5966 11)
954 5905 1045 5960 codes
1061 5911 1121 5980 ’.ᾗ
1137 5910 1225 5960 tabat.
