4790 7064
384 574 463 624 aava
604 586 611 605 ·
1081 540 1540 648 PROhEGOMENA

384 741 458 822 hoe,
477 737 521 808 de
543 753 604 824 quo
626 733 743 822 agitur,
765 733 872 820 capite
895 729 957 800 24.
978 729 1112 799 disertis
1135 729 1245 798 verbis
1261 730 1436 816 imperator
1459 727 1635 814 prohibuit,
1656 726 1823 813 quominus
1844 725 1925 794 talia
1945 723 2035 792 lucra
2056 728 2211 813 nuptialia
2231 751 2250 797 a

254 831 263 840 ’
384 836 646 928 parentibusvel
667 837 899 912 alienarentur,
921 833 975 900 vel
997 831 1145 917 pignoris
1166 832 1293 898 nomiae
1316 830 1553 919 obligarentur,
1574 829 1626 894 sin
1648 835 1771 916 contra,
1792 833 1894 893 totam
1908 845 2018 894 eorum
2039 828 2251 898 substantiam

383 939 591 1027 hypothecae
612 937 738 1002 nomine
761 935 872 1002 liberis
894 932 1065 1016 obligatam
1088 931 1192 1000 videri
1213 932 1352 998 censuit.
1397 927 1527 998 Deinde
1549 929 1630 994 haec
1650 930 1870 1015 reperiuntur:
1898 930 1955 992 καὶ
1975 926 2119 994 ἴστωσαν
2140 953 2176 1012 γε
2196 934 2250 999 κοιλ

383 1049 422 1108 έκ
442 1039 535 1108 rodda
555 1035 644 1118 ὴμών
664 1039 723 1102 τού
743 1035 862 1118 νόμον,
884 1029 943 1110 ὡς,
965 1029 1027 1096 κάν
1048 1036 1081 1096 εί
1095 1055 1169 1096 τινα
1190 1031 1280 1116 παρά
1300 1033 1364 1098 τόν
1385 1027 1541 1096 τοιούτων
1562 1036 1680 1112 γονέων
1701 1027 1885 1116 ἀγορασιάν
1906 1024 2114 1106 ποιήσαιντο,
2143 1028 2205 1096 κάν
2226 1039 2252 1098 εί

385 1139 516 1225 λάβοιεν
537 1135 659 1226 δωρεάν
670 1186 680 1216 ,
714 1136 776 1202 κάν
804 1141 837 1200 εἴ
851 1159 882 1198 τι
904 1134 968 1198 τάν
989 1128 1118 1197 πάντων
1138 1129 1309 1220 πράξαιεν,
1338 1139 1372 1198 έν
1393 1138 1454 1214 ίσῳ
1476 1141 1546 1207 τοῖς
1565 1126 1645 1211 μήτε
1666 1136 1897 1214 πεπραγμένοις
1925 1125 2005 1208 μήτε
2025 1140 2252 1214 γεγραμμένοις

328 1271 339 1285 ν
384 1247 477 1308 ἔσται
505 1236 544 1304 τό
571 1235 751 1320 γενόμενον.
778 1229 1050 1310 έκδικήσουσι
1079 1230 1155 1315 γάρ
1183 1230 1293 1298 αότά
1319 1235 1478 1308 πάυτως
1507 1236 1545 1298 ot
1572 1232 1741 1308 παῖδες,
1771 1227 2024 1312 κληρονόμοι
2052 1235 2092 1296 τὲ
2119 1229 2253 1299 αὐτόν

278 1375 282 1383 ’
384 1345 454 1408 καὶ
476 1337 686 1416 διάδοχοι,
708 1333 818 1421 παρά
835 1329 1155 1417 τεκληρονόμων
1176 1336 1340 1398 ἐκείνων
1361 1335 1432 1398 καὶ
1453 1328 1659 1409 διαδόχων
1681 1327 1754 1394 οὐκ
1775 1327 1907 1406 ἄλλως
1927 1328 2253 1414 ἀποκλειόμενοι,

384 1440 466 1520 πλὴν
487 1447 516 1506 εἰ
536 1438 580 1522 μὴ
601 1433 848 1523 τριακονταετὴς
868 1434 1031 1521 παρέλθοι
1049 1431 1183 1518 χρόνος,
1207 1435 1279 1498 καὶ
1300 1429 1320 1511 ὴ
1340 1435 1497 1512 κατοχὴ
1518 1435 1689 1514 κυρίους
1709 1427 1805 1506 τούς
1826 1428 2033 1513 λαβόντας
2053 1431 2253 1512 καταστή-

385 1566 463 1620 σει,
496 1537 679 1624 ἀρχομένου
700 1546 768 1610 τοῖς
797 1538 911 1600 παισὶν
938 1535 997 1598 τού
1022 1531 1145 1620 χρόνον
1170 1539 1313 1616 τρέχειν,
1349 1532 1384 1613 ἐξ
1410 1526 1506 1618 ούπερ
1533 1530 1737 1612 αύτεξοόσιοι
1763 1541 1894 1617 φανεῖεν
1921 1529 2010 1608 ὄντες
2038 1530 2252 1616 ὴγευόμενοι,

385 1641 467 1721 πλὴν
494 1637 586 1721 εἰμὴ
614 1663 662 1714 τις
693 1634 813 1720 ἄνηβος
833 1631 943 1713 ἡλικία
956 1631 1243 1720 προσβοηθήσειεν
1270 1638 1326 1702 ἔτι.
1374 1627 1711 1722 Uolerbotanenw)
1733 1631 1814 1698 haec
1835 1633 1939 1700 verba
1959 1634 2009 1700 sic
2030 1634 2135 1720 accipi
2157 1653 2254 1719 posse

386 1741 608 1828 existimarit,
644 1745 679 1804 ut
705 1738 839 1822 triginta
865 1754 1019 1802 annomm
1046 1734 1295 1821 praescriptioni
1322 1734 1359 1800 in
1384 1735 1447 1802 hac
1473 1753 1592 1802 caussa
1620 1732 1787 1800 videretur
1808 1733 1899 1802 locus
1919 1753 1985 1800 non
2013 1753 2107 1823 esse,
2141 1735 2254 1800 nisisi

386 1846 467 1914 iuris
489 1840 734 1929 acquisitionem
755 1837 902 1902 haberet.
946 1835 1061 1902 Mirum
1083 1843 1210 1920 tamen,
1243 1833 1329 1920 quod
1356 1841 1391 1902 et
1412 1834 1605 1903 Theodorus
1632 1834 1917 1920 Hermopolitanns
1940 1841 1975 1902 et
1995 1835 2200 1902 Athanasius
2221 1841 2255 1902 et

387 1947 531 2014 lulianus
553 1948 744 2030 antecessor
765 1937 850 2004 buno
871 1937 975 2004 locum
996 1935 1038 2002 de
1060 1935 1195 2020 triginta
1216 1954 1370 2002 annorum
1400 1935 1659 2022 praescriptione
1687 1936 1736 2004 rei
1758 1935 1970 2002 vinulieationi
1992 1936 2184 2022 opponenda
2205 1937 2255 2004 in-

389 2043 561 2133 terpretati
588 2043 665 2108 sint.
709 2037 755 2104 Et
783 2037 975 2104 Theodorus
1003 2035 1130 2124 quidem
1158 2039 1192 2102 in
1221 2035 1435 2104 Basilicarum
1462 2043 1538 2104 tom.
1569 2037 1628 2102 lv.
1657 2057 1691 2123 p.
1719 2033 1810 2102 489.
1837 2041 1866 2100 εί
1893 2034 1957 2120 γὰρ
1979 2033 2205 2114 ἐκποιήσσυσιυ
2226 2063 2256 2102 τι

387 2146 513 2224 αὐτῶν,
548 2144 720 2208 έκδικεῖται
750 2137 834 2230 [hoc
862 2144 916 2204 est
943 2132 1175 2227 vilificatur),
1213 2142 1240 2202 εί
1268 2135 1312 2220 μὴ
1342 2135 1410 2222 ἀρα
1440 2137 1616 2222 τριάκοντα
1637 2141 1691 2215 ίτη
1712 2137 1903 2220 παρῆλθεν,
1941 2133 1997 2224 ἀφ’
2023 2127 2062 2202 σύ
2083 2135 2257 2219 γεγόνασιν

389 2243 592 2326 αὐτεξούσιον
613 2246 646 2306 σί
668 2238 850 2327 ὀφείλοντες
871 2235 958 2304 αύτά
979 2239 1147 2302 διεκδικεῐν
1167 2240 1289 2314 παῖδες.
1332 2238 1536 2305 Athanasius
1556 2243 1665 2304 autem
1686 2238 1769 2304 haec
1790 2237 1889 2304 habet
1910 2238 1960 2302 nt.
1987 2237 2048 2303 10.
2071 2245 2178 2303 const.
2203 2235 2257 2302 θα

388 2355 417 2416 εί
438 2351 475 2414 δέ
494 2372 542 2424 τι,
570 2342 690 2428 inquit,
718 2338 753 2418 έξ
773 2337 880 2404 αὐτῶν
900 2336 1111 2416 έκπσιήσωσιυ
1134 2345 1166 2405 σί
1187 2336 1518 2426 δευτερογαμήσαντες
1538 2349 1659 2420 γονεῖς,
1694 2336 1849 2403 δύνανται
1871 2342 1904 2402 οἱ
1924 2340 2035 2414 παῖδες
2054 2341 2153 2404 τοῦτο
2176 2341 2257 2404 διεκ-

389 2451 490 2515 δικεῖν
511 2451 585 2510 eico>
606 2440 643 2508 λ’.
667 2442 836 2518 ἐνιαυτῶν,
873 2437 1060 2528 ἀρχομένων
1081 2446 1221 2526 τρέχειν,
1244 2439 1304 2528 ἀφ’
1332 2431 1372 2505 ού
1397 2447 1553 2522 γένωνται
1574 2436 1793 2519 αύτεξούσιοι·
1826 2444 1853 2503 εί
1876 2439 1910 2502 δὲ
1931 2437 2046 2524 ἄνηβοι
2067 2445 2149 2506 εἰσίν
2155 2489 2165 2518 ,
2198 2438 2254 2526 ἀφ’

391 2539 431 2614 σύ
462 2553 615 2630 γένωνται
644 2540 726 2624 μετὰ
756 2539 815 2618 τὴν
844 2535 1095 2618 ύπεξουσίοτητα
1116 2541 1243 2624 έφηβοι.
1289 2539 1438 2627 Denique
1466 2541 1608 2608 lulianus
1635 2547 1829 2606 antecessor
1851 2545 1953 2606 coast.
1977 2537 2043 2606 36.
2067 2559 2139 2626 cap.
2169 2537 2258 2606 143.

390 2649 459 2715 Sed
483 2649 560 2733 post
588 2643 709 2711 obitum
730 2644 802 2708 eires
823 2658 881 2705 cas
902 2637 1118 2705 uindicabnnt
1137 2644 1211 2706 sine
1230 2641 1299 2705 rrtto
1320 2639 1507 2728 obstaculo,
1540 2643 1573 2707 et
1592 2659 1662 2707 nnn
1684 2642 1789 2705 solean
1810 2641 1875 2725 ipsi
1881 2685 1891 2726 ,
1928 2639 1989 2705 sed
2015 2643 2115 2706 etiarn
2143 2661 2258 2708 eornm

362 2794 366 2803 ·
391 2749 555 2816 haeredes
586 2764 644 2812 res
673 2745 854 2808 distractas
881 2743 935 2807 oet
952 2743 1148 2826 piprieratas
1170 2739 1402 2830 vindicabunt,
1424 2779 1467 2793 -
1495 2743 1591 2808 nulla
1618 2743 1793 2827 temporati
1816 2743 2084 2826 praescriptione
2112 2743 2259 2828 cantuari,

391 2853 459 2916 nisi
478 2849 568 2936 forte
590 2848 727 2932 triptota
748 2861 918 2908 alanorum
941 2844 1112 2908 curricula
1134 2845 1309 2908 transacta
1328 2843 1478 2930 firmini,
1508 2862 1595 2930 quoe
1616 2843 1803 2928 cornpnturi
1822 2843 1952 2926 oporiet
1972 2861 2019 2907 ex
2040 2861 2079 2908 eo
2102 2845 2262 2928 tempore,
2381 2837 2382 2910 ζ

391 2969 457 3038 quo
480 2947 578 3014 tiberi
597 2965 680 3012 sarae
699 2945 873 3031 potestatis
894 2939 1007 3028 effecti
1026 2947 1121 3031 aurat,
1144 2947 1288 3029 excepta
1309 2945 1461 3010 videlicet
1477 2943 1641 3029 pupillari
1661 2947 1789 3030 αιίιιίε,
1825 2945 1904 3030 quia
1926 2941 2149 3028 impuberibus
2163 2943 2263 3009 rerrtia

392 3052 549 3135 temporie
571 3046 769 3132 conputatio
792 3045 909 3108 eremit.
953 3040 1037 3124 Quid
1061 3063 1139 3130 crgo
1160 3037 1341 3112 faciemus?
1369 3043 1546 3112 Enimvero
1569 3045 1849 3111 Unterholanerus
1871 3063 1935 3110 non
1956 3045 2004 3110 ita
2024 3044 2109 3110 bene
2130 3043 2263 3128 singula

391 3149 564 3218 Iustiniani
590 3149 694 3216 verba
721 3143 850 3212 uidetur
876 3144 1112 3212 construxisse.
1155 3146 1274 3234 Neque
1303 3147 1387 3212 enim
1415 3145 1514 3212 haee:
1542 3149 1599 3212 καὶ
1633 3142 1804 3224 ὴκιιτοχὴ
1831 3148 1960 3228 κυρίους
1993 3142 2070 3221 τοὺς
2097 3143 2265 3228 λαβόντας
2381 3161 2382 3172 ’

391 3249 601 3329 καταστήσει,
631 3249 678 3316 uti
704 3249 756 3313 vir
784 3245 990 3312 doctissimus
1020 3245 1138 3333 voluit,
1167 3247 1215 3331 ,ad
1244 3247 1298 3313 illa
1326 3245 1406 3325 πλὴν
1432 3253 1460 3312 εί
1488 3243 1532 3328 μὴ
1560 3244 1808 3331 τριακονταετὴς
1841 3245 2004 3328 παρέλθοι
2030 3242 2147 3330 χρόνος
2169 3247 2264 3312 rese-

392 3352 495 3419 renda
516 3358 592 3417 sunt
614 3346 777 3441 (alioquin
799 3347 882 3415 enim
903 3349 960 3411 καὶ
982 3341 1002 3424 ὴ
1022 3343 1148 3424 κατοχὴ
1168 3350 1298 3433 κυρίους
1319 3344 1394 3424 τούς
1415 3344 1576 3430 λαβόντας
1596 3343 1800 3423 καταστήσει
1822 3353 1954 3431 propter
1974 3343 2024 3426 id,
2053 3345 2137 3433 quud
2159 3365 2266 3432 prae-

393 3453 480 3521 cedit
500 3453 671 3538 παρέλθοι,
696 3447 864 3516 dicendum
878 3443 1027 3538 inisset),
1055 3465 1166 3514 verum
1179 3449 1353 3514 manifesta
1366 3455 1418 3513 est
1439 3447 1521 3516 haec
1543 3447 1653 3515 hurum
1674 3447 1844 3514 verborum
1865 3443 2068 3523 έκδοιὴοουσι
2086 3445 2151 3531 γὰρ
2172 3446 2265 3514 adra

392 3551 519 3628 παντως
541 3557 574 3616 οἱ
594 3552 704 3626 παῖδες
726 3547 886 3636 oppositio
908 3549 969 3636 iis,
990 3567 1073 3636 quae
1095 3550 1383 3636 pusteadicuntur,
1403 3552 1460 3614 καὶ
1481 3547 1500 3628 ὴ
1521 3547 1647 3628 κατοχὴ
1668 3553 1796 3632 κυρίους
1817 3546 1892 3622 τούς
1913 3544 2074 3630 λαβόντας
2095 3547 2266 3626 καταστή-

393 3677 451 3719 σει.
494 3651 540 3718 Ut
560 3649 695 3737 proinde
726 3649 808 3714 haec
832 3651 877 3714 sit
898 3668 1007 3716 eorum
1030 3649 1201 3716 verborum
1223 3651 1402 3717 sententia:
1425 3645 1642 3717 vindicabunt
1666 3652 1753 3714 enim
1775 3651 1865 3714 ονιηί
1883 3649 1980 3713 πιοδσ
2001 3667 2060 3714 eas
2081 3667 2140 3715 res
2162 3649 2267 3716 tiberi
2382 3649 2383 3708 ἒ

393 3771 573 3839 cornaque
593 3767 803 3815 successores
824 3747 866 3813 ab
888 3747 1087 3815 haer-edibus
1108 3751 1241 3815 ittonam
1260 3749 1589 3838 successoribusque,
1609 3753 1677 3816 nisi
1697 3751 1878 3816 b·icennalt
1887 3751 2154 3835 praescriptione
2178 3748 2268 3815 sub-

393 3853 608 3939 moveantur,
630 3854 663 3917 et
681 3851 867 3936 possessio,
890 3849 957 3936 illi,
981 3853 1038 3937 qui
1058 3855 1280 3938 acceperunt,
1308 3869 1426 3916 earnm
1447 3869 1562 3920 retiam
1583 3853 1761 3916 dominium
1782 3855 1821 3916 ut
1840 3851 2100 3937 nuncupantur,
2128 3849 2269 3938 efficiet,

393 3957 444 4020 ita
465 3955 503 4019 ut
522 3955 650 4018 initium
671 3954 743 4017 eius
764 3951 865 4034 spatii
885 3948 927 4014 ab
948 3969 987 4016 eo
1009 3955 1164 4038 temporis
1184 3955 1347 4018 πωπειιίο
1368 3955 1591 4040 computetur,
1615 3969 1680 4040 quo
1701 3953 1756 4017 sni
1775 3951 1959 4038 tumefacti
1970 3953 2045 4017 sint.
2087 3949 2269 4020 Caeterum

394 4047 704 4143 Unterholnneruss)
726 4051 803 4116 illud
825 4051 1008 4140 assentior,
1041 4051 1125 4140 quod
1147 4053 1250 4140 hanc,
1286 4071 1370 4140 quae
1392 4053 1494 4120 hacce
1515 4053 1590 4138 lege
1612 4053 1795 4120 introducta
1817 4060 1888 4142 est,
1923 4052 2134 4120 tricennalem
2160 4074 2268 4139 prue-

395 4154 604 4242 scriptianem
625 4152 668 4218 ad
689 4151 783 4218 aliam
814 4170 980 4238 cerussam,
1008 4153 1072 4218 nisi
1099 4153 1142 4219 ad
1164 4172 1223 4236 ea,
1263 4153 1305 4220 de
1333 4154 1447 4240 quibus
1474 4155 1535 4221 hoo
1563 4155 1633 4221 loco
1656 4174 1763 4223 sermo
1784 4161 1856 4244 est,
1877 4153 1967 4220 lucra
1989 4153 2162 4242 nuptialia,
2199 4175 2269 4222 nou

394 4255 555 4323 retulerit.
597 4253 698 4338 ldque
719 4252 767 4317 ita
787 4271 864 4320 esse
886 4259 921 4318 et
943 4253 1136 4320 Theodorus
1157 4253 1441 4340 Hermopolitanns
1463 4261 1497 4321 et
1518 4255 1722 4324 Athanasius
1744 4261 1779 4323 et
1798 4255 1941 4324 lulianus
1962 4261 2157 4322 antecessor
2180 4275 2269 4324 con-

395 4357 522 4424 tirmant
542 4374 605 4422 uno
627 4373 683 4421 ore
705 4373 825 4420 omues.

1184 4520 1249 4587 1V.
1292 4521 1383 4588 Nou.
1406 4521 1471 4590 72.

522 4659 628 4726 Vetus
649 4657 754 4744 opinio
776 4662 830 4721 est
850 4673 955 4742 eaque
977 4657 1187 4741 pervulgata,
1210 4665 1336 4760 epulum
1359 4677 1435 4726 esse
1458 4659 1538 4748 huc,
1566 4679 1660 4748 qnam
1681 4659 2014 4745 commemoravimus,
2042 4659 2132 4745 lege,
2160 4664 2199 4722 nt
2226 4677 2274 4725 ne

395 4761 576 4830 creditores
597 4759 825 4842 debitoresque
847 4775 968 4846 eorum,
989 4757 1042 4844 qui
1064 4757 1098 4823 in
1119 4757 1222 4824 tutela
1244 4759 1297 4824 vel
1319 4777 1396 4824 eura
1417 4767 1510 4850 sunt,
1532 4761 1575 4827 ad
1596 4781 1669 4829 eam
1690 4761 1821 4827 tutelam
1844 4779 1997 4826 curamve
2019 4757 2274 4843 suscipiendam

396 4863 652 4933 admitterentur.
696 4857 789 4940 Quae
811 4855 925 4922 eadem
947 4857 1054 4942 opinio
1076 4863 1130 4924 est
1152 4857 1221 4924 lliri
1244 4857 1331 4925 Clar.
1353 4857 1570 4952 liudm·ffi³).
1613 4863 1668 4950 1s,
1700 4879 1889 4948 quamquam
1910 4861 2072 4947 prooemio
2094 4859 2165 4924 eius
2189 4861 2274 4926 No-

396 4965 504 5031 vellae
514 4981 634 5049 eorum,
655 4961 708 5047 qui
721 4955 888 5039 κηδεμόνες
909 4993 945 5007 -·
958 4959 1023 5022 τόν
1036 4965 1115 5023 νέων
1128 4965 1191 5023 εἴτε
1203 4955 1332 5040 ἀνήβων
1345 4965 1407 5024 εἴτε
1419 4961 1548 5048 ἐφήβων
1561 4969 1629 5044 μέν,
1651 4966 1701 5028 iai
1721 4963 1754 5026 δὲ·
1770 4963 1825 5039 τής
1843 4963 1991 5047 δευτέρας
2013 4957 2140 5037 ἡλικίας
2158 4957 2275 5024 ὄντων

395 5071 492 5153 sunt,
512 5063 549 5128 lit
561 5065 692 5148 mentio,
712 5067 822 5126 tamen
839 5056 881 5122 ad
895 5076 1006 5124 omnes
1022 5060 1149 5126 omnino
1170 5066 1297 5125 tutores
1319 5067 1549 5148 curatoresque
1570 5063 1734 5148 pertinere
1756 5068 1856 5128 totam
1878 5061 1962 5128 hane
1984 5059 2158 5126 Novellam
2183 5077 2276 5127 eon-

262 5246 273 5263 ,
394 5165 594 5233 stitutionem
615 5159 758 5248 censuit,
779 5158 863 5244 quod
885 5177 955 5245 cap.
978 5157 1014 5223 b.
1035 5159 1235 5244 generaliter
1247 5159 1329 5226 baec
1344 5157 1508 5230 dieantur:
1529 5166 1588 5228 καὶ
1608 5165 1714 5230 ταῦτα
1735 5165 1841 5249 φαμέν
1863 5166 1913 5230 tat
1934 5151 2108 5242 κηδεμόυός
2129 5161 2274 5240 παντός,

397 5387 827 5406 ’W-

496 5535 525 5600 1)
541 5537 559 5586 l.
582 5535 601 5584 l.
624 5537 687 5584 tom.
704 5534 725 5584 l.
750 5547 774 5596 p.
794 5531 872 5582 m:
905 5532 975 5582 erl
998 5546 1063 5584 mon
1080 5532 1125 5582 dte
1152 5532 1333 5599 Verardnunp
1355 5547 1432 5600 parm
1448 5537 1577 5588 wdrtttelt
1600 5537 1714 5590 nahmen
1737 5537 1795 5588 ared
1817 5537 1870 5588 dea
1895 5537 2026 5588 Worten:
2058 5528 2140 5598 καλὴ
2164 5531 2278 5598 κατοχὴ

395 5621 498 5692 κυρίους
518 5613 581 5674 τοὺς
604 5617 730 5678 λαβόντας
752 5612 923 5678 καταστήσω,
951 5616 996 5666 aar
1018 5615 1106 5666 necat
1123 5616 1313 5682 widertirhren
1329 5619 1439 5686 ὶσετεκ,
1461 5632 1492 5669 so
1509 5622 1545 5672 or
1560 5633 1645 5687 anper
1661 5622 1704 5672 dte
1721 5619 1954 5686 drepastpjcihrtpe
1975 5618 2148 5682 r'erntaroap
2165 5619 2199 5666 tn
2219 5619 2279 5668 der

396 5707 481 5770 nepot
495 5704 545 5764 βίι·
562 5704 657 5752 manner
673 5699 892 5760 auspeaelrloasen
909 5699 966 5748 arrd
986 5699 1030 5752 die
1046 5697 1200 5752 ammae
1223 5702 1387 5756 besehrrinlrt
1406 5703 1466 5754 saco
1489 5705 1545 5769 anf
1562 5705 1614 5756 den
1638 5705 1723 5770 Fuit,
1752 5717 1795 5760 ιυο
1812 5705 1885 5754 dtese
1913 5702 2087 5766 Verjdtroap
2104 5701 2148 5752 dte
2165 5699 2280 5751 Natan-

395 5793 470 5846 saer
486 5783 678 5841 ποοιιοιιο
696 5781 909 5846 iteraturam)
926 5778 1010 5832 lat-‘⁴
1096 5779 1127 5844 υ)
1144 5781 1162 5832 ε
1179 5783 1198 5833 1.
1217 5799 1242 5848 η.
1258 5786 1322 5854 aaa
1407 5786 1437 5850 ε)
1453 5787 1575 5840 muoso:
1592 5777 1806 5847 οιὲιιιιιιιιι
1822 5783 2165 5849 corrumperemur.
2178 5799 2208 5847 p.
2221 5787 2274 5838 ao.
