4748 7074
818 493 966 564 Nov.
1015 494 1288 566 IUSTIN.

1030 689 1086 748 III.

656 827 783 908 Codex
807 831 948 912 Bodler'.
973 835 1099 910 3399.
1125 835 1178 909 tit.
1206 831 1272 908 16.
1297 837 1363 934 [ol.
1388 833 1456 906 75.

196 980 331 1082 Νεαρὰ
356 980 582 1082 ’Ῑουστιριανοῠ
612 1005 680 1066 ρμ.
709 980 771 1067 ρξ’.
829 983 934 1070 Περὶ
967 992 1031 1054 ἐκ·
1164 990 1287 1046 Νοννῖῖο
1313 985 1480 1048 Iustiniani
1508 988 1585 1047 140.
1616 991 1689 1048 107.
1742 983 1799 1053 De
1826 986 1988 1056 bonorum
2005 1019 2064 1064 mv,
2081 1018 2135 1062 ms.

137 1063 317 1136 στάσεων.
355 1063 435 1132 “ow
455 1063 492 1130 τὸ
514 1067 646 1132 θεῖονέ
632 1066 901 1148 ἐξευμενίζεσθαι.
1081 1065 1294 1135 σέεσίονιίθιιε.
1341 1076 1425 1142 θυαε
1451 1077 1493 1130 οιῖ
1513 1091 1624 1134 numen
1645 1079 1778 1134 ιῖῖοῖπιιιιι
1796 1081 1989 1152 placandum.

212 1167 365 1252 Προιςάσει
393 1171 544 1232 ἐκστασίον
577 1169 658 1274 7777
685 1178 742 1233 τῶν
769 1169 915 1276 ἀρχόντων
940 1173 1032 1248 οάδελς
1164 1175 1323 1232 Praetexta
1349 1174 1488 1231 bonorum
1510 1177 1654 1232 cessionis
1678 1193 1760 1234 nemo
1784 1179 1988 1234 debitorum

138 1263 186 1361 χῶν
223 1261 372 1358 χρεωστῶν
405 1257 552 1328 αέκίζεται,
595 1253 660 1317 ἀλλ’
698 1259 744 1317 ent
779 1261 836 1359 πρὶν
869 1257 1032 1339 εὐαγγελίων
1081 1259 1304 1334 magistratibus
1333 1265 1475 1332 vexatur,
1510 1275 1610 1316 verum
1639 1278 1690 1333 per
1716 1263 1874 1336 evangelia
1901 1263 1989 1337 iurat,

139 1338 244 1452 ὄμνυσι,
270 1338 309 1420 μὴ
331 1337 458 1438 εὐπορεῖν
478 1334 628 1442 77777777
655 1337 882 1422 ἢπροιχμάτων,
909 1347 956 1404 καλ
978 1353 1033 1405 λοι·
1083 1346 1140 1402 sibi
1170 1343 1282 1414 copiarn
1312 1345 1455 1414 pecuniae
1484 1361 1540 1400 non
1569 1361 1650 1418 esse,
1684 1348 1733 1402 vel
1762 1363 1857 1404 rerum
1887 1365 1922 1402 ac
1951 1305 1989 1404 do’

139 1423 232 1490 ποιοῖ
255 1426 397 1526 δανιιρταλ
423 1419 476 1526 τάς
498 1421 583 1524 7777
595 1423 845 1532 770707aoec¹³⁸7
869 1431 1032 1490 οέκειοῦνται
1083 1429 1195 1498 reliquo
1231 1427 1390 1484 creditores
1422 1428 1605 1502 (actiones),
1646 1445 1722 1502 quiae
1752 1433 1780 1487 ei
1811 1439 1988 1504 competunt,

139 1515 210 1574 κτλ
196 1533 224 1572 εκ
243 1505 401 1612 προσάπορ
422 1506 511 1568 αὐτοῦ
532 1515 653 1570 κινοῦσιν
676 1509 765 1582 αι’ντάς
779 1515 826 1572 καὶ
842 1509 1032 1590 μεθοδεύουσι
1083 1515 1139 1568 sibi
1162 1514 1284 1582 habent,
1306 1527 1344 1568 ex
1366 1513 1488 1582 eiusque
1511 1529 1635 1584 persona
1656 1531 1708 1570 cas
1729 1521 1845 1572 movent
1871 1517 1907 1572 ad
1930 1533 1988 1572 ex-

139 1599 211 1678 χωρλς
223 1601 280 1659 τῶν
297 1606 361 1664 ταῖς
379 1589 528 1672 ἀληθείαις
545 1597 579 1672 τῇ
594 1592 684 1658 αὐτοῦ
701 1603 807 1678 γαμετῇ
822 1592 1031 1678 προσηκόντων.
1082 1599 1320 1667 secutioncmque
1348 1597 1525 1674 perducunt,
1560 1599 1694 1672 exceptis
1715 1599 1779 1676 his,
1806 1617 1882 1674 quae
1903 1600 1988 1658 uxori

1082 1683 1148 1741 eins
1168 1695 1275 1742 revera
1296 1685 1475 1755 competunt.

1029 1867 1086 1927 iv.

812 2011 1310 2114 mmmmmm

210 2161 291 2251 ξ.
328 2160 470 2250 Περλ’
450 2165 789 2288 ιιρχυρρπριιτῶν.
837 2161 888 2232 Τὸ
908 2160 1029 2232 κοινόν.
1167 2173 1241 2229 165.
1276 2163 1334 2231 Dc
1355 2166 1569 2249 ανηοιιέονίἱε.
1614 2173 1786 2231 commune.
1990 2193 2138 2242 εαιωιο.

213 2267 287 2334 Οί’
269 2266 598 2374 777707777m¹³h)’
565 2291 599 2330 ου
620 2265 753 2330 δυνανται
765 2266 836 2350 υπλρ
848 2261 976 2332 αλλων
957 2290 1031 2330 αντι
1164 2272 1339 2345 Argentarii
1372 2289 1424 2346 pro
1461 2273 1529 2328 aliis
1561 2275 1741 2330 constituere
1768 2289 1825 2330 non
1853 2276 1989 2344 possunt,

139 2369 244 2436 σωκεῖν,
285 2362 312 2417 εί
342 2351 385 2454 μὴ
414 2351 554 2458 ε’χχραφον
587 2350 715 2455 λάβωσιν
741 2355 898 2433 έπίταλμα,
930 2356 1032 2433 δηλοῦν
1080 2355 1139 2413 nisi
1160 2357 1380 2413 mandaturum
1402 2358 1522 2429 scriptis
1550 2359 1790 2430 comprehensum
1812 2358 1989 2428 acceperint,

140 2447 229 2544 71:777
256 2435 324 2503 ὅλον
355 2434 388 2500 τό
417 2445 549 2519 πρᾶγμα,
576 2445 638 2510 πῶς
665 2433 719 2518 χρὴ
740 2443 938 2544 πραχθῆχαι.
957 2441 983 2498 εἰ
970 2437 1032 2540 έδλ
1081 2440 1158 2512 quod
1187 2442 1266 2497 clare
1294 2445 1383 2496 totam
1412 2457 1471 2498 rem
1502 2443 1629 2514 explicet
1663 2443 1903 2538 quemadmodum
1925 2441 1988 2498 iteri

140 2521 263 2628 7777777
291 2527 472 2594 ἐνταλθέντες
497 2519 729 2626 ἀντιφωνὴρωσιν
758 2545 823 2626 αχρι
851 2523 945 2625 ῥητοῦ
963 2518 1030 2622 777-
1083 2525 1199 2581 debeat.
1245 2525 1298 2583 Sin
1322 2541 1392 2582 vcro
1414 2527 1524 2596 absque
1545 2527 1663 2598 scriptis
1685 2527 1879 2584 mandatum
1872 2527 1910 2581 ris
1932 2526 1989 2581 dia-

139 2633 189 2708 νου,
208 2608 338 2682 κάκεῖνος,
357 2599 482 2710 ὑπλρ’
449 2631 484 2669 ον
504 2604 646 2710 γέγονεν’
631 2631 649 2687 η
670 2603 873 2687 ἀντιφάνησις,
894 2602 945 2685 ἐφ’
967 2609 1034 2668 ολον
1085 2615 1144 2666 tum
1173 2610 1228 2682 sit,
1264 2611 1344 2680 iique
1373 2627 1465 2680 usque
1494 2610 1531 2666 ad
1559 2617 1670 2668 certum
1700 2611 1839 2683 ternporis
1861 2611 1989 2680 spatium

141 2693 184 2794 οὐχ
209 2692 363 2772 ὁρισθέντα
390 2688 491 2796 χρόνον
516 2693 564 2752 καλ
591 2683 662 2752 ἀλλο
684 2689 849 2789 δίμηνον
816 2717 855 2794 μη
875 2696 1031 2788 μέμψηται,
1084 2651 1279 2766 οοιιεθῖιιάιιί,
1319 2699 1406 2765 atque
1428 2695 1495 2766 itte,
1529 2711 1580 2766 pro
1602 2712 1658 2767 quo
1680 2698 1807 2768 pecunia
1828 2695 1990 2750 constituta

142 2773 186 2878 777
208 2783 247 2853 τηῑ
282 2775 509 2880 7nr77v7cam
544 2771 658 2850 ιιάντως
691 2773 724 2836 τὸ
760 2779 933 2855 δεννννμενον
959 2771 1033 2836 κατά
1083 2785 1145 2852 est,
1166 2795 1219 2850 μοι
1240 2784 1331 2836 totum
1353 2785 1468 2851 tempus
1489 2779 1637 2836 detinitum
1660 2787 1689 2836 ct
1711 2783 1786 2836 alios
1807 2782 1881 2837 duos
1903 2794 1990 2834 men-

142 2859 236 2942 χνάμην
255 2861 344 2966 αὐτον
363 2859 617 2964 ἀντιπεσωνησθιιι
630 2861 711 2942 χρέος
729 2856 966 2960 καταβάλλεσθαι
986 2859 1034 2920 καλ
1083 2879 1133 2920 ses
1161 2869 1282 2934 questus
1305 2879 1362 2920 non
1383 2865 1439 2938 sit,
1464 2869 1579 2936 oportet
1600 2866 1762 2922 omnimodo
1785 2865 1829 2934 ei,
1860 2865 1910 2936 qui
1932 2877 1989 2934 pe-

143 2943 174 3026 μὴ
192 2944 254 3050 ἔχειν
275 2941 361 3009 αὐτὸν
382 2971 399 3024 7
387 2939 609 3046 ’κληρονόμους
636 2943 725 3006 αὐτοῦ
745 2938 939 3044 παραγραφὴν
959 2938 1035 3005 κατά
1083 2948 1201 3003 cuniam
1230 2949 1396 3020 constituit,
1428 2949 1473 3022 id,
1495 2949 1572 3020 quod
1594 2950 1755 3006 secundum
1777 2949 1842 3005 eius
1864 2955 1992 3004 sentcn-

143 3038 189 3132 τρε
207 3026 487 3129 ἀντιφωνησάντωνη
475 3026 742 3136 έκχωρορμίνων
737 3025 791 3103 τάς
811 3027 979 3094 ίντεῦθεν’
961 3051 1033 3110 αχω-
1082 3033 1153 3088 tiam
1174 3034 1365 3090 constitutum
1381 3049 1448 3090 esse
1465 2994 1616 3108 7rrobatur,
1639 3035 1768 3090 debitum
1784 3033 1871 3106 solvi,
1893 3047 1989 3102 neque

143 3111 191 3196 ηάς.
223 3113 274 3196 χρὴ
296 3109 351 3196 χάρ
373 3110 423 3175 τὸν
440 3109 632 3218 δινιάζονταχ
660 3109 801 3194 έχχράιμον
828 3116 973 3196 γενομένης
993 3117 1034 3173 ἐν·
1082 3117 1193 3174 habere
1221 3134 1286 3174 eum
1308 3119 1412 3174 eiusve
1443 3119 1585 3174 haeredes
1615 3119 1817 3190 exceptionem
1845 3117 1990 3172 adversus

143 3203 213 3278 ιυλης
231 3199 399 3261 ακολουθειν
412 3221 483 3276 αντη
507 3193 524 3276 7
545 3191 677 3278 ἀγράφου
697 3200 844 3278 λεγομένης
864 3201 912 3260 καλ
932 3199 1033 3299 7777·
1082 3217 1150 3275 eos,
1185 3204 1235 3274 qui
1266 3203 1498 3278 constituerunt,
1532 3203 1581 3259 vel
1614 3220 1685 3276 eos,
1719 3203 1825 3274 quibus
1856 3203 1989 3257 actiones

143 3289 213 3362 μένης
237 3279 312 3346 σι’ντω
339 3286 446 3384 χρένειν.
493 3286 521 3343 εἰ
542 3283 572 3342 δλ
598 3287 651 3343 καί
666 3303 695 3344 τι
715 3285 814 3364 δειχθῇ
835 3278 883 3344 διά
904 3275 1032 3364 χραμμά·
1082 3285 1151 3344 inde
1172 3287 1379 3359 provenientes
1400 3244 1505 3343 cessa7
1527 3293 1605 3342 sunt.
1647 3289 1767 3359 Oportet
1789 3285 1882 3360 euim,
1913 3299 1991 3360 enm,

143 3391 189 3470 τρι
210 3363 228 3470 7
253 3363 420 3472 μαρτύρων,
458 3362 511 3446 777
546 3361 580 3428 τὸ
620 3365 810 3468 συμηωνηθλν
843 3365 1033 3428 ἀπαιτεῖσθαι
1084 3371 1135 3442 qui
1156 3371 1286 3444 iudicat,
1322 3371 1370 3427 vel
1399 3372 1594 3427 mandatum
1587 3387 1618 3428 ιιι
1639 3373 1759 3442 scriptis
1782 3373 1891 3428 samum
1913 3371 1990 3426 sub-

144 3448 246 3528 οντοδς,
280 3449 394 3552 οὐδενὸς
421 3449 609 3530 ἀντικειμένου
633 3446 722 3532 νόμον
755 3449 795 3524 ἀς
828 3455 911 3554 ἐχρῆν
939 3457 1032 3554 w7r7
1082 3456 1185 3528 sequi,
1218 3412 1286 3529 vel:
1322 3455 1349 3511 st
1376 3455 1442 3524 sine
1469 3455 1615 3526 scriptum
1644 3459 1753 3512 tactum
1782 3469 1850 3511 esse
1876 3454 1991 3522 dicatur

144 3544 299 3644 771777707
341 3531 390 3600 έάν
422 3533 639 3638 ἀρχνροπροῖται
671 3531 867 3640 λοχισμοδς’
848 3530 1032 3632 αντισυχχρά-
1082 3544 1114 3595 et
1141 3496 1295 3612 probetur,
1338 3539 1383 3596 sie
1412 3539 1555 3596 indicare.
1603 3541 1636 3597 Si
1663 3555 1779 3598 veroe
1763 3541 1851 3596 etiam
1877 3537 1989 3608 aliquid

143 3641 203 3720 ηρυς
220 3619 237 3702 7
261 3619 504 3726 ἀντιχράιμουςίθ)
532 3612 689 3724 ποιήσασα
716 3615 733 3700 7
764 3615 840 3722 χερὸς
865 3615 933 3692 τοὺς
962 3641 1032 3698 σνμ-
1081 3639 1135 3696 per
1169 3626 1343 3694 scripturam
1381 3623 1430 3679 vel
1462 3629 1554 3680 testes
1591 3625 1742 3697 probatum
1777 3623 1833 3698 sit,
1876 3623 1990 3694 oportet

143 3699 282 3806 βάλλοντας
307 3703 421 3777 αὐτοῖς,
455 3699 576 3809 7777’
605 3705 715 3766 ἐντείνων
738 3699 849 3808 λάβωσι
877 3706 1032 3785 δηλοῦντας
1081 3708 1128 3782 id,
1170 3708 1247 3779 quod
1281 3712 1367 3780 pacto
1395 3710 1582 3781 convenerit,
1624 3709 1662 3767 ab
1690 3711 1737 3767 bis
1765 3707 1867 3782 exigi,
1909 3706 1991 3764 netto

144 3787 282 3871 εἰσκομιδην
304 3784 458 3894 χρημάτων
485 3783 511 3892 7
531 3783 659 3894 δαπάνην
678 3789 727 3849 καὶ
752 3783 906 3870 χράμματα
934 3793 1032 3894 φέρον·
1081 3792 1151 3868 lege
1174 3793 1361 3866 prohibente,
1383 3794 1538 3866 quominus
1559 3750 1652 3876 ῖιάεο,
1683 3797 1715 3851 ut
1736 3793 1905 3866 oportebat,
1933 3793 1991 3848 tic-

145 3873 234 3976 77¹⁷)
266 3879 317 3937 τοῦ
345 3867 564 3954 ἀρχοροπράτου
594 3868 611 3954 7
638 3875 690 3976 τοῦ
717 3869 906 3954 νποχραφίως
932 3873 1031 3950 αὐτοῦ,
1080 3881 1157 3934 rent.
1207 3877 1241 3935 si
1275 3877 1436 3952 argentarii
1470 3879 1601 3934 rationes
1634 3879 1789 3951 utriusque
1825 3891 1912 3934 manu
1941 3873 1990 3934 vel

145 3952 226 4034 ἢτοῦ
251 3956 480 4066 777777771‘3),
510 3953 660 4037 7177’
624 3968 723 4061 αυτρῖς
742 3924 1032 4062 συναλλαξάντωνά
1080 3977 1136 4018 sua
1165 3977 1254 4019 mann
1281 3957 1331 4038 (δ)
1361 3961 1487 4033 scriptas
1509 3963 1558 4019 vel
1580 3978 1646 4019 cum
1668 3963 1725 4036 iis,
1753 3961 1804 4034 qui
1826 3977 1890 4018 cum
1913 3961 1989 4031 ipsis
2100 4025 2106 4040 .

145 3981 315 4144 ἀλιηράηονς
336 4040 611 4125 ἢδποχραηέντας,
652 4040 689 4103 οὗ
715 4039 848 4104 διναντοι
874 4049 904 4107 oi
929 4045 1029 4106 σνναλ·
1080 4047 1272 4120 contrahunt,
1306 4046 1449 4120 fecerint,
1484 4047 1532 4104 vcl
1559 4047 1597 4104 ab
1617 4047 1679 4102 iilis
1701 4047 1887 4119 acceperint,
1914 4057 1991 4115 quae

144 4119 315 4200 λάξαντες’
285 4151 337 4209 την
363 4127 413 4208 μλν
421 4129 691 4230 καταχρυηομένην
716 4121 798 4208 παρά
826 4131 883 4190 τάν
910 4127 1030 4208 ἀρχνρο-
1079 4133 1271 4203 pecuniarum
1310 4087 1472 4188 titutione’m
1508 4131 1557 4187 vel
1595 4132 1794 4206 erogationem
1828 4130 1990 4200 declarant,

144 4218 244 4288 προιών
269 4218 297 4275 ἐν
324 4225 384 4285 τοῖς
410 4209 646 4314 ἀντισυχχραηοις
673 4213 795 4310 βρεβίοις
822 4211 932 4274 ιε’σοδον
960 4215 1031 4294 δίχι·
1081 4211 1255 4289 litterasque
1276 4215 1439 4291 argentarii
1460 4216 1509 4273 rel
1529 4216 1740 4290 subscriptoris
1761 4216 1836 4286 eius,
1858 4215 1906 4270 vei
1928 4217 1990 4270 Sa-

144 4301 206 4355 σθοι
224 4299 268 4358 καλ
289 4301 419 4359 ἐντεῦθεν
439 4291 545 4368 αὐτοὺς
566 4292 710 4398 ἀσεπτεῖν,
731 4291 805 4378 πρὸς
825 4293 904 4358 77'
875 4319 953 4396 την
945 4319 1031 4358 κατα·
1081 4301 1221 4374 maritae,
1256 4301 1306 4358 vel
1335 4315 1453 4374 eorum,
1486 4300 1538 4372 qui
1567 4315 1633 4356 cum
1668 4301 1742 4373 ipsis
1772 4301 1990 4370 contraxerunt,

143 4392 280 4478 χραηεῖσαν
300 4377 397 4454 ε’ξοδον
417 4375 604 4480 ἀντδέχειχ’
582 4402 621 4451 ως
641 4377 675 4441 07
697 4343 885 4485 χεχχνημίνην·
920 4375 985 4443 σιἰτν
1005 4385 1035 4444 οἱ
1081 4383 1190 4442 babent
1222 4384 1272 4442 vel
1305 4387 1382 4442 totas
1412 4399 1512 4442 corum
1540 4399 1629 4440 manu
1654 4386 1782 4458 scriptus
1808 4384 1856 4441 vel
1884 4383 1921 4438 ab
1949 4382 1989 4438 iis

142 4461 362 4566 ἀρχιιροιιρᾶται
368 4460 501 4527 δύνανται
526 4459 577 4567 777
601 4463 652 4569 μὲν
678 4461 806 4544 δαπάνην
826 4463 974 4542 ἀπαιτεῖν,
991 4461 1031 4546 μὴ
1081 4469 1282 4542 subscriptas,
1309 4469 1356 4542 bi,
1379 4469 1429 4540 qui
1450 4473 1672 4545 contraxerunt,
1703 4487 1784 4544 eum,
1806 4469 1856 4542 qui
1878 4470 1915 4523 aii
1935 4480 1989 4522 ar-

142 4549 261 4666 δίχερθαι
282 4545 383 4630 δὲ’την
406 4549 525 4622 εἴσοδον,
546 4546 616 4610 ἀλλ’
638 4551 746 4609 ἐννοῶν
766 4553 942 4652 έκριτέρωθεν
959 4572 1031 4652 770-
1081 4553 1227 4628 gentariis
1254 4555 1285 4610 in
1314 4553 1455 4612 brevibus
1483 4553 1641 4628 utriusque
1667 4553 1896 4624 manuscriptis
1918 4561 1990 4624 per-

140 4653 207 4724 7711,
196 4631 305 4712 ομίνων
332 4628 565 4734 ἀντισυχχράρομν
591 4629 813 4713 λοχοθεσίων’
788 4659 813 4734 η
841 4630 1031 4714 αὐτοχράηων
1081 4639 1236 4710 scribitur,
1268 4637 1393 4695 reditum
1414 4645 1589 4738 a7ce7itare,
1628 4637 1793 4710 exindeque
1815 4637 1911 4692 abiis
1932 4649 1990 4706 pe·

138 4739 152 4794 7
143 4705 202 4794 Ι9)
221 4732 401 4822 μαρτυρεῖται
428 4715 467 4780 τά
470 4713 645 4820 γράμματα
665 4725 717 4816 τῆς
737 4711 850 4822 είσόδορ
870 4722 917 4780 καλ
939 4715 1030 4781 δανιά·
1080 4727 1161 4795 tere,
1201 4683 1289 4780 si7iul
1325 4739 1395 4779 vero
1430 4723 1486 4798 iis,
1524 4739 1601 4796 quae
1629 4723 1670 4780 ibi
1701 4723 1882 4796 perscriptae
1911 4723 1991 4791 sunt,

137 4821 181 4880 *ης
187 4799 352 4886 ,ἑκάτερον
378 4797 550 4866 πιστεύεται.
590 4799 625 4866 07
651 4799 707 4886 χάρ
732 4797 786 4886 χρὴ
819 4797 854 4868 τὸ
881 4803 932 4885 μλν
958 4801 1028 4868 κατ’
1079 4807 1240 4882 expensis,
1267 4807 1353 4878 quasi
1374 4809 1473 4864 iactae
1494 4825 1552 4866 non
1574 4813 1689 4888 essent,
1711 4805 1911 4863 contradicere
1933 4817 1990 4860 non

1079 4897 1220 4966 possunt,
1263 4907 1357 4964 neque
1393 4907 1463 4950 vero
1493 4893 1655 4966 argentarii
1680 4850 1807 4964 ²possunt
1842 4902 1990 4958 expensas

1078 4975 1196 5047 quidem
1218 4981 1337 5049 petere,
1371 4977 1497 5033 reditum
1519 4981 1616 5034 autem
1640 4991 1697 5032 nou
1724 4979 1896 5044 acceptare,
1932 4989 1990 5028 ve-

1078 5075 1142 5116 rum
1170 5077 1209 5118 ex
1236 5062 1400 5118 rationibus
1430 5062 1584 5132 utriusque
1605 5075 1692 5116 mann
1715 5059 1761 5114 vel
1784 5075 1840 5114 sua
1859 5055 1990 5128 scriptis,

1079 5160 1154 5217 qnae
1176 5145 1312 5218 utrinque
1332 5149 1532 5218 proferuntur,
1552 5144 1578 5200 si
1601 5143 1717 5200 litterae
1739 5143 1853 5199 reditus
1875 5157 1991 5212 expcn-

1079 5245 1236 5302 sarumque
1268 5231 1370 5307 (quasi
1397 5227 1540 5300 quodam)
1576 5228 1743 5286 testimonio
1772 5229 1989 5294 continuantur,

1078 5314 1196 5386 utrique
1224 5315 1268 5374 rei
1296 5315 1370 5374 tides
1398 5314 1531 5371 habetur.
1580 5313 1686 5384 Neque
1714 5311 1792 5369 enim
1815 5315 1928 5383 oportet
1949 5307 1989 5383 id,

113 5482 532 5502 ..μ-ψ

275 5631 340 5689 tm)
357 5631 485 5682 Arbitror
501 5639 596 5680 vocent
612 5628 755 5716 αμυχαςῖι.
772 5629 792 5680 l.
809 5631 950 5682 excidisse.
1063 5631 1128 5692 im)
1146 5629 1270 5684 Codex¹
1254 5652 1271 5682 α
1273 5627 1463 5712 ρμυρονιράται.
1571 5629 1618 5690 m)
1637 5627 1734 5680 Cori-ttr
1717 5643 1751 5694 ge
1769 5644 1803 5680 ex
1820 5631 1885 5680 lust.
1904 5629 1945 5680 cd.
1964 5631 1989 5680 θ.

103 5723 170 5770 cmp-
194 5705 221 5754 2.
239 5697 427 5768 αὐτογράφους.
462 5699 551 5749 intra:
576 5695 780 5766 πρυκμιζομένινν
797 5695 1010 5765 ἀντιουχχράσοεν
1027 5699 1186 5784 λσχοθισίον
1172 5697 1390 5782 νῆαίιτομροῐφι.
1374 5717 1415 5748 um
1528 5697 1573 5759 1⁷]
1592 5699 1683 5750 Codex
1701 5701 1855 5769 φέρονταὶ
1839 5699 1908 5750 Vide
1926 5701 1992 5748 lust

101 5781 147 5826 νεὶ.
172 5777 203 5824 9.
221 5783 284 5834 cap
300 5767 326 5815 2
344 5769 370 5828 S
389 5767 412 5818 l
512 5767 560 5824 89)
577 5767 644 5830 Leg.
662 5765 837 5836 Σαμαρελτον
941 5767 986 5826 19)
1003 5759 1091 5818 Ρῖο’
1074 5787 1090 5835 η
1107 5769 1214 5834 legend
1216 5781 1250 5816 im
1267 5763 1299 5817 ιε’.
