4784 7068
320 568 465 643 'am
888 522 893 539 ’
1107 567 1533 638 aruanasu

381 771 465 845 μένου
492 765 585 842 ένλ66)
613 768 670 826 τῶν
691 767 800 826 παίδων
827 760 860 826 τό
875 763 923 841 ⁴⁷)
951 759 1096 842 ἐλάχιστον
1131 757 1220 842 έχοντι
1237 760 1295 837 66),
1336 757 1440 818 liboris
1460 761 1556 831 datur,
1578 759 1627 832 qul
1649 760 1797 820 minimum
1820 761 1945 835 hebeat,
1967 761 2087 818 minima
2107 761 2240 822 videlicet

381 855 434 912 τοῦ
470 851 617 929 ἐλαχίστου
652 846 758 928 δηλαδη
789 851 899 928 μέρους.
941 851 968 908 εἰ
996 843 1080 919 cist)
1109 847 1193 906 πλέον
1226 851 1292 907 ἰπν-
1335 847 1438 917 ponto.
1469 847 1502 904 Si
1516 861 1586 902 vero
1601 846 1666 916 plus
1681 845 1779 904 datum
1792 846 1842 918 sit,
1863 861 1915 919 pro
1931 862 1987 903 nan
2000 847 2068 903 dato
2091 848 2156 917 erit,
2177 847 2240 923 lege

383 935 528 1010 δοθῇ66),
550 932 612 994 ἀντὶ
629 929 668 1011 μη
687 936 830 1003 δοθέντος
863 933 904 1010 (v.
930 931 1079 1005 δοθέντος)
1106 927 1201 1002 έσνια,
1238 935 1290 991 τοῦ
1332 930 1389 986 που
1410 929 1543 1003 (ipsum)
1564 930 1666 986 liberis
1687 930 1843 1004 largiente.
1884 931 1968 987 'i'eiis
1990 937 2088 988 autem
2110 931 2238 992 datioex

381 1014 470 1096 νόμον
504 1023 588 1078 τοῦτο
622 1029 682 1088 τοῖς
716 1020 813 1078 ποισλν
848 1017 1075 1094 φιλοτηιωμένοο.
1109 1010 1146 1075 τὰ
1173 1014 1203 1074 ai
1237 1021 1288 1092 τῆς
1330 1021 1439 1072 eventu
1460 1015 1657 1088 spectabitur,
1685 1021 1716 1070 et
1743 1014 1781 1070 ad
1809 1016 1888 1071 lruoc
1917 1016 2101 1072 substantiae
2129 1016 2239 1074 modum

381 1098 512 1181 τοιαότης
526 1096 678 1172 ἐπιδόσεως
699 1101 730 1174 ἐξ
751 1102 859 1178 ἐβέπου
875 1098 921 1174 66)
943 1091 1161 1178 σκοπηθόσεται
1181 1099 1284 1176 unffi)
1328 1100 1475 1174 exigetur,
1497 1099 1547 1170 qul
1568 1103 1698 1170 tempore
1712 1100 1810 1155 obitus
1832 1100 1897 1154 eius
1918 1115 2073 1172 personae,
2094 1113 2171 1170 quae
2191 1115 2240 1156 ae-

381 1182 456 1265 πρός
481 1183 532 1264 τὴν
552 1183 653 1246 οὐσίαν
673 1180 724 1264 την
750 1180 999 1261 εόρισκομένηνῧθ)
1020 1178 1094 1243 κατὰ
1121 1179 1172 1246 τὸν
1191 1179 1291 1262 καιρὸν
1333 1183 1445 1240 eundae
1459 1183 1605 1240 conuenit
1619 1183 1747 1257 nuptias,
1770 1184 1925 1255 reperitur.
1953 1185 2043 1254 Nota,
2064 1183 2197 1258 ingratos
2210 1185 2241 1240 li-

380 1275 432 1348 τῆς
452 1271 581 1348 τελευτῆς
601 1273 652 1329 τοῦ
673 1271 939 1347 δευτερογαμοῦντος
964 1262 1130 1346 προσώπου.
1173 1271 1290 1346 σημεέω·
1332 1267 1418 1324 beros
1439 1274 1470 1323 et
1491 1268 1528 1323 ab
1549 1267 1615 1339 ipae
1636 1268 1769 1338 portione
1789 1267 1923 1341 legitima
1943 1267 2072 1339 excludi,
2094 1274 2123 1323 et
2142 1275 2240 1342 gratos

382 1353 497 1428 σαιΜ),
519 1348 564 1414 ὅτι
585 1358 614 1412 ολ
634 1347 782 1432 α’χεέριστοι
803 1352 920 1420 παίδαις
944 1351 984 1428 (v.
1005 1353 1118 1425 παῖδες)
1135 1353 1182 1411 καλ
1203 1350 1291 1412 αὐτοῦ
1332 1347 1500 1426 liberoso)
1522 1351 1562 1422 id,
1584 1349 1661 1422 quod
1683 1352 1713 1407 ln
1736 1351 1854 1408 datione
1877 1352 1943 1422 plus
1959 1357 2015 1424 est,
2038 1352 2123 1422 quasi
2144 1353 2239 1410 datum

381 1436 510 1518 [acb]⁵⁸)
538 1441 655 1516 νομέμου
683 1431 865 1496 tantona
889 1435 928 1512 (v.
950 1432 1160 1512 ἀποκλείονται)
1181 1439 1291 1514 μέρους,
1333 1451 1390 1492 non
1422 1437 1479 1509 sit,
1515 1449 1657 1492 revocare
1685 1451 1783 1508 prosse.
1824 1436 1924 1492 iliberi
1960 1451 1998 1492 ex
2024 1437 2118 1507 primo
2139 1441 2172 1491 et
2191 1453 2241 1492 se-

379 1525 428 1584 καλ
448 1515 493 1583 ότι
513 1517 644 1582 δόνανται
665 1523 694 1579 ot
712 1513 914 1597 ἀχόρεστοι66)
943 1521 1042 1589 παῖδες
1068 1515 1102 1578 τό
1130 1521 1214 1580 πλέον
1240 1524 1292 1597 τῆς
1333 1519 1429 1576 cundo
1456 1519 1640 1577 matrimonio
1675 1521 1819 1592 procreati
1848 1520 1992 1578 communi
2020 1519 2155 1594 parenti,
2192 1523 2239 1591 qni

380 1602 534 1677 ἐπιδόσεως
554 1601 594 1675 oia
613 1597 654 1681 μὴ
677 1603 808 1664 ἐπιδοθὲν
829 1605 949 1663 ἐκδικεῖν.
969 1598 974 1684 Ι
994 1601 1042 1678 ⁸⁷)
1085 1608 1113 1663 οι·
1133 1598 1192 1664 ἀπὸ
1216 1598 1292 1684 πρό·
1333 1603 1491 1661 intestatus
1517 1605 1656 1676 moritur,
1699 1619 1737 1662 ex
1758 1604 1862 1676 aequis
1891 1605 2074 1677 portionibus
2100 1605 2242 1661 haeredes

380 1711 432 1752 του
453 1692 499 1750 κοιλ
523 1691 652 1766 δευτέρου
679 1681 771 1765 γόμου
800 1690 947 1766 τεχθέντες
968 1689 1067 1757 παῖδες
1095 1682 1146 1746 τὸν
1166 1686 1216 1766 μέν
1237 1709 1291 1747 κυι-
1333 1691 1416 1746 liunt.
1458 1688 1563 1757 Quivis
1584 1693 1680 1745 autem
1704 1703 1742 1745 ex
1763 1689 1837 1760 ipsis
1858 1705 1895 1745 ea
1916 1689 2009 1760 lucra,
2031 1703 2107 1762 quae
2128 1703 2168 1745 ex
2189 1705 2241 1744 ca-

380 1771 430 1837 νὸν
465 1776 545 1852 γονέα
573 1766 727 1833 όδιόθετον
755 1772 930 1831 τελευτῶντα
959 1769 988 1842 έξ
1015 1769 1132 1848 ι’σης66)
1161 1773 1291 1852 κληρονο-
1333 1787 1370 1828 au
1392 1771 1471 1830 dotis
1492 1777 1613 1830 etanta
1634 1773 1754 1844 nuptias
1777 1773 1943 1830 donationis
1964 1774 2242 1845 adparentemsu·

379 1863 488 1940 μοῦσα.
529 1855 647 1925 ἕκαστος
676 1855 706 1915 dl
726 1852 821 1915 αὐτῶν
841 1850 879 1915 τὰ
900 1860 929 1915 ε’νι
957 1859 1009 1914 τοῦ
1030 1851 1121 1915 κόσου
1141 1861 1193 1933 τῆς
1213 1877 1291 1932 προι-
1332 1873 1381 1914 um
1409 1857 1600 1930 perveniunt,
1627 1863 1772 1928 tamquam
1798 1858 1957 1930 praecipua
1984 1859 2097 1930 capiet,
2125 1857 2242 1914 aiensi

379 1939 431 2014 νιός
449 1943 496 2002 καλ
518 1935 574 2019 πρό
597 1935 687 2019 γάμου
715 1942 823 2016 δωρεᾶς
850 1934 1044 2017 περιγινόμενα
1064 1941 1147 2017 κέρδη
1168 1945 1209 2015 τῷ
1230 1942 1291 2014 ι’δίην
1332 1955 1385 2012 per
1405 1943 1509 1997 terties
1538 1942 1656 2012 nuptias
1674 1942 1797 1998 semrndi
1818 1943 1903 1999 liberi
1931 1942 2040 1998 iniuria
2062 1943 2163 1998 allecti
2186 1957 2241 1998 non

382 2027 423 2108 (v.
445 2023 518 2101 ἰδέην)
542 2036 618 2103 γονει·
634 2021 695 2082 κατ’
718 2022 858 2102 ἐξαίρετον
866 2022 913 2098 66)
934 2025 1049 2102 λέγεται
1080 2025 1119 2100 (v.
1142 2018 1290 2101 λήψεται),
1333 2031 1411 2081 sunt.
1440 2025 1583 2096 Reliquas
1603 2030 1700 2082 autem
1714 2041 1773 2100 res,
1795 2027 2095 2098 quaepraeterdotem
2110 2028 2158 2082 vel
2175 2035 2242 2082 ante

378 2105 432 2174 κόν
451 2105 491 2188 μὴ
511 2111 616 2187 τρίτοις
625 2108 672 2184 66)
694 2102 793 2187 γάμοις
814 2113 842 2166 σε·
861 2102 985 2186 δεότεροι
999 2109 1209 2186 ένυβρέσθησαν
1225 2119 1290 2168 παῖ·
1333 2110 1451 2180 nuptias
1484 2111 1669 2166 donationem
1704 2125 1757 2182 per
1782 2110 1987 2167 liberalitatem
2021 2117 2073 2168 aut
2101 2110 2241 2166 haeredis

379 2197 432 2264 δες.
475 2187 533 2254 ὅσα
554 2193 583 2253 ai
603 2189 685 2268 ἕτερα
706 2187 777 2269 μετὰ
798 2186 849 2269 τὶγυ
869 2203 974 2270 προῖκα
995 2187 1012 2270 ἢ
1041 2187 1098 2270 πρὸ
1126 2187 1218 2270 γόμου
1239 2195 1290 2252 δω-
1331 2193 1545 2250 institutionem
1568 2199 1619 2250 eut
1640 2195 1698 2251 alio
1720 2195 1805 2252 modo
1826 2212 1864 2251 ex
1885 2195 2016 2252 secunda
2035 2196 2244 2252 coniunctione

379 2274 447 2358 ρεόιν
467 2277 677 2356 περιηλθονθλ)
707 2270 862 2354 πράγματα
888 2271 962 2335 κατὰ
982 2279 1132 2356 πρεσβεῖον
1152 2271 1170 2354 ν’)
1193 2273 1289 2336 ε’νστα-
1331 2277 1369 2333 ad
1390 2293 1560 2350 piersonam,
1582 2293 1658 2349 quaa
1679 2279 1825 2335 secundas
1847 2281 1966 2350 nuptias
1989 2279 2146 2350 contraxit,
2170 2293 2242 2350 per-

378 2385 424 2423 σιν
447 2359 639 2438 (vabrense)
663 2357 760 2438 [ἢ)66)
782 2356 851 2418 καθ’
874 2357 968 2438 ἕτερον
988 2356 1095 2437 τρόπον
1116 2364 1146 2420 έκ
1166 2365 1216 2437 τῆς
1231 2363 1289 2420 δευ-
1332 2367 1486 2434 venerunt,
1515 2363 1569 2418 lans
1598 2363 1683 2419 liberi
1705 2378 1743 2420 ex
1769 2364 1859 2436 primi
1888 2370 1917 2419 et
1938 2364 2068 2420 secundo
2089 2365 2244 2419 matrimo-

377 2450 462 2525 τέρας
491 2449 644 2523 συναφείας
670 2449 709 2516 εἰς
735 2439 769 2504 τό
799 2443 1097 2523 δευτερογαμῆσαυ66)
1124 2440 1289 2524 πρόσωπον,
1332 2445 1381 2502 nio
1403 2447 1469 2504 eiua
1489 2448 1636 2520 parentis,
1671 2448 1722 2519 qui
1743 2449 1798 2504 baa
1820 2448 1970 2504 lucrifecit
1991 2453 2022 2504 et
2048 2449 2155 2504 tertias
2184 2463 2243 2504 nu-

378 2535 471 2592 ταῦτα
491 2534 589 2600 κοινῶς
610 2527 783 2600 διαδέξονται
803 2533 832 2588 σι’
851 2523 911 2588 α’πό
936 2534 987 2589 τοῦ
1001 2531 1141 2608 προτέρου
1162 2530 1208 2588 καλ
1230 2531 1290 2588 δευ-
1330 2531 1409 2602 ptias
1437 2545 1495 2588 non
1523 2533 1686 2604 contraxit,
1720 2534 1912 2589 communiter
1940 2533 2096 2605 accipient,
2125 2533 2187 2588 nisi
2214 2531 2241 2586 si

379 2618 462 2695 τέρου
483 2609 573 2693 γόμου
594 2615 695 2684 παῖδες
720 2617 771 2673 τοῦ
800 2617 892 2672 ταῦτα
913 2607 1103 2690 κερδόσωντος
1124 2616 1223 2690 γονέως
1244 2614 1290 2672 καλ
1331 2615 1457 2686 aliquam
1480 2631 1518 2672 ex
1539 2617 1586 2672 iris
1605 2617 1649 2691 is,
1671 2616 1721 2687 qui
1743 2631 1795 2673 eas
1813 2617 2011 2690 lucrifecerat,
2032 2631 2151 2689 pareus,
2175 2615 2243 2672 dum

379 2694 419 2778 μὴ
431 2693 625 2777 ὁμηλὴοιιντος
641 2691 891 2775 (uindicarant)
901 2693 1078 2776 [aplaom]⁰⁴)
1088 2691 1196 2776 γάμοις,
1218 2692 1290 2776 πλὴν
1331 2699 1424 2771 vivit,
1445 2699 1636 2774 alienaverit,
1664 2699 1711 2758 lria
1733 2702 1900 2758 valentibus
1928 2707 1958 2758 et
1978 2701 2009 2757 ln
2037 2699 2245 2775 (notitiarum)

380 2787 408 2844 εἰ
438 2778 477 2861 μὴ
505 2779 635 2860 ἔφθασεν
669 2777 731 2842 τινὰ
766 2777 874 2842 τούτων
902 2785 1048 2858 έκποιῆσιιν
1081 2776 1185 2858 περιιόν
1195 2780 1242 2858 66)
1272 2779 1289 2842 ὁ
1333 2783 1593 2857 dissolutionibus,
1623 2799 1702 2856 quae
1723 2801 1761 2843 ex
1782 2786 1904 2857 repudio
1926 2787 2024 2842 tactae
2045 2791 2130 2856 sunt,
2161 2789 2191 2840 et
2214 2786 2244 2840 in

379 2872 472 2928 ταῦτα
493 2863 632 2944 κερδήσας
652 2860 761 2946 γονεύς,
783 2860 890 2925 τούτων
910 2859 1088 2943 κρατούντων
1108 2867 1154 2924 καλ
1175 2869 1220 2926 ἰπὶ
1234 2869 1291 2926 τοῖν
1332 2868 1473 2924 indotatis
1494 2869 1695 2926 matrimoniis.
1736 2871 1772 2944 ll,
1793 2871 1843 2942 qul
1864 2871 2010 2927 secundas
2026 2871 2146 2941 nuptias
2169 2885 2245 2926 eon-
2364 2885 2365 2924 i

380 2955 531 3031 γενομένων
563 2955 592 3011 tit
617 2953 765 3029 ρεπουδέου
793 2944 947 3010 διαλύσεων
974 2951 1020 3008 καὶ
1042 2950 1086 3008 tul
1112 2954 1169 3009 τῶν
1190 2948 1289 3029 ἀπροί-
1332 2953 1470 3026 trabunt,
1512 2953 1596 3010 dotes
1623 2959 1654 3010 et
1680 2959 1749 3011 ante
1777 2955 1896 3026 nuptias
1926 2954 2100 3011 donationes
2129 2967 2247 3028 augere

378 3057 434 3103 κων
463 3037 641 3095 συνοικεσέων
655 3029 731 3109 66))
754 3037 782 3094 οἰ
815 3035 1080 3112 δευτερογαμοόντες
1120 3025 1213 3105 αὔξειν
1240 3034 1290 3112 μέν
1331 3035 1448 3108 quidem
1469 3043 1604 3110 possunt,
1635 3039 1739 3096 harum
1760 3039 1988 3096 deminutionem
2017 3043 2115 3094 autem
2139 3039 2247 3095 lacero

378 3114 511 3179 δύνανται
538 3113 590 3188 τός
617 3127 737 3198 προῖκας
763 3119 810 3177 κοιλ
836 3114 894 3194 πρό
915 3112 1005 3196 γάμου
1032 3113 1154 3196 δωρεός,
1187 3121 1289 3196 μέωσιν
1331 3122 1448 3178 omniuo
1478 3123 1685 3194 piroblbentur,
1721 3123 1846 3180 silllios
1875 3139 1911 3180 ex
1938 3123 2028 3195 priori
2057 3123 2247 3179 matrimonio

379 3203 421 3280 (v.
433 3202 619 3281 μεέωσιν)67)
643 3196 792 3264 δὲτυότων
813 3209 959 3262 ποιεῖσθαι
972 3203 1116 3272 παντελῶς
1136 3199 1169 3262 oti
1184 3225 1288 3281 συγχω
1331 3205 1467 3262 habeant.
1495 3207 1551 3274 Qui
1573 3212 1671 3263 autem
1693 3207 1730 3264 ad
1751 3207 1898 3266 secuntias
1917 3208 2037 3279 nuptias
2059 3223 2117 3264 aon
2141 3212 2247 3263 mns-

378 3294 509 3366 ροῦνται,
523 3291 551 3347 έν
573 3277 596 3362 ᾦ
618 3287 723 3357 παῖδας
744 3291 773 3346 ἰκ
795 3289 938 3364 προτέρων
958 3283 1068 3365 ἔχουσιν
1088 3281 1191 3363 γόμων.
1213 3292 1242 3348 ολ
1261 3287 1291 3347 ai
1333 3296 1420 3362 eunt,
1449 3290 1568 3362 impune
1589 3295 1743 3363 utrumnam
1758 3293 1879 3350 facient.
1921 3293 2063 3350 Similiter
2063 3329 2246 3350 ............

377 3369 417 3451 μὴ
445 3373 712 3450 δευτερογαμοῦντες
739 3366 897 3448 οἰκηνδόνως
930 3367 971 3444 (v.
1000 3367 1164 3446 ἀνωδύνως)
1199 3367 1290 3432 έκότε-
1332 3375 1571 3450 Usuml'ructum,
1604 3377 1654 3446 qui
1682 3381 1835 3447 piraetextu
1857 3377 1935 3434 dotis
1956 3383 2007 3434 aut
2029 3381 2099 3432 ante
2121 3377 2249 3448 nuptias

371 3468 429 3536 ’ρον
448 3451 612 3536 πράξουσιν.
634 3452 738 3534 ὁμοίως
754 3459 838 3524 ἰπιως
860 3499 865 3512 .
874 3497 1037 3515 ...........
1054 3500 1060 3514 .
1075 3453 1126 3530 ⁸⁸)
1145 3453 1150 3534 Ι
1170 3457 1217 3534 66)
1240 3451 1291 3515 τόν
1332 3459 1498 3516 donationis
1519 3475 1558 3516 cx
1578 3461 1668 3532 priori
1689 3461 1871 3518 matrimonio
1894 3461 1979 3518 datus
2001 3466 2062 3530 est,
2090 3460 2248 3517 secundae

377 3535 451 3600 κατὰ
472 3535 619 3619 πρόφασιν
639 3535 757 3619 προικὸς
778 3534 795 3617 ἢ
817 3531 874 3616 πρὸ
896 3533 1041 3618 γόμουῗθ)
1070 3540 1178 3618 δωρεᾶς
1200 3543 1289 3600 έπιδο-
1332 3547 1453 3614 nuptiae
1472 3545 1717 3617 supervenientes
1740 3561 1796 3602 non
1818 3546 1946 3617 solvunt,
1967 3547 2024 3601 etsi
2041 3546 2095 3600 lroc
2118 3546 2249 3616 specia-

377 3627 467 3684 θέντα
494 3621 722 3702 οόσουιγροῦκτον
751 3627 780 3681 da
813 3627 865 3682 τοῦ
893 3626 1032 3722 προτέρου
1060 3623 1289 3698 momentum)
1331 3628 1400 3684 liter
1428 3629 1472 3702 is,
1516 3629 1565 3700 qui
1587 3629 1746 3686 defunctus
1777 3635 1839 3700 est,
1879 3630 2041 3686 constituit.
2090 3631 2248 3686 Relictam

377 3703 507 3788 δεύτερος
526 3703 717 3786 έπιγενόμενος
739 3704 772 3765 ori
794 3702 852 3766 λόει
873 3729 976 3787 γαμος,
999 3711 1025 3768 εἰ
1042 3709 1088 3766 καλ
1110 3713 1194 3768 τοῦτο
1217 3705 1288 3768 ὁτε-
1331 3720 1429 3769 autem
1461 3718 1512 3768 eut
1551 3713 1688 3770 donatum
1726 3715 1942 3771 usumfructum
1978 3714 2023 3786 is,
2064 3715 2116 3784 oui
2145 3715 2250 3770 reliu—
2366 3733 2367 3738 ¹

376 3788 518 3869 λευτὴσας
553 3793 644 3860 ἰδοιως
682 3793 724 3864 (v.
751 3791 857 3864 ἰδικως)
887 3787 1096 3868 emmanu).
1129 3788 1236 3869 τόν76)
1259 3792 1288 3852 dl
1327 3786 1411 3870 quit,
1454 3797 1609 3868 probibere
1629 3803 1726 3870 potest
1755 3813 1794 3855 ex
1815 3799 1955 3855 secundis
1985 3798 2099 3870 nuptiis
2129 3813 2250 3855 conee-

375 3875 606 3953 νιαταλειφθέντα
627 3869 644 3951 ἢ
667 3877 834 3952 δωρηθέντα
865 3872 1148 3955 ου’συυφροῦκτονί6)
1171 3872 1288 3938 δόνατιιι
1327 3880 1369 3936 di.
1412 3875 1495 3938 Nota
1522 3882 1568 3955 id,
1596 3883 1672 3953 quod
1699 3883 1825 3957 regulae
1853 3884 1918 3940 loeo
1948 3882 2057 3939 dictum
2092 3889 2160 3954 est,
2199 3883 2249 3939 le·

376 3957 648 4035 ὁνιυταλείπωνῖὅ)
670 3955 783 4018 κωλύειν
804 3963 834 4018 ἐκ
855 3961 1070 4038 δευτερογαμίας
1083 3963 1212 4039 δοθῆναι.
1239 3981 1287 4038 οη·
1334 3979 1403 4039 gem
1450 3967 1629 4037 irritatorum
1670 3967 1821 4024 voluntate
1862 3967 1957 4042 magis
2002 3967 2110 4026 valere.
2190 3967 2251 4024 ni-

376 4046 495 4123 μεέωσαι
504 4041 550 4118 ’66)
572 4046 723 4113 κανονικῶς
744 4045 891 4121 εἰρημένων
913 4041 1126 4123 (παρημένω),
1148 4039 1193 4106 ότι
1214 4043 1288 4122 όῐῖ)
1332 4049 1374 4106 cit
1395 4049 1495 4116 onim,
1525 4051 1655 4124 luorum,
1689 4051 1766 4122 quod
1786 4068 1824 4108 ex
1845 4053 1913 4126 lege
1935 4052 2034 4108 datum
2056 4058 2112 4122 est,
2136 4067 2155 4106 a
2181 4053 2250 4124 pri-

375 4123 462 4205 νόμος
481 4131 533 4205 τῆς
553 4131 610 4186 τῶν
630 4129 741 4187 ἰδιωτῶν
763 4128 805 4202 (v.
826 4125 956 4202 ἰδιωτῶν)
978 4125 1087 4208 γνώμης
1108 4125 1289 4209 ἰσχυρότερος
1331 4139 1400 4190 vato
1435 4134 1516 4191 nullo
1550 4135 1635 4192 modo
1676 4137 1788 4192 auferri
1826 4151 1923 4208 prosse.
1993 4137 2121 4202 Eorum,
2167 4152 2253 4208 quae

375 4215 459 4272 ἐστίν.
501 4213 587 4289 φησλν
612 4206 684 4290 γόρ·
710 4205 743 4270 τό
774 4216 803 4270 έν
830 4216 886 4272 ’τοῦ
911 4207 1000 4289 νόμον
1022 4215 1167 4292 δεδομένον
1192 4217 1289 4292 κέρδος
1331 4233 1504 4289 quoeunque
1524 4219 1609 4276 modo
1630 4235 1649 4274 a
1669 4221 1870 4277 illlislamilias
1898 4219 2045 4292 acquisita
2066 4225 2148 4294 sunt,
2179 4222 2252 4276 sive

375 4293 487 4373 ἰδιότης
509 4295 551 4370 (v.
572 4289 695 4372 ἰδαότης)
723 4291 906 4356 παντάπασιν
927 4293 1090 4374 ἀφελέσθαι
1111 4295 1163 4358 caia
1191 4294 1285 4378 ἰσχόει
1331 4313 1369 4358 ex
1392 4309 1525 4359 materna
1548 4304 1749 4378 successione,
1778 4306 1844 4361 sive
1866 4306 1925 4362 alio
1953 4305 2052 4373 modo,
2081 4307 2254 4362 usumfru-

374 4385 432 4440 τοῖν
456 4377 589 4440 ὁπωσοῦν
616 4379 909 4458 περιποιηθέντωνη)
938 4392 998 4451 τοῖς
1027 4377 1205 4452 όπεξουσέοις
1232 4381 1287 4442 aba
1331 4391 1408 4443 ctum
1424 4387 1551 4445 habento
1573 4389 1675 4445 borum
1697 4394 1806 4460 patres,
1828 4391 1877 4466 qui
1899 4390 1935 4444 ad
1950 4389 2097 4445 secundas
2122 4390 2253 4462 nuptias

374 4467 405 4524 έκ
425 4458 554 4543 μητρόας
576 4463 619 4540 (v.
639 4459 786 4541 μητρῴας)
809 4465 947 4543 διαδοχῆς,
976 4459 1084 4542 ἢνιαθ’
1107 4463 1202 4543 ἕτερον
1222 4463 1287 4545 τρό-
1330 4477 1498 4544 transeunt,
1532 4474 1665 4544 exceptis
1691 4475 1817 4544 peculiis
1852 4475 2053 4530 castrensibus
2088 4480 2120 4529 et
2155 4474 2254 4545 quasi

374 4567 443 4620 πον,
472 4545 523 4625 τὴν
547 4551 648 4626 χρῆσιν
675 4550 814 4626 ἐχέτωσαν
834 4551 1098 4628 δευτερογαμοῦντες
1128 4554 1157 4609 ol
1180 4545 1288 4610 τοότων
1331 4557 1540 4614 castrensibus.
1582 4559 1643 4614 lias
1665 4573 1729 4631 res,
1765 4573 1840 4628 quae
1861 4563 1930 4614 ente
1952 4557 2098 4614 secundas
2122 4559 2256 4630 nuptias

374 4636 509 4712 πατέρες,
537 4630 708 4710 ἐξῃρημένων
734 4636 926 4712 καστρενσέων
953 4634 1001 4692 καὶ
1026 4628 1126 4692 κουόσι
1153 4655 1288 4712 καστρεν-
1330 4639 1531 4716 (contractas)
1559 4641 1661 4700 liberis
1682 4659 1701 4699 a
1722 4641 1863 4700 matribus
1892 4643 2016 4700 donatae
2037 4649 2126 4715 sunt,
2148 4651 2256 4700 mater

376 4717 444 4775 σέων
470 4711 686 4790 condonavit).
730 4711 768 4774 τὰ
793 4711 850 4796 πρὸ
877 4722 927 4795 τῆς
954 4719 1172 4796 δευτερογαμέας
1199 4720 1287 4798 δωρη·

376 4801 467 4862 θέντα
495 4809 554 4872 τοῖς
581 4799 680 4859 παισλν
712 4795 793 4879 παρὰ
820 4805 877 4860 τῶν
902 4803 1030 4881 μητέρων
1056 4798 1090 4861 οὐ
1119 4796 1237 4864 manaae
1258 4801 1289 4876 έξ

440 5101 486 5163 46)
504 5103 595 5153 Codex
613 5100 659 5152 ἰνί.
699 5100 748 5168 47)
765 5103 818 5150 Pro
837 5113 903 5150 vocc
920 5095 952 5149 τό
970 5100 1062 5152 Codex
1079 5103 1157 5152 lebet
1172 5104 1218 5166 api.
1290 5103 1339 5164 48)
1357 5105 1448 5156 Codex
1464 5107 1531 5170 ἰχον.
1599 5109 1648 5168 40)
1664 5111 1717 5162 Pro
1736 5111 1827 5160 verbis
1849 5107 1874 5160 εἰ
1894 5109 1921 5160 δι’
1939 5109 2030 5160 Codex
2047 5110 2129 5160 babet
2146 5109 2196 5160 δτι
2218 5109 2258 5162 δέ.

374 5170 494 5230 ·50)Cod.
508 5168 643 5234 έπὶδοθῆ.
677 5169 725 5229 dl)
739 5171 791 5219 Pro
807 5167 834 5226 έξ
850 5167 954 5231 έγίέντου
975 5169 1040 5218 Cod.
1060 5169 1139 5220 lilibet
1150 5168 1291 5234 έγεβέντου.
1337 5173 1583 5236 θ2)ΡΙ·ονιαλο0(λ.
1602 5177 1680 5229 habeb
1695 5175 1726 5236 ἷῖ
1763 5175 1810 5239 bd)
1822 5179 1876 5228 Pro
1890 5179 1980 5228 verbis
1991 5173 2040 5242 τὴν
2056 5171 2259 5244 εόριοιιομένην

374 5239 465 5288 Codex
483 5239 560 5287 babet
576 5238 623 5303 τῆς
639 5231 824 5306 εὑρισκομένης.
872 5234 921 5300 54)
937 5235 1030 5284 Codex
1047 5235 1106 5304 ᾗῇ
1166 5235 1214 5299 de)
1232 5238 1292 5287 Vox
1308 5241 1356 5288 τοῦ
1374 5242 1451 5291 deest
1467 5245 1495 5292 ln
1512 5243 1618 5296 Codice.
1695 5244 1741 5308 da)
1758 5246 1811 5296 Pro
1828 5243 1966 5314 ἀχάριστοι
1984 5247 2053 5296 tite.
2063 5251 2149 5306 parui.
2162 5245 2195 5305 S.
2209 5245 2258 5296 ¹2.

376 5308 473 5368 legisse
496 5305 620 5354 videntur
643 5301 800 5370 εὐχάριστοι.
847 5305 893 5352 Sic
911 5315 976 5350 sane
998 5303 1048 5352 που
1066 5303 1125 5352 loco
1141 5303 1281 5367 legendum
1299 5313 1349 5357 eat.
1372 5307 1441 5358 Nov.
1459 5311 1504 5361 22.
1531 5325 1588 5374 cap.
1606 5313 1651 5364 27.
1675 5314 1797 5364 τοιοῦτον
1819 5311 1845 5362 δέ
1862 5313 1894 5362 ab
1916 5310 2039 5382 πομπὰν
2056 5308 2261 5379 διαιρήσοντας

374 5370 439 5453 πρὸς
455 5369 580 5436 ἀλλήλους
602 5369 627 5420 ολ
650 5371 825 5440 κεχαρισμένοι
847 5368 938 5424 παῖδες
955 5372 1009 5424 τοῖς
1026 5371 1154 5428 γονεῦσιν,
1175 5369 1223 5434 οὐχ
1240 5370 1265 5422 ολ
1281 5371 1418 5442 ἀχάριστοι
1435 5378 1495 5448 περὶ
1512 5377 1623 5436 τούτους
1640 5379 1807 5444 δεικνύμενοι.
1826 5409 1858 5418 -
1880 5377 1942 5438 τοὺς
1965 5377 2013 5452 γὰρ
2036 5377 2182 5435 τοιούτους
2210 5381 2262 5428 καὶ

373 5453 420 5504 της
443 5437 567 5488 έντεῦθεν
589 5436 710 5497 ὠφελείας
731 5433 927 5506 ἀφαιρούμεθα.
1005 5437 1051 5498 67)
1071 5437 1164 5500 incipit
1180 5440 1227 5488 toi.
1251 5441 1310 5490 iae.
1335 5445 1362 5491 B.
1436 5447 1483 5506 de)
1500 5445 1554 5496 Pro
1572 5445 1598 5502 έε
1615 5448 1671 5512 λσης
1689 5447 1781 5500 codex
1798 5449 1875 5500 habet
1892 5445 1995 5512 ἐξῇπιις,
2082 5445 2128 5512 dli)
2146 5445 2264 5498 Codex

375 5503 437 5555 καθ’
455 5505 591 5572 ὶέαλρπον-
668 5505 716 5570 60)
737 5505 829 5556 Goflex
850 5505 955 5570 retroit·
1032 5501 1078 5566 θλ)
1095 5505 1147 5554 Prii
1164 5507 1312 5576 περιῆλθον
1334 5509 1428 5560 codex
1452 5513 1529 5562 babet
1550 5529 1582 5563 πε
1601 5513 1720 5566 itiam
1801 5515 1847 5578 88)
1874 5518 1933 5566 Vox
1951 5513 1968 5581 ἢ
1985 5515 2063 5566 deest
2084 5517 2111 5563 lu
2126 5511 2262 5564 conice.

375 5571 423 5632 68)
440 5572 531 5622 00661
548 5571 781 5640 δευτερῡνῦνῆθαν·
851 5567 899 5632 64)
915 5569 977 5620 V⁰¹
993 5569 1124 5686 *pituita
1141 5585 1184 5624 tue
1201 5579 1426 5639 interposuisset,
1451 5592 1510 5629 carm
1527 5583 1555 5629 iu
1577 5531 1772 5632 gomcedealt.
1812 5583 1882 5634 Noc.
1899 5585 1943 5633 22.
1964 5595 2019 5646 cap.
2037 5581 2081 5630 29.
2100 5579 2127 5640 S.
2147 5581 2180 5632 l.
2210 5583 2262 5632 καὶ

376 5635 430 5722 pind
445 5639 537 5719 τρέπων
555 5637 586 5690 οὐ
604 5641 768 5689 antenotata
785 5635 881 5722 γάμων.
950 5635 996 5697 tit)
1036 5651 1067 5688 ro
1085 5637 1180 5708 περιόν
1196 5641 1288 5692 codex
1305 5647 1380 5696 babet
1397 5645 1458 5714 περὶ
1474 5638 1533 5728 όν..
1558 5647 1626 5698 lior.
1645 5651 1690 5700 28.
1708 5663 1764 5713 οιιρ.
1782 5651 1826 5700 97.
1845 5652 1871 5711 ς.
1890 5652 1914 5701 1.
1932 5649 1976 5699 καλ
2000 5645 2074 5718 παρὰ
2095 5645 2265 5716 περιόντων

375 5707 559 5826 illiba
577 5705 877 5837 ltttlffilttlltln
895 5704 1270 5842 nillt'lillt‘it
1287 5712 1619 5848 ..λλλεῗλῖἔόῇλῗλη
1636 5719 2118 5854 λλλόῗὶἷ.ό“ιῗ”λὲἓῗιξλῗὲἶὶἶ
2132 5719 2264 5834 ἱῖἵῗῗῖ

374 5860 402 5892 τε
420 5843 583 5906 drepanium.
630 5841 698 5890 Vide
719 5843 787 5895 Nov,
809 5843 854 5892 22.
878 5853 935 5922 bap.
960 5839 1002 5889 ai.
1030 5859 1033 5866 ·
1078 5837 1124 5900 69)
1142 5841 1241 5907 'iscipu
1258 5845 1303 5896 iol.
1324 5849 1381 5897 18³.
1406 5851 1437 5896 Α.
1508 5849 1558 5911 to)
1580 5850 1671 5902 Codex
1691 5852 1837 5922 προγόμου.
1912 5851 2066 5925 Vll-{lodex
2083 5849 2265 5906 ουνώσόου.

374 5911 391 5959 7
438 5911 529 5962 Codex
546 5906 686 5964 dindim-
753 5908 801 5972 78)
817 5909 870 5958 Pro
886 5925 933 5958 τον
951 5907 1041 5959 Codex
1057 5904 1089 5958 τὸ
1107 5909 1193 5960 habel.
1261 5913 1309 5976 74)
1327 5915 1417 5965 Codex
1434 5911 1650 5988 πόσουφρουντσν.
1706 5919 1752 5982 76)
1770 5914 2048 6004 Codexaurabfmait-
2116 5914 2171 5982 ¹7⁸)
2192 5918 2266 5971 Co-

373 5979 427 6030 dex
441 5995 501 6043 οημ.
570 5975 618 6038 77)
636 5976 689 6026 Pro
706 5969 721 6024 ό
738 5973 828 6027 Codex
845 5975 923 6026 habet
940 5971 964 6026 ὅ.
1031 5974 1078 6063 VS.)
1095 5975 1187 6030 codex
1203 5979 1264 6041 περὶ
1280 5985 1453 6047 ποιηθέντων.
1522 5985 1570 6049 79)
1586 5985 1677 6038 Codex
1692 5989 1840 6054 μενουλιίνν.
1931 5978 2057 6087 '333¹'
2365 5991 2367 6020 λ
