4760 7042
344 478 421 554 178
1019 471 1489 550 mommerlo

338 677 395 738 λιιν
422 681 485 746 ταῖς
515 671 662 752 δημοσίαις
673 670 716 751 ¹⁹)
748 664 865 743 ταύταις
891 672 989 744 θίαις,
1022 663 1058 741 άς
1085 667 1252 752 ἔμπροσθεν
1301 667 1445 742 obsculis,
1474 682 1550 740 quae
1575 671 1665 724 antea
1692 661 1837 737 diximus,
1873 669 1904 722 et
1931 680 1969 724 ex
1998 663 2053 740 iis,
2086 681 2166 738 quae
2193 670 2227 724 iu

339 753 463 831 ιίπόντες
490 754 619 837 ε”ηθημεν
646 758 692 816 καλ
719 757 857 832 bredow)
888 753 938 816 ἐπ’
961 751 1116 832 circu-²¹)
1145 754 1251 834 άπηγο·
1301 755 1349 812 his
1371 754 1520 827 prohibita
1540 756 1619 825 suut,
1642 753 1760 823 lacere,
1782 765 1886 808 verum
1913 751 1951 807 ab
1980 751 2058 807 omni
2086 751 2225 808 adhaec

338 846 477 924 ρευμένων
509 853 612 914 ποιεῖν,
646 837 722 902 oillei
750 835 845 918 πάσης
878 834 952 916 πρός
977 845 1070 900 ταῦτα
1097 841 1251 918 μετουσίας
1300 839 1504 897 communione
1524 837 1555 894 in
1578 839 1728 910 posterum
1755 849 1824 892 sese
1845 835 2005 892 abstinere.
2040 837 2124 902 Quae
2145 835 2226 892 euim

338 922 372 988 τό
396 921 497 988 λοιπόν
526 923 696 1005 ἀπέχεσθαι.
739 920 773 985 τό
802 921 857 1004 γάρ
884 915 937 1000 ἤδη
959 920 1131 1004 προειληηὸς
1158 929 1186 986 εί
1202 926 1249 984 καλ
1299 923 1358 980 iam
1386 925 1628 997 praecesserunt,
1664 919 1783 978 etiamsi
1821 924 1852 976 et
1879 919 1955 976 haec
1987 920 2099 992 inquiri
2130 920 2230 978 debe-

338 1010 483 1090 άναζητεῖν
510 1014 593 1089 ἐχρῆν
619 1011 665 1069 καὶ
693 1011 812 1086 μετιέναι
847 1002 1061 1087 προσηκόντως,
1096 1003 1175 1087 όμως
1202 1003 1250 1070 ori
1298 1010 1371 1068 bant
1399 1007 1668 1077 convenienterque
1696 1003 1859 1079 castigari,
1892 1010 1991 1062 tamem
2018 1009 2140 1077 propter
2166 1005 2230 1062 bu·

338 1097 560 1176 quiasuperius
573 1096 619 1174 ²²)
659 1095 868 1172 συγχωροῦμεν,
901 1085 951 1169 τὴν
977 1096 1006 1152 ἐκ
1027 1097 1079 1154 τοῦ
1107 1087 1251 1173 παρόντος
1301 1093 1471 1150 manitatem
1500 1091 1708 1166 indulgemus,
1744 1088 1912 1161 praesentis
1933 1089 2013 1163 legis
2035 1089 2230 1148 observatio-

338 1175 426 1260 νόμου
448 1171 647 1258 παρατήρησιν
673 1172 846 1253 duosam)
885 1179 923 1246 είς
954 1171 1005 1236 τόν
1032 1173 1134 1239 λοιπὸν
1167 1182 1251 1238 ἐπιτι-
1302 1193 1369 1234 uem
1391 1178 1525 1234 omnibus
1546 1177 1578 1232 iu
1600 1179 1750 1247 posterum
1778 1178 1894 1244 tempus
1916 1174 2120 1248 iniungentes.
2162 1176 2228 1232 lte-

337 1268 437 1334 θίντες
449 1261 557 1343 χρόνον.
586 1265 731 1343 προσῆκον
743 1255 798 1339 γάρ
812 1261 888 1321 ἐστὶν
906 1256 1004 1332 αὐτοῖς
1015 1265 1155 1341 νηστείαις
1167 1261 1197 1323 ri
1206 1261 1252 1340 ²⁴)
1304 1266 1352 1319 cet
1378 1263 1456 1318 enim
1490 1277 1543 1318 eos
1577 1259 1699 1316 ieiuniis
1730 1262 1760 1314 et
1791 1259 1909 1333 vigiliis
1937 1262 1967 1316 et
1996 1259 2226 1316 exercitationi-

337 1351 386 1410 καὶ
413 1344 591 1428 ipsismet)
620 1347 668 1406 xci
696 1355 760 1416 ταῖς
786 1339 926 1422 άσκὴσεσι
952 1349 1011 1405 τῶν
1037 1349 1126 1408 θείων
1153 1348 1254 1426 λογίων
1303 1349 1361 1404 bus
1401 1347 1433 1403 ln
1474 1345 1584 1402 divinis
1620 1342 1750 1400 oraculis
1783 1347 1814 1399 et
1844 1343 2004 1414 precibus,
2052 1359 2129 1414 quae
2173 1359 2227 1415 pro

235 1435 238 1440 '
337 1435 385 1494 καλ
412 1441 475 1502 ταῖς
502 1427 573 1509 όπὲρ
601 1425 715 1491 πάντων
742 1423 886 1510 σχολάζειν
913 1426 1020 1510 εὐχαῖς,
1049 1425 1121 1492 itti
1150 1434 1196 1492 καὶ
1206 1431 1253 1507 ²⁸)
1307 1430 1442 1488 omuibus
1477 1431 1566 1503 liunt,
1604 1443 1730 1502 vocare,
1775 1443 1878 1485 verum
1908 1443 2005 1499 neque
2031 1427 2078 1486 uls
2111 1428 2229 1486 relictis

336 1520 429 1578 ταῦτα
456 1509 720 1592 καταλιμπάνοντας
745 1518 803 1574 τῶν
823 1508 991 1574 παντάπασι
1011 1511 1137 1596 βεβήλων
1158 1515 1187 1576 ri
1208 1517 1255 1576 καλ
1306 1515 1413 1588 omnis,
1435 1529 1511 1588 quae
1531 1514 1658 1571 maxime
1679 1514 1804 1585 protana
1824 1513 2031 1584 prohibitique
2049 1517 2127 1582 sunt,
2149 1527 2230 1570 cou-

336 1598 567 1682 άπηγοριυμίνων
593 1591 752 1658 ἅπτεσθαι.
791 1591 879 1658 ταύτό
908 1597 937 1657 oi
963 1605 1048 1660 τοῦτο
1082 1599 1255 1677 θεσπίζομεν
1306 1604 1444 1657 trectare.
1487 1602 1552 1657 lloc
1579 1599 1657 1655 idem
1688 1598 1778 1654 etiam
1805 1597 1837 1653 in
1863 1597 1989 1668 reliquis
2010 1596 2130 1656 clericis
2151 1613 2229 1654 san-

337 1687 386 1746 καλ
406 1685 452 1745 ἐπί
473 1685 529 1743 τόν
550 1683 656 1742 λοιπῶν
676 1682 829 1759 κληρικιόν,
850 1678 1046 1744 όποόιακόνων
1066 1683 1097 1746 τό
1117 1686 1165 1745 καλ
1186 1682 1255 1745 άνα-
1306 1684 1418 1758 cimus,
1456 1683 1678 1756 hypodiaconos
1708 1681 1835 1738 dicimus
1861 1681 2060 1757 lectoresque,
2100 1697 2168 1739 cum
2201 1690 2229 1738 et

337 1771 471 1850 γνωστόν
492 1768 601 1844 φαμέν,
622 1763 759 1846 οἵπερλλ)
786 1767 834 1827 καλ
855 1763 936 1828 circi
957 1771 1009 1847 τῆς
1028 1789 1061 1829 τι
1089 1773 1167 1850 ίερᾶς
1187 1789 1254 1848 τρα-
1304 1769 1364 1841 ipsi
1386 1783 1491 1826 sacrae
1511 1783 1632 1825 mensae
1660 1769 1691 1822 et
1711 1767 1806 1823 omnis
1828 1755 1910 1824 circa'
1936 1765 2145 1824 sanctissimas
2173 1782 2228 1823 ec-

338 1853 421 1932 πέζης
446 1851 494 1910 καλ
520 1843 629 1920 παντὸς
655 1852 707 1910 τοῦ
733 1852 799 1931 περ)
833 1846 886 1922 τότε
917 1846 1078 1933 ἁγιωτάτας
1106 1855 1255 1934 ἐκκλησίας
1307 1854 1417 1911 elesius
1446 1856 1568 1910 ornatus
1597 1850 1753 1909 constituti
1781 1851 1844 1908 siut
1878 1849 2007 1909 ministri
2037 1855 2069 1907 et
2096 1851 2224 1924 operarii

337 1931 446 2015 κόσμου
476 1933 712 2014 nasonicum)
740 1932 881 2016 όπουργοί
907 1958 938 1998 τε
958 1937 1005 1997 καλ
1025 1933 1172 2018 ὑπηρέται,
1209 1939 1258 1999 καλ
1307 1937 1467 2010 divinaque
1488 1942 1652 1994 tractantes
1675 1936 1793 2007 eloquia
1820 1935 1981 2010 religiosas
2003 1935 2090 1994 uobis
2113 1951 2155 1994 ex
2175 1951 2225 1992 sa·

335 2017 376 2083 τά
398 2025 466 2080 θεῖα
487 2013 740 2100 μεταχειριζόμενοι
766 2014 849 2100 λόγια
876 2014 929 2092 τάς
957 2016 1033 2100 ἱεράς
1056 2019 1121 2100 ἡμῖν
1148 2027 1257 2084 ἐκτῶν
1307 2022 1367 2079 eris
1389 2021 1499 2079 nostris
1528 2023 1613 2080 libris
1642 2035 1713 2094 pars
1734 2021 1839 2094 legant
1860 2021 2044 2094 scripturas,
2071 2035 2146 2092 pars
2168 2021 2226 2092 by·

336 2101 444 2184 εόαγοῑν
464 2099 544 2183 ἡμῶν
564 2104 680 2184 βιβλίων
709 2109 739 2164 ol
756 2103 807 2184 μλν
826 2099 1049 2185 ἀναγινώσκουσι
1059 2105 1104 2185 ²⁹)
1132 2101 1256 2188 γραφάς,
1294 2121 1391 2165 'moos
1419 2111 1535 2164 canant.
1596 2105 1629 2179 §-
1651 2103 1680 2161 ά.
1715 2105 1750 2162 si
1771 2105 1839 2177 quis
1867 2117 1940 2162 vero
1969 2105 2007 2162 dc
2027 2105 2147 2176 reliquo
2168 2105 2224 2162 tale

335 2193 366 2252 ol
389 2188 419 2249 oi
446 2185 582 2268 ὑμνοῦσιν
609 2181 756 2264 sotim).
804 2191 827 2265 §.
850 2182 878 2253 4.
900 2193 939 2251 Εἰ
957 2192 990 2250 oi
1008 2189 1103 2266 vve³¹l
1126 2197 1178 2252 τοῦ
1199 2194 1256 2252 λοι·
1307 2189 1377 2264 quid
1406 2193 1508 2248 facere
1536 2189 1740 2263 deprehensus
1770 2190 1828 2262 sit,
1863 2190 1977 2262 hocque
2006 2190 2098 2247 etiarn
2119 2190 2152 2246 in
2172 2190 2224 2246 lrae

335 2278 395 2335 ποῦ
415 2267 546 2334 τοωῦτόν
563 2270 643 2349 11³²)
672 2268 808 2354 πράττων
829 2276 930 2354 ηανείη
956 2275 1003 2335 καλ
1023 2277 1255 2357 προσαγγελθείη
1305 2275 1390 2333 felici
1411 2277 1534 2332 civitate
1554 2273 1707 2332 sanctitati
1727 2280 1798 2332 tuae
1812 2273 1942 2332 delatum
1963 2274 2014 2348 sit,
2035 2274 2088 2332 vel
2108 2274 2141 2333 in
2155 2289 2225 2346 pro-

335 2360 423 2420 τοῦτο
450 2355 554 2436 saiw)
576 2351 651 2418 κατά
678 2352 785 2438 ταύτην
812 2355 864 2440 τόγν
884 2355 1037 2438 εόόαίμονα
1058 2359 1141 2422 πόλιν
1161 2365 1196 2440 τῇ
1218 2365 1255 2440 σῇ
1305 2359 1415 2418 vinclis
1437 2361 1500 2434 his,
1529 2359 1580 2432 qui
1610 2361 1666 2416 sub
1687 2373 1723 2416 aa
1745 2359 1899 2416 constituti
1920 2365 2006 2430 sunt,
2036 2359 2095 2416 liei
2123 2374 2224 2416 amau-

337 2435 480 2524 άγιωσόνη
507 2436 525 2520 ἢ
554 2436 629 2502 κατά
656 2435 710 2514 τόις
731 2443 868 2523 ἐπαρχίας
889 2454 949 2514 τοῖς
970 2441 1019 2504 ἐπ’
1031 2443 1077 2521 ³⁴)
1100 2440 1189 2524 αὐτὴν
1211 2467 1254 2507 τε·
1304 2445 1430 2502 tissimls
1451 2444 1685 2517 metropolltanis
1705 2443 1887 2516 reliquisque
1908 2443 2075 2516 episcopis,
2107 2459 2225 2515 quemn

336 2529 485 2608 ταγμένοις
512 2522 748 2606 θεοηιλεστάτοις
774 2530 997 2626 μητροπολίταις
1024 2529 1072 2590 καλ
1102 2524 1169 2602 τοὺς
1198 2531 1254 2591 λοι·
1305 2529 1521 2588 ordinationem
1546 2535 1616 2586 tuae
1645 2529 1839 2586 beatitudiuis
1867 2529 1956 2586 sedes
1979 2529 2072 2603 mett,
2100 2529 2224 2600 talisque

336 2609 410 2684 ποὺς
430 2605 671 2689 ocustarum),
693 2600 733 2672 όν
753 2632 805 2691 την
825 2613 996 2693 χειροτονίαν
1017 2609 1033 2674 ό
1056 2617 1107 2694 τῆς
1129 2619 1182 2693 σῆς
1201 2637 1256 2694 μα·
1305 2614 1407 2688 aliqua
1427 2613 1583 2672 accusatio
1604 2613 1812 2687 supervenerit
1839 2614 1890 2670 vel
1921 2613 2050 2672 diacono
2076 2612 2123 2668 vel
2151 2629 2224 2686 pre-

337 2689 507 2778 καριότητος
535 2705 659 2756 ποιεῖται
684 2689 809 2777 θρόνος,
843 2698 890 2757 καλ
922 2693 1039 2778 τοιαότη
1067 2701 1110 2770 τλς
1138 2701 1256 2760 ἐπέλθοι
1306 2701 1428 2772 sbytero
1439 2700 1590 2771 multoque
1613 2699 1711 2773 magis
1732 2699 1784 2754 uui
1797 2713 1837 2756 ex
1856 2697 1912 2756 liei
1929 2697 2136 2754 amantissimis
2153 2697 2223 2769 epi-

337 2785 446 2864 μέμψις
466 2775 483 2859 ἢ
505 2775 626 2856 διακόνῳ
647 2773 665 2859 ἢ
687 2781 870 2861 πρεσβυτέρῳ
891 2782 939 2842 καλ
958 2783 1057 2860 πολλῷ
1075 2785 1183 2862 μᾶλλον
1202 2785 1255 2844 τιν)
1305 2785 1420 2858 acopis,
1454 2789 1507 2842 tua
1526 2783 1678 2843 beatitudo
1705 2783 1770 2855 bic,
1793 2786 1824 2840 et
1844 2783 1875 2840 in
1896 2782 2071 2855 provinciis,
2095 2784 2143 2854 qui
2163 2782 2222 2838 sub

338 2870 397 2928 τῶν
425 2858 659 2943 θεοφιλεστάτων
686 2859 862 2940 ἐπισκόπων,
889 2861 940 2944 τὴν
968 2862 1023 2946 σὴν
1043 2870 1185 2928 ἐνταυθοῖ
1200 2890 1255 2949 μα·
1307 2873 1337 2926 te
1362 2867 1454 2941 positi
1483 2871 1554 2925 sunt
1580 2869 1637 2926 liei
1665 2867 1861 2924 amentissimi
1881 2867 2101 2940 metropolitani
2126 2867 2224 2938 iisque

338 2943 497 3031 καριότητα
507 2946 613 3026 uiam)
627 2959 691 3021 ταῖς
702 2950 850 3030 ἐπαρχίαις
866 2945 933 3022 τοὺς
944 2947 1003 3012 ini
1020 2949 1052 3014 oi
1064 2947 1257 3032 θεοφιλεστά-
1307 2952 1435 3012 subiecti
1465 2953 1598 3026 episcopi
1626 2953 1702 3010 haec
1730 2966 1798 3008 cum
1825 2951 1904 3010 omui
1932 2952 2093 3028 diligentia
2113 2967 2225 3008 sacun-

338 3055 407 3108 τους
434 3033 646 3114 μητροπολίτας
681 3035 730 3094 καλ
756 3029 822 3106 τοὺς
855 3031 907 3096 ὑπ’
943 3031 1050 3108 αὐτοὺς
1084 3031 1257 3110 ἐπισκόπους
1307 3037 1377 3095 dum
1404 3037 1565 3095 sacerdotii
1600 3037 1731 3094 ordinem
1765 3040 1909 3109 quaerant
1935 3041 1966 3093 et
1991 3041 2226 3110 perscrutentur,

337 3121 433 3180 redsa
455 3113 508 3180 σὺν
529 3114 657 3199 ἀκριβείᾳ
677 3113 757 3198 adep
776 3113 852 3180 κατὰ
880 3113 931 3199 τὴν
952 3125 1003 3200 τῆς
1024 3115 1178 3202 ιἰρωσόνης
1207 3117 1257 3183 τά·
1306 3138 1404 3196 meque
1425 3123 1640 3179 defunctoriam
1663 3122 1775 3178 saciant
1796 3121 2029 3194 inquisitionem,
2050 3136 2158 3178 verum
2179 3133 2228 3177 et-

338 3201 382 3279 ξιν
403 3202 560 3282 ζητεῖνκαὶ
586 3199 755 3282 ἀνερωτᾶν,
780 3201 907 3283 μηδλῧῖ)
937 3201 1081 3286 πάρεργον
1106 3212 1258 3268 ποιεῖσθαι
1308 3207 1369 3266 lam
1390 3211 1484 3264 testes
1505 3207 1564 3264 ilde
1585 3206 1693 3280 dignos
1720 3206 1843 3263 audiant
1870 3221 1924 3278 per
1945 3221 2119 3278 omnemque
2149 3205 2227 3262 viam

338 3283 393 3368 τὴν
420 3285 562 3362 ἐξέτασιν,
588 3282 664 3348 itti
688 3289 736 3348 καλ
763 3283 917 3390 μαρτόρων
944 3286 1118 3362 ἀξιοπίστων
1146 3285 1258 3352 άκοόειν
1306 3292 1482 3366 procedant,
1503 3295 1536 3348 ut
1557 3293 1714 3348 veritatem
1734 3295 1848 3348 eruant.
1878 3289 2128 3361 Quemadmodum
2151 3290 2228 3347 euim

337 3373 389 3434 καλ
415 3367 462 3432 ori
489 3365 585 3450 πάσης
612 3368 682 3433 όόοῦ
708 3383 823 3454 χωρεῖν,
850 3393 926 3434 ωστε
954 3368 989 3435 τό
1017 3371 1125 3454 ἀληθὲς
1154 3376 1257 3456 λαβεῖν.
1307 3377 1384 3450 ipsis
1414 3377 1487 3434 talia
1514 3377 1736 3451 interdicimus,
1770 3375 1814 3432 ita
1840 3381 1873 3434 et
1902 3375 2080 3433 calumniam
2117 3375 2186 3432 deri
2212 3389 2230 3429 a

340 3449 440 3535 ὥσπερ
462 3449 517 3536 γάρ
539 3451 644 3528 αότοός
664 3461 722 3518 τῶν
742 3451 877 3519 τοιοότων
898 3453 1092 3539 εἴργομενθθ),
1114 3453 1190 3520 οὕτω
1210 3461 1258 3522 καλ
1308 3461 1483 3534 quibusdam
1502 3461 1703 3534 prohibemus.
1743 3461 1792 3518 Ac
1814 3461 1843 3518 si
1864 3460 1997 3532 undique
2018 3459 2231 3532 disquisitione

341 3546 589 3616 συκοφαντεῖσθαι
619 3535 702 3622 παρά
736 3545 818 3603 τινοῖν
851 3537 1004 3624 κωλύομεν.
1038 3545 1086 3606 καί
1114 3539 1257 3627 πανταχό-
1309 3545 1422 3603 divinis
1450 3545 1612 3619 propositis
1644 3545 1812 3619 evangeliis
1844 3547 1927 3602 lacta
1953 3545 2129 3616 apparuerit
2161 3544 2231 3600 dis-

339 3621 449 3702 θενὸθ)
477 3627 529 3703 τῆς
561 3619 715 3698 ἐξετάσεως
742 3631 800 3687 τῶν
827 3628 916 3688 θείων
943 3632 1131 3710 προκειμένων
1159 3629 1261 3710 λογίων
1311 3630 1499 3703 quisitlonem
1520 3645 1592 3687 vere
1612 3645 1647 3687 se
1668 3629 1789 3704 babere,
1817 3630 2035 3701 convictusque
2057 3629 2100 3686 sit
2122 3629 2231 3686 maco-

339 3710 482 3792 γινομίνης
502 3705 622 3788 άληθῶς
642 3707 711 3792 ἔχειν
731 3707 872 3792 ἡμίμψις
888 3715 988 3814 ησνιίη
1008 3715 1056 3776 καλ
1073 3711 1260 3795 ἀποδειχθείη
1311 3730 1368 3773 nur
1404 3721 1456 3774 aut
1488 3715 1645 3789 presbyter
1671 3713 1721 3771 vel
1748 3714 1862 3772 aleator
1887 3728 1957 3772 esse
1982 3713 2034 3770 vel
2064 3713 2235 3771 aleatorum

340 3787 469 3864 διάκονος
495 3788 514 3870 ἢ
542 3789 789 3873 πρεσβότεροςω)
818 3796 997 3876 κυβιυων4ῑ)
1028 3793 1258 3878 quaererem)
1309 3793 1478 3874 particeps,
1505 3804 1558 3857 aut
1584 3799 1694 3857 talibus
1720 3798 1903 3856 vanitatibus
1929 3797 2066 3856 assidere
2097 3803 2157 3856 aut
2177 3813 2235 3854 su-

340 3888 402 3949 τοῖς
427 3871 592 3958 κυβιόουσιν
622 3873 640 3957 ἢ
669 3889 733 3951 ταῖς
760 3875 905 3954 τοιαόταις
933 3878 1179 3964 παρακαθήμενος
1204 3906 1258 3964 μα·
1309 3883 1452 3958 predictis
1472 3884 1654 3956 spectaculis
1668 3883 1825 3959 iuteresse,
1847 3889 1901 3942 aut
1916 3883 2098 3941 euanrorte
2120 3882 2237 3955 aliquia

339 3957 487 4040 ταιότησιν
508 3956 526 4041 ἢ
549 3973 614 4034 ταῖς
633 3967 793 4042 εἰρημέναις
813 3961 1007 4046 παραβάλλων
1027 3971 1125 4041 θέαις,
1165 3963 1185 4044 ἢ
1210 3969 1259 4030 καλ
1310 3984 1349 4026 ex
1378 3968 1436 4028 liei
1464 3969 1675 4026 amantissimis
1707 3969 1812 4043 (quod
1836 3968 1953 4040 quidem
1982 3983 2081 4042 meque
2110 3969 2237 4025 omnino

340 4044 411 4117 ἴσως
431 4046 474 4117 τίς
494 4049 552 4108 τῶν
572 4043 806 4150 θεοηιλεστάτων
823 4045 985 4113 ἐπισκόπων
1008 4046 1094 4134 (ὅπερ
1115 4047 1180 4112 cidi
1200 4049 1259 4114 ε’σε-
1309 4057 1484 4111 eventurum
1513 4069 1582 4112 esse
1610 4053 1801 4129 confidimus)
1828 4053 1890 4111 tale
1917 4052 1997 4125 quod
2021 4053 2236 4125 spectaculum

342 4137 419 4192 σθαι
438 4125 606 4208 πιστεόομεν
627 4131 715 4210 ολως)
744 4128 875 4215 τοιαότης
902 4131 979 4208 τινός
998 4133 1157 4218 άνόοχηται
1185 4141 1259 4210 θέας
1310 4153 1433 4195 cernere
1454 4137 1602 4195 sustineat
1626 4142 1680 4196 aut
1705 4153 1773 4196 cum
1803 4138 1985 4195 aleatoribus
2012 4137 2062 4194 vel
2092 4137 2239 4196 assidere

340 4209 360 4294 ἦ
388 4225 449 4286 τοῖς
475 4209 637 4294 κυβεόουσιν
666 4212 684 4297 ἢ
712 4225 977 4300 προσκαθεσθῆιαι
1004 4223 1052 4282 καλ
1081 4222 1258 4283 συιδιατίθε·
1308 4223 1359 4280 vel
1380 4221 1551 4280 conversari
1572 4223 1610 4280 ds
1631 4227 1730 4280 cetero
1751 4237 1844 4280 ausus
1865 4223 1976 4298 tuerit,
2014 4222 2101 4280 bunc
2132 4223 2241 4280 statim

341 4304 419 4360 σθαι
448 4303 500 4360 τοῦ
533 4300 634 4360 λοιποῦ
664 4297 838 4383 θαρρήσειεν
846 4303 908 4384 ⁴³),
941 4305 993 4368 τόν
1013 4311 1141 4368 τοιοῦτον
1167 4303 1259 4379 εὐθὺς
1308 4321 1328 4362 a
1362 4310 1415 4364 tua
1440 4305 1624 4366 beatitudine
1656 4308 1707 4365 vel
1740 4323 1760 4364 a
1785 4307 2010 4381 metropolitano
2041 4307 2094 4364 vel
2125 4325 2149 4365 a
2182 4305 2244 4366 mei

341 4377 399 4446 ὑπό
420 4387 472 4464 τῆς
494 4387 547 4464 σῆς
565 4381 775 4466 μακαριότητος
795 4384 812 4490 όγ
840 4384 897 4450 tsi
924 4393 976 4451 τοῦ
1001 4393 1211 4472 μητροπολίτσυ
1238 4385 1257 4472 ἢ
1308 4391 1511 4448 amantissimo
1538 4392 1693 4466 episeopo,
1715 4393 1771 4450 sub
1798 4407 1856 4464 quo
1877 4391 1994 4465 positus
2014 4395 2082 4464 est,
2113 4394 2147 4450 si
2165 4391 2244 4466 qui-

341 4471 394 4530 τοῦ
409 4491 440 4546 χε
460 4463 690 4547 θεοφιλεστάτου
709 4475 875 4551 έπισκοπου,
896 4471 951 4554 ὑφ’
968 4467 1002 4536 όν
1016 4479 1156 4550 τέτακται,
1179 4474 1257 4556 εἴπερ
1307 4474 1374 4532 dem
1396 4477 1503 4548 aliquis
1526 4476 1567 4532 sit
1587 4492 1626 4535 ex
1641 4477 1821 4549 supradictis
1850 4477 1991 4552 clericis,
2014 4492 2035 4532 a
2054 4491 2153 4534 sarno
2176 4477 2246 4534 mi-

341 4550 441 4632 τλς44)
463 4557 520 4614 τῶν
542 4556 690 4634 εἰρημένων
717 4553 758 4636 εἴη
779 4558 931 4638 κληραιῶν,
959 4563 1010 4638 τῆς
1029 4563 1108 4640 ἱερᾶς
1128 4557 1257 4660 άρσρίζι-
1307 4559 1430 4618 misterio
1457 4560 1607 4634 separari,
1640 4563 1728 4634 eique
1755 4561 1865 4634 imponi
1892 4561 2067 4619 eanonicam
2090 4576 2244 4635 poenam,

342 4643 419 4698 σθαι
439 4639 626 4720 λειτουργίας,
653 4642 843 4704 ίπιτέθεσθαί
866 4665 898 4704 τι
934 4639 1013 4718 airu
1034 4665 1180 4706 κανονικον
1200 4648 1258 4705 inr-
1307 4648 1483 4718 tempusque
1516 4645 1650 4720 deliniri,
1693 4647 1771 4704 lutra
1803 4645 1882 4720 quod
1908 4645 2083 4718 conveniat,
2127 4645 2247 4719 ipsum

341 4723 448 4802 τίμιον,
475 4723 523 4782 καλ
555 4719 706 4805 ὁρίζεσθαι
732 4723 849 4808 χρόνον,
881 4717 969 4806 οὗπερ
1005 4723 1085 4800 έντός
1112 4732 1258 4808 προσῆκον
1308 4729 1431 4788 ieiuniis
1462 4735 1493 4788 ct
1526 4731 1794 4804 supplicationibus
1827 4729 1958 4789 deditum
1991 4745 2137 4806 maguum
2180 4743 2250 4804 pro

341 4807 432 4880 doctr,
460 4800 549 4868 αότόν
569 4811 700 4887 νηστείας
720 4832 751 4872 τε
772 4813 820 4873 καλ
840 4812 956 4882 ἱκεσίαις
975 4805 1119 4913 χριόμενον
1138 4807 1191 4873 τόν
1210 4815 1257 4893 με’-
1307 4813 1361 4872 tall
1381 4819 1504 4888 peccato
1525 4815 1687 4890 propitiare
1714 4818 1819 4875 Beum.
1858 4817 1907 4873 Ac
1933 4815 1962 4873 sl
1989 4831 2045 4888 per
2070 4813 2250 4875 reunitum

340 4911 395 4970 γαν
415 4885 620 4963 ἐξιλάσκεσθαι
639 4890 712 4957 θεὸν
733 4891 804 4976 ὑπὲρ
832 4899 885 4956 τοῦ
905 4915 1035 4956 τοιουτου
1054 4885 1257 4978 πλημμελήμα·
1307 4901 1425 4974 tempus
1449 4897 1495 4978 is,
1524 4900 1577 4976 qul
1606 4899 1695 4960 mum
1723 4914 1848 4979 poenum
1875 4899 2021 4979 susolpit,
2042 4907 2254 4978 permaneat,

342 4994 401 5047 τος.
441 4974 490 5035 καλ
515 4977 544 5036 ai
568 4976 619 5056 μλν
644 4980 691 5042 dri
718 4974 770 5043 τόν
790 4977 949 5061 ὁρισθέντα
967 4973 1070 5060 χρόνον
1089 4978 1106 5043 ὁ
1128 4986 1257 5044 τοιοῦτον
2240 5017 2243 5022 ·

393 5346 406 5358 .
494 5276 542 5338 19)
557 5279 612 5330 Pro
629 5277 765 5360 δημοσίαις
781 5281 853 5344 Aug.
871 5281 951 5334 babet
967 5279 1102 5350 όημιόδεσι.
1137 5285 1180 5338 ni
1197 5288 1347 5352 marginem
1363 5288 1437 5339 ilun-
1454 5285 1619 5352 aucupium
1636 5290 1680 5339 esi
1700 5305 1742 5356 γρ.
1758 5286 1804 5338 καὶ
1819 5287 1879 5346 ταῖς
1894 5283 2029 5354 ospitem.
2115 5287 2180 5352 20)
2198 5289 2258 5342 Pro

343 5359 422 5394 τινων
437 5345 509 5411 Aug.
526 5347 608 5398 habet
622 5347 651 5398 ri
667 5353 732 5430 τωχί
778 5401 780 5406 ,
811 5347 859 5405 21)
877 5348 925 5400 ὄπ’
942 5349 1037 5408 αὐταῖς
1052 5354 1124 5418 Aug·
1209 5356 1257 5415 22)
1274 5357 1328 5406 Pro
1345 5355 1548 5426 φιλανθρωπίαν
1564 5357 1637 5420 Aug.
1654 5357 1735 5405 babet
1751 5354 1882 5413 σιλτὶνόαν.
1966 5355 2015 5414 23)
2030 5347 2159 5410 ἔπαυεν
2178 5360 2259 5424 Aug.

342 5411 524 5478 94)ττΔ113.
626 5414 674 5473 2³)
690 5415 806 5476 aporiare
822 5417 895 5480 Aug·
929 5421 1008 5486 Apud
1025 5421 1094 5472 hauc
1110 5435 1205 5473 vocem
1222 5423 1256 5472 ad
1274 5427 1423 5484 marginem
1439 5424 1556 5474 additum
1572 5431 1615 5473 est
1631 5419 1798 5492 άγηυπυλαις.
1898 5423 1947 5484 ao)
1962 5423 2017 5472 Pro
2034 5423 2089 5472 sad
2110 5425 2203 5491 Aug.
2222 5423 2259 5494 ,ᾖ

342 5479 433 5531 babet.
466 5485 562 5541 ltecte.
645 5483 692 5542 2⁷)
709 5483 763 5534 l’ro
780 5481 855 5555 uturp
872 5487 943 5551 Aug.
960 5485 1033 5560 εἴπερ
1049 5489 1137 5552 babet,
1154 5496 1183 5540 in
1200 5493 1293 5540 variis
1309 5491 1387 5540 lieet.
1405 5496 1493 5542 tamen
1516 5491 1587 5540 idem
1609 5494 1714 5542 notavit
1736 5486 1820 5562 οἵπερ.
1894 5491 1942 5551 28)
1965 5493 2160 5546 κσθεστῦινιιι
2181 5499 2261 5560 Aug.

342 5547 391 5606 29)
406 5545 625 5635 άνσγιιάχπουσιν
641 5552 713 5632 βας.
787 5551 834 5611 30)
851 5547 917 5612 dide
933 5557 1005 5620 Aug.
1078 5559 1125 5618 ut)
1143 5555 1167 5608 εἰ
1183 5557 1210 5608 di
1228 5557 1268 5616 τλς
1284 5559 1357 5622 Attg.
1424 5559 1470 5614 82)
1487 5559 1594 5608 τοιοῦτο
1610 5575 1638 5609 τι
1655 5561 1728 5624 Aug.
1811 5559 1860 5618 88)
1875 5559 1929 5613 Pru
1945 5557 1990 5609 aui
2007 5559 2090 5624 Aug.
2120 5557 2138 5578 “
2160 5564 2263 5614 mer.

343 5614 392 5674 dd)
409 5615 462 5668 Pro
479 5617 514 5668 ἐπ
544 5619 617 5680 Aug.
633 5615 684 5669 κατ’
703 5619 792 5670 habet.
876 5623 923 5683 db)
940 5626 996 5680 τοῖς
1012 5624 1115 5683 λοιποῖς
1130 5623 1283 5682 ἐπισκόποις
1300 5627 1371 5689 Aug.
1456 5626 1503 5686 su)
1517 5627 1572 5678 Pro
1588 5623 1636 5676 κάν
1652 5628 1724 5688 Aug.
1742 5626 1823 5677 babet
1838 5627 1891 5679 καί.
1978 5625 2027 5684 87)
2047 5579 2160 5696 μή
2181 5633 2264 5698 Aug.

342 5683 393 5742 ³⁸)
410 5680 527 5766 τῗηνονητ
542 5686 615 5734 Mon·
683 5688 730 5746 ³9)
747 5685 772 5737 εἰ
786 5689 959 5752 πανταχόθεν
976 5693 1048 5758 Aug.
1082 5695 1177 5744 Recte.
1245 5692 1292 5753 40)
1309 5693 1363 5745 Pro
1380 5691 1553 5766 πρεσβύτερος
1569 5696 1641 5762 Aug.
1658 5695 1739 5748 babet
1753 5696 1856 5766 πέτρος.
1917 5694 1967 5756 dl)
1983 5688 2000 5759 ἢ
2017 5693 2164 5760 κυβεύειν
2183 5703 2264 5766 Δις,

324 5749 392 5812 fl)
407 5769 532 5804 καινωνννν
548 5752 619 5819 sug.
702 5755 750 5817 ίλθ)
768 5755 911 5828 θαρρῆσαι
929 5760 1001 5820 Aug·
1068 5760 1120 5820 ts)
1136 5761 1209 5832 εἴπερ
1224 5759 1265 5821 τός
1280 5761 1352 5835 Aug.
