4824 7048
380 552 461 624 τοο
817 531 1067 620 suuntur
1103 547 1174 618 oc
1202 544 1461 617 incuntis
1495 541 1839 616 cuicuinus

384 747 436 823 λῆς
464 741 638 825 ἀναγίνωσκε
674 737 779 824 ταάτην
803 745 851 806 καλ
885 741 946 804 odo
975 745 1041 824 περλ
1068 745 1126 804 τάν
1152 733 1292 820 μητρῴαν
1341 740 1481 813 istnmes,
1511 755 1614 796 verum
1636 739 1673 796 da
1694 739 1759 813 his,
1783 753 1865 811 ,quae
1886 737 1915 796 ei
1936 735 2124 796 extrinsecus
2145 735 2261 809 adqui-

384 827 560 910 πραγμάτοιν
585 832 636 890 τοῦ
663 831 794 907 κληρικοῦ
822 834 915 890 ταῦτα
944 830 1096 908 λέγεσθαι,
1128 822 1204 886 ἀλλὰ
1226 827 1292 906 περὶ
1340 829 1456 884 initur.
1499 825 1539 882 ut
1568 823 1647 882 anitii
1676 841 1766 897 supra
1787 823 1932 898 didicisti,
1961 839 2013 897 ea,
2041 839 2119 895 quae
2140 823 2260 880 tiberi-

384 918 441 976 τοῖν
469 917 661 994 έπικτονμίναν
690 913 778 989 αὐτῷ.
820 908 920 992 ὥσπερ
942 913 997 992 γάρ
1018 910 1151 990 ἀνωτέρω
1172 908 1289 990 ἔμαθες,
1340 910 1426 966 litate
1448 909 1585 966 fortunae
1606 909 1657 966 vel
1677 909 1828 966 laboribus
1859 910 1924 966 suis
1955 925 1974 964 a
2001 907 2062 966 ttlio
2089 908 2260 979 adquirun-

383 992 439 1070 ὅτι,
468 993 529 1059 ὅσα
558 993 618 1060 άιιό
647 1000 807 1078 φιλοτιμίας
833 1003 890 1075 ’τῆς
911 992 995 1076 τάχης
1017 992 1035 1076 ἢ
1056 990 1191 1074 καμάταν
1214 989 1306 1056 δίαιτ’
1340 999 1405 1068 tur,
1442 995 1520 1050 inter
1556 989 1783 1071 άιιρυσνιόριστα
1815 995 1938 1076 reterri,
1973 1008 2030 1050 nec
2060 993 2099 1049 ile
2126 994 2175 1049 liis
2206 996 2259 1048 te-

383 1079 490 1154 ὁιιαῖς
510 1077 652 1161 κτήσεται,
673 1075 899 1163 άπροσνιάριστά
919 1079 1044 1160 είσιῡθ),
1073 1082 1120 1141 καί
1147 1077 1181 1140 οά
1203 1081 1289 1140 διατί-
1340 1083 1518 1136 stamentnin
1540 1079 1577 1134 ab
1591 1093 1628 1136 eo
1649 1079 1736 1135 condi
1759 1093 1858 1150 posse,
1878 1080 1921 1135 ita
1935 1084 1967 1134 et
1987 1095 2026 1134 ex
2047 1079 2105 1134 liae
2126 1077 2259 1136 Novella

383 1163 473 1228 θεταί
489 1165 536 1228 δι’
553 1165 660 1241 αὐτοῖς,
678 1161 754 1228 σάτα
768 1169 814 1227 καί
828 1172 857 1226 αι
878 1160 983 1243 ταύτης
1004 1171 1055 1244 τής
1075 1170 1179 1244 νεαρᾶς
1198 1159 1288 1240 μάθε,
1340 1165 1450 1236 discas,
1472 1179 1517 1238 ea,
1540 1179 1616 1234 quae
1642 1164 1837 1235 undecunque
1858 1164 1976 1220 clericis
1998 1162 2206 1236 adquiruntur,
2226 1163 2260 1220 ia

380 1245 429 1314 ’ὅτι
449 1245 485 1312 τά
507 1248 738 1331 ὁθινδήποτεθθ)
760 1244 933 1326 ίιιικτάμενα
959 1261 1019 1320 τοῖς
1039 1249 1233 1331 κληροιοϊςθῑ)
1256 1245 1291 1309 οὐ
1342 1265 1458 1322 eorum,
1487 1264 1564 1321 quae
1585 1242 1811 1326 άνιροσσόριστα
1838 1248 1990 1317 dicuntur,
2023 1262 2177 1304 numerum
2199 1261 2258 1304 nuu

383 1336 589 1410 ιιίνιτοοσινθθ)
621 1340 659 1408 είς
684 1334 928 1414 άιιροσιιορίστονι
956 1331 1050 1406 τάξιν,
1088 1332 1157 1395 ἀλλ’
1186 1329 1291 1394 άσανελ
1342 1333 1464 1404 cadere,
1493 1349 1596 1390 verum
1627 1333 1705 1390 inter
1743 1347 1792 1388 res
1827 1333 1914 1404 quasi
1942 1337 2113 1390 castrenses
2139 1331 2259 1390 retent.

382 1423 556 1497 acceptioni
570 1418 617 1500 ⁰³)
649 1419 812 1500 λογίζονται
861 1414 1064 1480 διαλλάττουσι
1092 1418 1121 1480 di
1152 1421 1199 1479 καλ
1233 1423 1291 1478 τῶν
1341 1419 1486 1476 illiserunt
1506 1423 1605 1474 autem
1627 1433 1646 1472 a
1672 1418 1763 1474 rebus
1790 1419 1875 1489 quasi
1899 1419 2102 1476 castrensibus
2128 1418 2161 1474 in
2190 1417 2259 1488 line,

382 1503 487 1566 ὡσανεὶ
514 1507 706 1584 καστρενσίοιν
733 1507 760 1564 ir
788 1496 895 1578 τούτῳ,
925 1498 972 1564 ὅτι
993 1501 1042 1564 ἐπ’
1065 1507 1175 1574 ἐκείνοις
1201 1498 1289 1582 μενά
1342 1503 1418 1576 quud
1440 1503 1478 1559 de
1500 1503 1547 1558 liis
1570 1503 1658 1572 ilius,
1681 1503 1731 1573 qui
1754 1506 1960 1560 testamentum
1983 1504 2075 1573 iacit,
2103 1501 2129 1558 si
2149 1502 2259 1559 liberis

381 1591 579 1666 διατιθέμενος
599 1600 668 1660 παῖς
687 1584 738 1667 οάγ
759 1583 906 1648 ὑπόκειται
927 1591 1043 1666 μέμψει,
1065 1585 1115 1650 δάν
1134 1584 1174 1669 μή
1195 1609 1291 1648 κατα·
1341 1588 1466 1644 suisvel
1481 1587 1653 1660 parentibus
1667 1582 2006 1661 legitimam'portiouem
2019 1581 2078 1644 n'on
2093 1587 2258 1658 reliquerit,

382 1674 450 1749 λίιιη
470 1671 504 1733 τὸ
527 1669 643 1752 νόμιμον
663 1675 748 1751 μέρος
768 1684 828 1743 τοῖς
855 1673 953 1732 παισίν
974 1670 1063 1733 αὐτοῦ
1083 1669 1100 1750 ἢ
1123 1686 1183 1744 τοῖς
1199 1675 1291 1752 γενεῦ.
1342 1672 1482 1743 querelae
1500 1671 1947 1742 subiectusnonest301erious
1963 1676 2061 1728 autem
2084 1669 2258 1728 testamenti

384 1757 491 1835 oiim).
534 1753 549 1818 ὁ
578 1756 607 1816 cl
639 1752 770 1835 κληραιὸς
797 1756 907 1832 anitii)
936 1756 987 1835 μλν
1023 1760 1214 1818 διατίθεσθαι
1242 1753 1289 1816 ἐπ’
1343 1755 1613 1828 condendiquidem
1628 1760 1921 1827 potestatemuaotus
1934 1762 1991 1831 est,
2005 1757 2258 1828 querelaetameu

381 1838 481 1911 αὐτοῖς
507 1837 604 1919 ἔλαβεν
632 1839 776 1913 ἐξουσίαν,
804 1836 951 1902 ὑπόκειται
978 1840 1007 1902 di
1032 1845 1153 1921 μέμψει,
1181 1835 1230 1904 δάν
1250 1833 1291 1920 μή
1342 1843 1499 1912 obnoxius,
1519 1842 1661 1898 siliberis
1675 1842 1740 1898 suis
1754 1841 1801 1897 vel
1816 1843 1987 1912 parentibus
2002 1842 2169 1915 legitimam
2183 1855 2257 1912 por-

382 1928 524 2003 καταλίπῃ
549 1921 584 1986 τά
613 1919 733 2002 νόμιμον
759 1927 845 2005 μέρος
873 1938 933 1997 τοῖς
954 1929 1052 1987 παισὶν
1073 1924 1164 1990 αὐτοῦ
1192 1922 1290 2006 ήτοϊς
1341 1929 1451 1982 tionem
1468 1941 1525 1982 nun
1546 1925 1709 1997 reliquerit.
1753 1928 1912 1998 Postquam
1925 1927 2019 2002 igitur
2035 1926 2257 1983 claredemon-

382 2015 515 2092 γονεῦσιν.
557 2009 671 2087 iiiam)
697 2011 791 2070 τοίνυν
818 2015 920 2088 σαφοῦς
948 2013 1097 2090 δέδευιται,
1137 2009 1187 2090 ἐφ’
1210 2004 1290 2082 ὅσοις
1340 2015 1536 2084 stratonem,
1558 2011 1716 2082 dequibus
1735 2011 1824 2068 rebus
1844 2011 2057 2068 filiusfamilias
2076 2015 2257 2084 potestatem

381 2091 435 2174 ἔχει
456 2095 586 2166 ἐξουσίαν
607 2089 859 2173 ὀάνιεξοάσιοςθῖ)
872 2097 1070 2169 διατίθεσθαι,
1084 2099 1132 2156 καί
1149 2093 1192 2176 ἐφ’
1208 2089 1290 2166 ὅσοις
1339 2097 1508 2152 testamenti
1535 2095 1679 2152 condendi
1708 2095 1831 2170 habent,
1867 2101 1899 2153 et
1919 2097 1956 2153 da
1977 2098 2086 2168 quibus
2114 2112 2176 2152 non
2197 2095 2256 2152 ba-

380 2175 515 2258 συνάγει,
537 2177 617 2239 atat
640 2183 779 2258 ιίριγμέναι
805 2180 903 2258 νεαροὶ
930 2175 1156 2260 ἐπεσημήναντο,
1183 2174 1229 2241 ὅτι
1250 2175 1289 2241 τά
1338 2181 1423 2252 beat,
1457 2196 1548 2252 supra
1574 2181 1671 2237 dictae
1700 2180 1846 2237 Novellae
1874 2187 1973 2238 autem
2001 2181 2255 2256 significaverint,

380 2259 492 2326 παλαιά
510 2269 569 2323 τῶν
589 2262 775 2342 πατέραυθθ)
802 2265 896 2324 δίκαια
916 2271 921 2334 Ι
941 2262 986 2341 ⁶⁹)
1012 2263 1227 2338 crisinciacus,
1247 2268 1294 2326 δεῖ
1340 2266 1461 2336 antiqua
1502 2269 1616 2336 patrum
1666 2265 1733 2320 iura
1765 2265 1920 2322 imminute
1960 2281 2018 2322 non
2057 2281 2146 2336 essa,
2196 2267 2253 2322 bo-

379 2343 472 2426 νόημα
500 2343 588 2408 καλὸν
614 2349 661 2407 καί
689 2348 831 2425 ἐπωφελλς
859 2355 1057 2429 προστεθῆναι
1083 2355 1123 2427 τῷ
1147 2347 1288 2431 συγγράμ·
1339 2367 1405 2406 natu
1428 2351 1517 2406 ctiam
1533 2351 1692 2421 utilemque
1706 2350 1926 2407 conclusionem
1948 2351 2049 2408 libello
2071 2350 2144 2408 addi
2160 2365 2252 2423 uper-

379 2447 463 2514 ματι·
494 2426 540 2492 ὅτι
566 2429 582 2493 o'
612 2431 662 2510 μίν
688 2429 757 2512 ἔχων
779 2431 908 2505 ἐξουσίαν
929 2439 980 2494 τοῦ
1001 2437 1190 2496 διατίθεσθαι
1219 2433 1288 2515 η’θί·
1339 2439 1397 2506 tat,
1418 2435 1535 2492 seilicet
1557 2436 1650 2505 liene,
1678 2449 1762 2507 eum,
1784 2436 1836 2506 qui
1857 2435 2028 2492 testamenti
2049 2435 2183 2493 leniendi
2203 2435 2252 2492 ius

379 2517 501 2595 λησιίθ)
531 2511 570 2593 μή
599 2519 797 2590 διατίθεσθαι,
840 2513 856 2577 ὁ
886 2517 915 2578 it
941 2513 980 2596 μή
1007 2515 1076 2598 ἔχων
1097 2517 1228 2591 ἐξουσίαν
1254 2516 1289 2580 nii
1340 2519 1464 2590 habeat,
1486 2521 1588 2576 testari
1613 2519 1745 2576 uoluisse
1767 2519 1879 2590 videri,
1900 2536 1966 2578 euin
1989 2525 2106 2593 autem,
2128 2522 2179 2592 qui
2202 2523 2252 2576 ta·

379 2601 488 2681 λίγεται
510 2595 666 2672 ἀδιάθετος
687 2603 860 2677 τελευτῆσαι
903 2599 938 2663 od
960 2599 1013 2680 γάρ
1035 2601 1216 2683 ponpam)
1242 2626 1285 2664 τε·
1339 2604 1397 2662 lem
1419 2608 1594 2675 potestatem
1617 2620 1674 2660 nou
1697 2605 1815 2678 habeat,
1836 2620 1895 2662 nou
1916 2605 1976 2662 dici
1997 2605 2169 2662 intestatum
2192 2604 2251 2661 de-

379 2688 515 2764 λευτῆσαι
536 2681 701 2758 ἀδιάθετος,
723 2682 806 2758 itti,
827 2681 880 2746 κάν
900 2683 938 2767 μή
953 2685 1103 2767 ήθέλιγσεν,
1125 2683 1215 2758 οὕτως
1230 2693 1286 2749 ἐτι·
1336 2689 1451 2745 cedere.
1500 2689 1606 2760 Neque
1637 2689 1714 2746 enim
1748 2689 1798 2746 bio
1838 2689 1932 2746 voluit
1961 2691 2120 2748 intestatus
2152 2690 2247 2760 obire,

379 2765 507 2848 λεάτησε.
549 2774 588 2840 είς
614 2767 760 2844 ,ἀλλότρια
799 2765 854 2848 γάρ
886 2767 1045 2850 πράγματα
1071 2767 1163 2843 οὕτως
1188 2776 1286 2833 διαθέ·
1336 2774 1400 2843 sed,
1422 2773 1480 2830 etsi
1503 2774 1553 2830 vel
1575 2775 1702 2830 maxime
1724 2773 1885 2848 voluisset,
1917 2775 1963 2832 sio
1990 2779 2091 2831 tamen
2118 2779 2244 2830 mortuus

380 2859 457 2914 σθαι
478 2852 608 2925 ἐξουσίαν
629 2851 680 2914 οὐκ
700 2851 780 2934 εἶχεν,
803 2848 888 2928 ὥστε,
909 2851 997 2934 39⁷²)
1019 2854 1214 2937 έγειίξοοσίαν
1234 2853 1286 2918 τὸν
1336 2863 1427 2916 esset.
1471 2861 1516 2916 ite
1537 2859 1627 2914 rebus
1641 2857 1748 2914 alienia
1767 2858 1844 2914 enim
1858 2859 2028 2918 testamenti
2049 2859 2177 2916 faciendi
2194 2859 2243 2914 iua

378 2941 471 2999 παῖδα
497 2933 612 2999 κωλύειν
641 2943 692 2999 τοῦ
713 2941 917 3013 διατίθεσθαι,
946 2930 1031 3012 οὗτός
1057 2946 1134 3002 ἐστιν
1153 2936 1286 3020 κληρονά-
1338 2942 1380 2999 ita
1402 2957 1460 2998 non
1481 2943 1593 3011 hebuit,
1615 2948 1666 3014 ut,
1695 2943 1746 3014 qui
1767 2943 1815 3000 ius
1836 2943 1926 3002 babet
1946 2945 2039 3001 illium
2061 2943 2246 3016 impediendi,

377 3045 439 3103 μσς.
472 3024 518 3082 uui
529 3020 604 3083 ἔσται
614 3027 700 3083 τοῦτο
713 3023 798 3083 ααιτλ
811 3021 874 3084 κατ’
891 3021 1020 3104 άλλήλιυν
1034 3023 1173 3104 ἀσφαλές,
1192 3023 1237 3088 ὅτι
1249 3032 1289 3098 είς
1338 3027 1493 3098 quominus
1522 3031 1730 3084 testamentum
1758 3027 1868 3100 iaciat,
1898 3028 1949 3086 liic
1978 3029 2045 3100 lpse
2072 3030 2250 3086 haerescit.

378 3109 497 3178 ἐκείνους
515 3104 581 3178 τοὺς
594 3102 818 3186 τελευτήσαντας
836 3112 868 3168 ui
886 3113 1085 3188 προειρημέναι
1101 3113 1199 3188 νεαραλ
1215 3115 1287 3192 ένερ·
1337 3113 1438 3182 Atque
1474 3111 1530 3168 hoc
1565 3112 1730 3168 omnimodo
1766 3118 1879 3168 certum
1915 3114 1957 3170 sit
1984 3113 2252 3186 indubitatumque,

377 3195 475 3272 γοῦσιν
486 3195 525 3263 εἰς
541 3187 608 3262 τοὺς
620 3193 789 3268 δυναμένους
804 3195 966 3253 διαθέσθαι
977 3197 1024 3254 καὶ
1038 3189 1077 3274 μή
1094 3199 1286 3273 διαθεμένους.
1338 3196 1542 3267 supradictas
1555 3197 1698 3252 Novellas
1719 3198 1750 3252 iu
1772 3195 1820 3252 liis
1843 3201 1956 3255 tantum
1970 3197 2120 3256 defunctis
2136 3199 2254 3273 valere,

376 3271 472 3355 ἐπειδή
500 3275 533 3336 δέ
549 3279 604 3336 είσι
630 3279 728 3348 παῖδες
756 3271 933 3349 αὐτεξούσιον
957 3279 1005 3338 καλ
1032 3275 1210 3354 ὑνιεξοάσιοι,
1243 3282 1289 3341 ἐπὶ
1338 3281 1388 3352 qui
1412 3285 1617 3338 testamentum
1639 3281 1741 3338 tacere
1762 3285 1963 3352 potueruntet
1977 3288 2072 3339 tamen
2088 3297 2146 3340 non
2169 3285 2256 3340 lace-

376 3361 427 3439 μὲν
465 3363 523 3420 τοῖν
556 3357 747 3430 αὐτεξουσίων
785 3358 948 3422 άδιαθίτωι
988 3359 1200 3444 ἀμφισβήτησις
1236 3362 1288 3426 ονἰκ
1338 3370 1415 3422 runt.
1457 3367 1531 3423 Cum
1551 3371 1650 3423 antem
1677 3365 1763 3422 libert
1792 3371 1851 3423 tam
1877 3367 1926 3424 sui
1947 3368 2023 3425 iniis
2045 3368 2123 3440 sint,
2161 3383 2256 3440 quam

376 3441 467 3514 ἔστιν,
504 3441 565 3505 ἀλλ’
593 3448 751 3524 ἐνεργοῦσιν
784 3449 816 3507 ui
843 3444 1049 3522 διαστίξειςῖθ)
1083 3454 1141 3510 τῶν
1165 3455 1287 3528 νεαρῶν·
1338 3449 1369 3507 in
1391 3455 1539 3521 potestate
1561 3456 1726 3522 parentum,
1748 3450 1779 3506 iu
1801 3451 1849 3508 liis
1871 3452 2000 3524 quidem,
2031 3454 2083 3524 qui
2104 3453 2155 3510 sui
2175 3453 2257 3511 iuris

377 3527 478 3603 utili)
503 3527 533 3589 di
554 3535 611 3590 τῶν
633 3527 868 3608 insinuatum),
892 3529 941 3609 ἐφ’
970 3527 1012 3603 οἷς
1034 3533 1083 3610 μίν
1110 3532 1144 3594 οὐ
1169 3531 1288 3596 δύναται
1338 3539 1427 3608 sunt,
1460 3551 1527 3591 cum
1554 3536 1691 3592 intestati
1713 3535 1894 3610 moriantur,
1926 3536 2073 3595 dubitatio
2106 3553 2167 3595 nun
2196 3543 2255 3608 est,

377 3614 540 3673 διαθέσθαι
568 3611 585 3674 ὁ
615 3626 698 3685 παῖς,
735 3612 751 3676 ὁ
781 3611 879 3694 πατήρ
906 3613 1073 3694 testudine
1098 3614 1287 3698 κληρονόμος·
1337 3635 1440 3676 vciuiu
1463 3620 1670 3676 distinctiones
1691 3620 1883 3678 Novellarum
1906 3623 2024 3692 valent;
2058 3624 2090 3680 ln
2121 3623 2172 3679 liis
2195 3640 2255 3680 au-

376 3692 427 3773 dq'
455 3689 535 3767 ὅσοις
556 3696 586 3758 al
613 3697 742 3770 ἐξουσίαν
771 3696 824 3780 ἔχει
845 3702 1020 3770 διαθέσθαι,
1048 3708 1075 3763 εί
1098 3703 1149 3782 μὲν
1174 3699 1288 3782 ποιήσιι
1336 3707 1405 3776 tem,
1427 3705 1478 3775 qut
1499 3707 1530 3762 iu
1552 3710 1705 3776 parentum
1728 3709 1874 3776 potestate
1895 3710 1979 3778 sunt,
2007 3708 2180 3780 dequibus
2201 3723 2254 3764 ra-

371 3775 532 3859 διαθήκην,
554 3785 658 3862 ἐνεργεῖ
677 3785 778 3861 ἐκείνη,
799 3780 837 3862 μή
861 3781 1025 3864 ὑποκειμένη
1046 3791 1159 3866 μέμψει.
1209 3793 1237 3849 εί
1255 3789 1285 3850 δὲ
1335 3789 1392 3845 bus
1413 3789 1710 3847 iliustastamentum
1733 3791 1835 3846 faeere
1857 3807 1914 3847 non
1933 3797 2042 3866 potest,
2064 3807 2171 3849 earum
2195 3809 2253 3866 ps-

375 3860 417 3946 μὴ
438 3861 591 3944 διάθηται,
619 3862 686 3927 τότε
712 3867 913 3947 κληρονομεῖν)
936 3866 1032 3949 πατὴρ
1053 3869 1128 3932 κατά
1149 3867 1202 3942 τάς
1222 3894 1284 3934 νεα·
1335 3877 1381 3930 ter
1402 3874 1486 3950 solus
1508 3875 1614 3930 haeres
1636 3879 1699 3945 est;
1734 3875 1773 3931 de
1802 3875 1909 3946 quilius
1941 3881 2039 3932 autem
2070 3881 2254 3950 potestatem

376 3945 524 4028 puppieni
545 3955 603 4010 τοῖν
624 3956 773 4030 συγγενῶν,
794 3954 944 4031 κερδαίνων
972 3951 1080 4026 ἔξωθεν
1105 3952 1144 4018 τά
1172 3953 1283 4036 άπροσ-
1335 3959 1464 4014 testandi
1485 3959 1537 4016 itte
1550 3959 1648 4030 habat,
1670 3959 1697 4014 sl
1713 3959 1829 4031 quidem
1852 3965 2060 4018 testamentum
2083 3963 2175 4034 iacit,
2198 3963 2256 4020 liuc

375 4028 502 4112 πάριατα
523 4029 617 4112 μόνος.
660 4039 689 4096 έν
717 4038 809 4112 ἐκείνῳ
843 4039 875 4097 δέ
901 4043 976 4099 ἐστιν
1006 4042 1140 4120 διαφέρον
1167 4045 1194 4102 έν
1219 4055 1284 4115 ταῖς
1333 4043 1415 4098 valet
1440 4043 1500 4114 ita,
1535 4048 1569 4100 ut
1598 4044 1737 4116 querelae
1764 4045 1930 4102 subiectum
1960 4061 2018 4102 non
2047 4047 2103 4118 ελεγ
2146 4049 2257 4120 quodsi

376 4115 531 4197 διαθήκαις
558 4125 614 4179 τῶν
637 4116 813 4191 άπεξουσίοιν
839 4123 887 4182 καί
916 4120 1121 4199 αὐτεξουσίωι,
1159 4119 1206 4187 ὅτι
1233 4127 1283 4206 pir
1337 4131 1545 4185 testamentum
1576 4144 1635 4185 nun
1667 4129 1755 4202 iecit,
1791 4130 1954 4186 secuudum
1987 4131 2134 4189 Novellas
2169 4139 2257 4205 priter

375 4199 550 4274 ὑαιξουσίαν
576 4199 594 4281 ἡ
622 4200 748 4284 διαθήκη
776 4203 827 4285 oriz
849 4199 995 4268 ὑπόκειται
1016 4213 1135 4290 μέμψει,
1177 4215 1228 4272 τοῦ
1256 4211 1287 4272 di
1337 4227 1404 4268 cuni
1420 4213 1556 4287 cognatis
1572 4213 1678 4270 haeres
1695 4217 1751 4282 est,
1773 4229 1818 4286 aa,
1832 4230 1908 4286 quac
1926 4209 2159 4295 ducenariorum
2175 4225 2258 4287 suut,

375 4283 561 4359 αὐτεξουσίον
583 4284 730 4348 νἰιόκνιναι
750 4293 865 4368 μέμψει.
909 4287 1095 4372 ἀναγκάζεται
1122 4289 1177 4375 γάρ
1199 4319 1286 4358 κατα·
1337 4297 1524 4354 extrinsecus
1546 4298 1697 4370 accipiens
1719 4299 1811 4354 solus.
1852 4300 1887 4356 In
1915 4297 1967 4355 illo
1989 4305 2088 4357 autem
2111 4301 2184 4359 solo
2207 4309 2259 4360 te-

374 4366 521 4451 λιμνιάνειν
542 4375 584 4448 τῷ
606 4373 694 4452 πατρί
715 4368 765 4434 τὸν
788 4375 951 4436 φαλκίδιον.
1336 4387 1557 4454 stannaturam,
1579 4383 1713 4454 quaesti
1735 4383 1801 4457 liis,
1829 4383 1880 4455 qui
1902 4383 1951 4440 aui
1973 4383 2049 4442 iuris
2069 4391 2156 4459 sunt,
2180 4403 2260 4445 σοο-

1337 4465 1399 4521 dita
1421 4471 1507 4540 snut,
1530 4471 1692 4540 eteorum,
1713 4469 1844 4538 quaeat)
1866 4467 1943 4542 illis,
1966 4470 2016 4542 qul
2038 4471 2070 4526 iu
2093 4479 2259 4544 pareiuum

1337 4555 1484 4622 potestate
1505 4555 1588 4624 sunt,
1618 4551 1782 4609 differentia
1803 4554 1950 4626 cernitur,
1977 4555 2056 4625 quod
2076 4556 2257 4630 liberorum,
2351 4579 2357 4592 ·

1337 4635 1387 4705 qui
1410 4636 1439 4691 in
1453 4641 1599 4707 potestate
1614 4642 1768 4709 parentum
1789 4642 1868 4711 sunt,
1890 4641 2099 4695 testamentum
2109 4642 2257 4713 querelae

1336 4720 1502 4777 subiectum
1515 4737 1573 4777 non
1595 4727 1658 4792 est;
1681 4722 1746 4778 eius
1768 4728 1876 4794 autem,
1895 4723 1946 4794 qni
1967 4725 2015 4780 sui
2029 4725 2105 4780 iuris
2125 4733 2188 4796 est,
2209 4731 2254 4782 te·

1336 4808 1510 4860 stamentuin
1532 4806 1670 4876 querelae
1700 4807 1866 4864 subiectum
1887 4812 1944 4866 ast.
1973 4809 2057 4867 Patri
2080 4809 2159 4868 enim
2171 4811 2254 4869 uei·

1336 4887 1443 4945 otiliam
1464 4890 1632 4962 relinquere
1654 4891 1783 4966 cogitur.

522 5063 571 5120 dii)
587 5059 788 5134 οἷπροοπόριοτα
805 5062 855 5115 εἶσὶ
872 5068 938 5117 Bou.
1006 5065 1053 5126 60)
1071 5059 1138 5117 ὅθεν
1160 5065 1257 5136 δήποτε
1274 5071 1340 5119 lion.
1408 5070 1455 5130 61)
1472 5073 1526 5122 Pro
1542 5075 1598 5130 τοῖς
1614 5073 1741 5143 κληρικοῖς
1757 5074 1823 5122 lion·
1840 5073 1878 5139 τῷ
1894 5069 1963 5144 κληρ’
1977 5075 2066 5126 babet.
2141 5079 2198 5139 62)
2215 5077 2267 5130 πά-

370 5143 469 5210 nieuw
486 5131 550 5179 Bou.
650 5133 695 5189 aa)
713 5125 806 5200 κακςρ”’
823 5135 888 5184 Bou.
991 5135 1037 5189 64)
1055 5136 1146 5184 Voces
1162 5136 1210 5186 tois
1226 5134 1261 5203 μή
1280 5137 1410 5206 καταλὶπγγ
1427 5137 1459 5190 τὸ
1476 5137 1585 5202 νόμιμον
1602 5143 1679 5210 μέρος
1694 5144 1749 5198 τοῖς
1766 5141 1859 5191 παισὶν
1876 5139 1960 5192 αὐτοῦ
1976 5142 1993 5208 'i
2011 5147 2068 5201 τοῖς
2084 5151 2217 5207 γονεῦσιν
2236 5151 2267 5198 iu

370 5195 456 5246 Puris.
474 5199 534 5246 sine
551 5198 665 5248 lacunae
682 5201 881 5259 significatione
898 5199 1064 5252 exciderunt.
1122 5205 1169 5263 θδ)
1187 5206 1251 5254 lion.
1269 5207 1328 5264 τοῦ,
1346 5207 1432 5256 Piris.
1450 5206 1491 5258 τό.
1543 5210 1590 5267 co)
1607 5211 1671 5259 lion.
1690 5207 1744 5258 ίιιί.
1806 5209 1988 5266 67)θιυθοο.
2023 5212 2078 5262 Pro
2096 5209 2269 5272 ιἰπεξοάσιος

371 5261 436 5378 gos.
456 5261 621 5346 αιἰτιξοάοιος
638 5267 725 5316 iubet.
782 5338 787 5350 Ι
816 5271 863 5328 68)
879 5270 932 5319 Pro
950 5271 1069 5351 πατίροιν
1087 5273 1152 5320 Bou.
1176 5269 1302 5342 πατρῴοιο
1319 5275 1405 5324 habet.
1441 5277 1470 5326 lu
1489 5289 1556 5327 voce
1574 5278 1693 5360 πατίροιν
1714 5277 1813 5326 desiuit
1835 5277 1921 5326 Paris.
1946 5277 2047 5327 Codex.
2083 5281 2214 5346 Reliqua
2231 5295 2269 5332 ex

374 5329 472 5409 *edice
489 5331 652 5383 Bononiensi
669 5336 858 5396 supplevimus.
924 5339 970 5396 tiu]
988 5339 1087 5400 Incipit
1104 5353 1129 5402 p.
1146 5340 1205 5390 θθ7.
1275 5341 1323 5400 70)
1345 5343 1398 5392 Pro
1416 5340 1531 5409 ἠθέλησε
1550 5347 1613 5395 lion.
1632 5363 1649 5410 η
1668 5333 1740 5408 θερί
1758 5345 1845 5394 nubet.
1912 5344 1958 5404 71)
1975 5347 2029 5396 Pro
2047 5343 2173 5412 η’θέλησι
2196 5353 2268 5400 lion.

368 5387 478 5458 ηθίλη
494 5399 582 5449 iiaitet.
684 5403 731 5460 72)
753 5403 806 5453 Pro
823 5400 853 5461 ὃς
869 5406 934 5454 Βοη.
952 5401 997 5463 οὓς
1014 5408 1102 5456 habet.
1204 5409 1251 5468 ⁷3)
1270 5411 1332 5458 Bou.
1352 5408 1506 5478 διαστήξεις.
1592 5413 1639 5470 ii)
1657 5413 1722 5462 Bou.
1739 5409 1797 5462 ἐπεὶ
1815 5423 1863 5474 pro
1881 5409 1925 5463 ἰπὶ
1942 5414 2029 5463 habet
2117 5417 2176 5476 76)
2196 5419 2269 5468 lude

368 5473 469 5512 avoco
486 5463 674 5533 ἀμφισβήτησις
691 5483 774 5532 nsque
791 5471 823 5518 nri
843 5474 926 5522 verba
943 5471 988 5524 ίτιι
1005 5473 1032 5524 δε
1049 5491 1100 5525 τον
1116 5474 1277 5532 οπιεοοοὶαν
1293 5479 1385 5528 omnia
1401 5481 1430 5529 tn
1453 5483 1581 5531 contextu
1603 5477 1668 5532 cori.
1687 5481 1751 5530 lton.
1770 5479 1882 5542 tesuui3
1919 5479 1967 5530 aed
1990 5482 2086 5534 εαδεαε
2107 5495 2205 5538 manu
2232 5485 2270 5537 ad

367 5534 516 5592 marginem
533 5535 642 5587 codicis
657 5536 764 5588 adiecta
779 5538 919 5592 habentui.

1085 5731 1505 5746 m

1087 5745 1507 5762 -n-—n—-nnffl
