4824 7048
362 515 444 588 aaa
865 492 1211 586 εωοαυωι
1265 507 1731 583 scarnnoars

363 706 415 772 νόν
443 702 533 789 γάμον
559 701 646 786 (αότη
673 706 704 768 dl
729 703 792 768 οάδλ
822 709 860 780 είς
890 704 925 772 τό
947 703 1057 780 πλάτος
1083 703 1191 789 ἐγράφη
1219 711 1277 770 τῶν
1327 709 1389 764 ctat
1416 705 1510 782 (baec
1531 709 1630 763 autem
1652 721 1690 762 ne
1719 705 1751 764 ln
1773 698 1883 777 πλάτος
1904 703 2020 778 quidem
2042 707 2238 766 Novellarum

364 797 490 873 νεαρῶν,
516 791 555 865 άς
585 785 660 854 οὖσα
685 790 837 854 Ἱουστίνου
866 798 917 854 τοῦ
937 789 1011 872 μετά
1040 787 1091 854 τόν
1117 792 1277 854 ’ἐουστινια-
1326 791 1438 862 scripta
1469 796 1532 864 est,
1570 807 1636 848 cnm
1664 791 1704 848 sit
1733 791 1858 865 lustini,
1908 791 1959 862 qni
1997 798 2064 864 post
2091 793 2239 850 iustinia-

366 875 415 941 νόν
435 874 680 958 βασιλεύσαντος),
702 874 767 938 atat
787 874 804 956 ἡ
828 873 904 955 ρμιί.
926 875 944 948 ό
965 879 1031 958 περὶ
1051 873 1277 958 ἀσελγαινόντων
1325 893 1394 935 num
1417 877 1571 948 imperium
1589 875 1725 949 habuit);
1757 891 1852 946 neque
1873 875 2001 932 Novella
2024 879 2139 950 extu,
2162 893 2238 950 quae

365 965 414 1026 καλ
434 965 499 1042 περ)
521 955 682 1040 στοόπρου,
704 958 770 1022 οὐδὲ
791 959 808 1039 ἡ
831 957 969 1041 pum),
991 957 1054 1040 ἥτις
1074 967 1276 1044 ἐπιγέγραπται
1326 962 1363 1018 de
1384 961 1604 1018 luxuriantibus
1632 965 1735 1017 contra
1763 966 1899 1016 naturam
1921 959 2017 1032 deque
2038 967 2142 1034 stupro
2172 969 2237 1018 tra-

365 1049 431 1125 νιερλ
451 1051 509 1108 τῶν
536 1051 565 1106 ἐν
591 1041 765 1126 Ἐρσάνηῖθ)
792 1043 1036 1125 ἀθεμιτογαμιῶν,
1065 1047 1130 1110 οὐδὲ
1157 1046 1175 1126 ἡ
1204 1041 1277 1127 ρξοί.
1326 1051 1403 1117 otat3
1436 1061 1531 1117 oeque
1554 1041 1733 1119 cn1v.(f),
1757 1060 1832 1117 quae
1854 1044 1891 1101 de
1913 1047 2026 1117 nuptiis
2049 1047 2080 1102 in
2103 1048 2238 1106 Osroene

365 1126 557 1213 κατεστρώθη
594 1135 621 1192 ἐν
654 1143 714 1201 τοῖς
739 1132 895 1209 βασιλικοῖς
922 1131 1004 1208 (ἐστὶ
1032 1131 1062 1191 dl
1089 1128 1121 1213 y'.
1150 1127 1275 1203 διάταξις
1325 1130 1430 1188 illicite
1452 1131 1613 1188 contractis
1636 1133 1758 1202 tractet3
1786 1144 1880 1202 neque
1902 1130 2009 1188 Cle.
2036 1131 2068 1186 iu
2098 1131 2238 1190 Basilieis

366 1221 424 1278 τῶν
444 1220 553 1296 νεαρῶν
579 1219 631 1278 τοῦ
658 1217 803 1296 Τιβερίου,
831 1212 866 1276 ori
888 1210 1081 1296 κατεστρώθη
1109 1218 1162 1296 δέ.)
1205 1215 1276 1296 ἡδὲ
1326 1217 1421 1288 posita
1451 1219 1498 1272 est
1525 1216 1590 1290 (est
1610 1219 1707 1272 autem
1740 1215 1829 1271 tertia
1849 1215 2022 1272 constitutio
2044 1216 2238 1275 Novellarorn

366 1294 431 1380 ρξε’.
462 1298 480 1380 η’
507 1301 573 1380 περὶ
599 1294 740 1380 ἀπόψεως
767 1294 924 1378 θαλάσσης
950 1297 1141 1382 κατεστρώθη
1167 1301 1218 1380 μὲν
1247 1306 1276 1362 ἐν
1327 1299 1455 1372 Tiberii,
1478 1315 1573 1371 neque
1595 1299 1670 1356 haec
1691 1299 1733 1358 ibi
1755 1301 1852 1372 posita
1874 1298 1946 1373 est.)
1988 1301 2119 1356 Novella
2140 1309 2238 1360 autem

365 1385 466 1466 βιβλίῳ
486 1379 537 1462 ιη’.
558 1388 616 1446 τῶν
637 1385 799 1464 βασιλικῶν,
820 1387 849 1444 ἐν
870 1382 900 1444 dl
919 1389 962 1460 aqi
982 1381 1142 1466 pinnatss)
1165 1384 1199 1446 οά
1221 1397 1274 1446 κεῖ·
1326 1385 1456 1454 ΜΝ,
1480 1400 1556 1456 quae
1577 1385 1613 1440 de
1633 1385 1724 1441 maris
1743 1388 1902 1456 prospectu
1928 1388 1983 1456 est,
2003 1388 2103 1456 posita
2119 1387 2237 1458 quidem

365 1491 429 1542 ται,
463 1467 529 1531 etat
555 1466 674 1550 εόρίθη,
709 1471 784 1540 τίνος
811 1469 897 1529 ἐστίν.
938 1459 1024 1530 αόται
1050 1470 1101 1550 μὲν
1128 1464 1178 1532 οὖν
1206 1472 1275 1532 εἰσὶν
1326 1475 1373 1526 est
1393 1470 1423 1526 in
1446 1470 1520 1526 libro
1542 1468 1594 1524 68.
1605 1469 1813 1543 Basilicarum,
1840 1468 1955 1526 inlato
1978 1476 2239 1530 contextuautem

366 1559 398 1616 σί
416 1545 458 1633 ’μὴ
487 1560 742 1632 καταστρωθεῖσαι
769 1553 883 1632 νεαραί,
906 1557 969 1628 καί,
1001 1552 1068 1627 εἴτις
1088 1551 1197 1616 τοότων
1224 1579 1273 1616 κα·
1325 1553 1470 1611 collocata
1490 1569 1548 1611 non
1571 1558 1633 1627 est,
1669 1569 1782 1627 neque,
1810 1555 1897 1610 cuius
1919 1554 1977 1620 sit,
2011 1561 2159 1626 repertum
2180 1561 2238 1614 est.

366 1633 537 1718 τεστράθη,
564 1636 615 1699 oria
642 1636 703 1698 ε’στι
730 1637 760 1698 δὲ
787 1643 844 1698 τῶν
870 1636 1139 1701 analemmatos
1167 1645 1276 1718 νεαρῶν
1325 1641 1390 1696 liae
1410 1638 1503 1712 igitur
1524 1645 1594 1696 sunt
1616 1639 1778 1711 Novellae,
1807 1654 1883 1710 quae
1905 1639 1936 1694 in
1957 1641 2099 1696 Basilicis
2123 1641 2237 1714 positae

366 1728 554 1804 νομοθεσιῶν.
604 1727 637 1784 at
662 1722 691 1782 di
718 1729 847 1784 τεθεῖσαι
874 1723 925 1802 μὲν
958 1727 988 1784 ἐν
1023 1735 1083 1796 τοῖς
1110 1727 1274 1804 βασιλικοῖς,
1325 1738 1383 1780 non
1405 1729 1491 1796 sunt,
1519 1739 1556 1780 ac
1577 1723 1604 1780 si
1626 1739 1703 1796 qnae
1725 1739 1763 1780 ex
1785 1723 1832 1780 his
1861 1723 1903 1780 ibi
1926 1724 2073 1780 collocata
2095 1730 2143 1782 est
2166 1726 2238 1798 qui-

367 1803 426 1869 όετό
447 1807 477 1868 dl
497 1805 655 1887 ἀχρηστίας
676 1803 857 1888 σχολάσασαε
885 1807 955 1868 eren
976 1799 1076 1869 αὗται·
1118 1807 1190 1889 ἦγ’.
1213 1831 1274 1870 νεα·
1325 1808 1407 1879 dem,
1449 1824 1506 1864 non
1536 1815 1633 1865 autem
1656 1812 1703 1864 est
1735 1823 1773 1866 ex
1800 1808 1938 1866 Novellis
1973 1811 2236 1868 constitutionibus

367 1887 407 1972 ρά
427 1889 445 1971 ἦ
467 1887 703 1971 διαλαμβάνουσα
724 1893 788 1972 περ)
809 1897 866 1953 τῶν
886 1893 1023 1971 κληρικῶν
1043 1896 1275 1955 Κωνσταντινου-
1323 1893 1491 1951 iustiniani.
1540 1895 1622 1962 Quae
1649 1907 1720 1949 vero
1749 1894 1780 1949 in
1808 1893 1949 1950 Basilicis
1979 1893 2145 1950 collocatae
2168 1903 2236 1954 sunt

366 1971 514 2053 nattam),
537 1973 554 2056 ἡ
576 1972 664 2055 κ’.”)
686 1974 704 2056 ἡ
725 1979 790 2054 περ)
811 1981 863 2037 τοῦ
883 1968 1075 2056 ἀρχοντοςΜ)
1096 1981 1180 2059 χωρὶς
1195 1983 1274 2042 οιάσ-
1324 1977 1455 2050 quinem,
1484 1992 1543 2034 non
1571 1995 1628 2035 usu
1655 1983 1753 2034 tameo
1782 1977 1813 2034 in
1842 1977 2067 2034 desuetudinem
2091 1980 2237 2050 abierunt,

366 2065 417 2122 οὖν
443 2053 550 2132 δόσεως
584 2061 717 2140 γίνεσθαι
743 2063 790 2121 καλ
816 2063 882 2139 περ)
911 2058 1079 2140 όμνόεινῗὸ)
1101 2059 1220 2136 αάτοός,
1256 2059 1274 2142 ἡ
1323 2061 1381 2118 λοσε
1402 2067 1485 2118 sunt:
1509 2063 1635 2120 Novella
1657 2065 1720 2136 ΙΙΙ,
1743 2078 1802 2134 qua
1822 2063 1860 2120 de
1883 2062 2003 2120 clericis
2018 2063 2236 2122 Constantino-

365 2140 408 2225 ιγ’.
429 2142 448 2224 ἡ
469 2147 534 2224 περὶ
554 2151 612 2207 τῶν
632 2140 817 2226 πραιτάρων,
839 2143 857 2224 ἡ
880 2139 923 2206 ιδ’.
945 2143 963 2225 ἡ
984 2149 1049 2226 περ)
1070 2153 1122 2209 τοῦ
1142 2143 1182 2228 μὴ
1204 2145 1274 2209 εἶναι
1323 2147 1463 2219 politanis
1485 2149 1601 2220 agitnr3
1624 2143 1776 2221 vum),
1798 2163 1874 2218 quae
1897 2147 1934 2203 de
1957 2147 2013 2204 boo
2035 2153 2093 2222 est,
2116 2155 2150 2206 ut
2171 2166 2235 2207 ma·

366 2225 593 2310 πορνοβοσκοός,
615 2227 632 2309 ἦ
655 2225 694 2292 α’.
715 2227 734 2310 ἦ
756 2231 820 2308 napi
842 2231 971 2304 ἐνδίκων,
996 2227 1014 2309 ι)
1037 2227 1081 2303 ις’.
1101 2229 1120 2311 ἡ
1142 2235 1206 2311 περ)
1226 2254 1273 2311 με·
1323 2233 1469 2304 gistratas
1498 2233 1609 2304 absque
1637 2233 1835 2304 qualicunque
1863 2231 1982 2288 datione
2010 2234 2103 2303 dent,
2142 2233 2236 2308 deque

365 2317 513 2384 ταθίσεως
540 2315 678 2394 κληρικῶν
705 2311 735 2386 ἐξ
762 2315 860 2394 ἐτίρας
887 2315 1034 2394 ἐκκλησίας
1054 2321 1093 2388 είς
1113 2319 1224 2395 ἐνέρων,
1255 2313 1273 2394 η’
1324 2317 1426 2374 borum
1448 2317 1654 2388 iureiurando;
1689 2316 2234 2394 x111.,qnaedepraeronbusest;

365 2394 415 2471 ιζ’.
435 2393 538 2479 σχεδόν
564 2403 648 2460 πᾶσα
674 2395 691 2480 ἦ
719 2400 784 2479 περ)
810 2393 961 2476 μανδάτων
987 2400 1194 2500 βασιλαιῶϋθ)
1226 2401 1274 2462 καλ
1323 2403 1419 2475 x1V.,
1452 2417 1529 2472 quae
1559 2403 1596 2458 de
1623 2402 1694 2475 boc,
1723 2405 1756 2456 ut
1784 2401 1907 2458 lenones
1936 2417 1974 2470 qe
2001 2403 2081 2476 sint,
2114 2409 2232 2476 nacon

365 2477 526 2564 ἀρχόντων,
557 2479 628 2562 ἦκ’.
650 2482 669 2565 ἦ
690 2485 754 2563 περ)
775 2487 833 2544 τῶν
854 2479 1070 2561 όπουργουντων
1095 2497 1159 2558 ταῖς
1180 2481 1273 2565 ἐκκλή·
1323 2487 1404 2556 XV„
1427 2501 1503 2558 quae
1524 2485 1562 2542 de
1584 2485 1794 2542 defensoribus
1816 2490 1880 2556 est3
1902 2487 1999 2560 XVI„
2020 2503 2099 2558 qnae
2117 2489 2155 2547 de
2169 2491 2233 2547 olc-

364 2587 424 2639 τοις
446 2564 598 2646 όφφικίωε,
634 2565 776 2649 lad-²³)
802 2564 820 2645 ἡ
842 2570 906 2648 περ)
927 2573 978 2628 τοῦ
998 2565 1121 2649 κόμητσς
1142 2569 1275 2652 Ἱαορίας,
1323 2571 1451 2626 ricorum
1473 2585 1510 2626 ex
1528 2567 1592 2626 biia
1615 2571 1745 2628 ecclesia
1772 2570 1803 2626 in
1825 2570 1915 2626 aliam
1936 2572 2131 2629 translatione
2151 2577 2231 2650 agit5

363 2647 382 2729 ἡ
410 2646 505 2732 κιγ’.ἡ
534 2654 599 2732 περ)
627 2657 679 2714 τοῦ
705 2647 906 2732 μοδεράτωρος
931 2649 1145 2726 Ἑλενοπόντου,
1175 2650 1274 2734 ἡκθ’.
1323 2655 1423 2713 xvu.
1458 2656 1523 2711 fere
1557 2661 1636 2726 tota,
1677 2669 1754 2726 quae
1786 2653 1824 2711 de
1858 2654 2006 2712 mandatis
2049 2658 2230 2729 imperatoris

365 2733 384 2816 ἡ
406 2738 543 2816 περὶτοῦ
565 2739 728 2817 πραίτωρος
749 2737 970 2815 Παφλαγονίας,
998 2735 1015 2816 η’
1038 2734 1071 2800 λ’.
1095 2736 1112 2820 ἦ
1135 2741 1200 2818 περ)
1221 2743 1273 2800 τοῦ
1324 2740 1607 2813 magistratibusque
1619 2743 1745 2812 tractat3
1774 2740 1854 2812 XX,
1883 2755 1942 2811 que
1957 2739 1996 2798 de
2017 2743 2134 2811 (libelle,
2153 2759 2226 2816 quae

364 2815 540 2882 ἀνθυπάτου
559 2825 786 2894 Καππαδοκίας,
808 2818 825 2901 ἡ
846 2815 900 2882 λα’.
922 2819 939 2900 η’
961 2824 1025 2903 περὶ
1046 2828 1104 2884 τῶν
1124 2819 1274 2904 τεσσάρων
1323 2824 1585 2896 provocationibus
1607 2825 1782 2894 inserviunt,
1804 2825 1920 2898 agitur3
1942 2823 2136 2902 munt),
2155 2843 2224 2900 quae

366 2899 513 2984 ἀρχόντων
531 2902 691 2986 Ἀρμενίας,
711 2903 729 2986 ἡ
748 2900 798 2979 λς’.
820 2901 837 2983 ἡ
859 2907 925 2984 πιρλ
945 2912 1003 2966 τῶν
1023 2912 1052 2969 ἐν
1072 2905 1194 2988 Ἀφριιιῇ
1215 2910 1274 2970 δια·
1324 2909 1362 2964 de
1383 2909 1490 2965 comite
1510 2910 1647 2966 Isauriae
1668 2914 1731 2980 eat3
1760 2910 1916 2984 xxviro,
1939 2925 2016 2982 quae
2038 2911 2077 2967 de
2095 2912 2225 2970 modera-

364 2988 473 3092 δόχων,
494 2986 512 3069 ἡ
533 2986 587 3063 λζ’.
610 2986 628 3069 ἡ
648 2992 713 3070 περ)
734 2995 792 3052 τῶν
811 2995 840 3052 ἐν
860 2989 981 3068 Ἀφρικῇ
1002 2993 1223 3072 ἐναλησωῑνθθ),
1254 2989 1271 3073 ἦ
1323 2997 1388 3050 tore
1410 2993 1608 3066 Helenoponti
1630 2997 1691 3064 est3
1713 2995 1839 3067 xxix„
1862 3010 1938 3066 quae
1961 2995 1998 3051 de
2020 3003 2158 3068 praetore
2173 3001 2229 3056 Ρο-

364 3079 422 3134 νθ.
442 3070 460 3174 η’
482 3076 546 3155 περ)
573 3077 624 3153 τῆς
645 3071 813 3154 όφειλοόσιγς
833 3077 966 3154 γίνεσθαι
986 3079 1132 3155 ἐκκομιδῆς
1152 3083 1209 3140 τῶν
1229 3101 1272 3140 τε·
1322 3077 1504 3152 phlagoniae
1525 3084 1589 3150 est3
1611 3079 1723 3152 XXX„
1745 3094 1803 3150 qua
1825 3078 1863 3134 de
1884 3081 2061 3152 proconsule
2073 3083 2232 3155 Cappado-

363 3159 526 3219 λευταντων
553 3159 618 3238 περ)
643 3164 694 3240 τῆς
722 3155 1123 3241 Ι(ωνσταντινοοπόλεως”’)Ι
1138 3158 1198 3224 ἀπό
1220 3166 1272 3242 τῆς
1323 3163 1388 3219 ciac
1409 3162 1527 3237 agitur3
1555 3165 1680 3231 XXXI„
1714 3179 1791 3234 quae
1818 3161 1856 3220 de
1884 3168 2022 3235 quattuor
2043 3167 2234 3238 praesidibus

363 3235 478 3304 εἰσόδου
503 3245 562 3302 τῶν
585 3243 680 3323 χιλίων
700 3241 801 3306 ἐντατὸν
822 3246 1013 3346 ἐργαστηρίων
1040 3251 1098 3306 τῶν
1118 3250 1147 3307 ἐν
1168 3251 1203 3327 τῇ
1223 3270 1271 3326 με-
1321 3248 1483 3305 Armeniae
1504 3251 1567 3320 est;
1599 3249 1756 3321 XXXVI„
1784 3263 1861 3320 quae
1888 3248 1927 3304 de
1948 3253 2178 3309 successoribus
2200 3253 2232 3309 in

362 3321 435 3406 γάλη
455 3327 587 3406 άαλησίρ
607 3325 821 3409 ἀφωρισμένων,
842 3330 907 3410 τιερλ
928 3351 968 3390 αν
988 3327 1005 3408 η’
1026 3326 1080 3410 μγ’.
1103 3334 1189 3410 φησὶν
1209 3355 1270 3394 νεα-
1320 3333 1512 3404 Μολοσσοῖς
1549 3334 1719 3407 xxxvu„
1748 3348 1824 3405 quae
1853 3331 1891 3389 de
1911 3334 2051 3391 ecclesiis
2072 3335 2102 3392 in
2123 3337 2235 3394 Africa

363 3405 410 3490 ρά,
430 3412 448 3489 ἡ
470 3405 509 3473 π’.
530 3409 548 3490 ἡ
569 3414 634 3493 napi
655 3417 707 3474 τοῦ
727 3415 921 3494 κοιαίστωρος,
944 3409 961 3492 η’
983 3409 1037 3475 κε’.
1054 3411 1149 3496 η’ττερλ
1162 3409 1270 3491 όπλων,
1320 3421 1383 3489 αεος
1404 3417 1496 3486 nix..
1519 3432 1577 3490 qua
1598 3417 1635 3474 de
1658 3417 1715 3475 boo
1735 3417 1852 3493 agitur,
1874 3421 1909 3474 ut
1930 3417 2044 3492 horum,
2076 3422 2128 3494 qui
2149 3423 2233 3480 Gon·

362 3491 380 3574 ἤ
408 3489 466 3573 οβ’.
493 3493 511 3575 η’
540 3498 605 3577 περ)
630 3499 683 3560 ταῶ
709 3493 909 3578 μοδεράτωρος
934 3495 1088 3579 Ἀραβίας,
1126 3497 1144 3580 η’
1173 3497 1223 3582 ργ’.
1251 3497 1268 3582 ἡ
1320 3501 1513 3573 stantinopoli
1539 3501 1672 3559 defuncti
1701 3507 1786 3576 sunt,
1816 3501 1905 3560 elatio
1937 3518 1977 3560 ex
2005 3504 2087 3562 mille
2115 3513 2234 3564 eentum

360 3579 428 3658 περ)
447 3583 499 3639 τοῦ
519 3575 691 3643 ἀνθυπάτου
708 3585 911 3682 Παλαιστίνης,
933 3577 950 3662 ἦ
974 3579 1035 3662 ρις’.
1057 3581 1075 3664 ἡ
1096 3587 1160 3664 τερ)
1182 3607 1269 3666 erpa·
1320 3587 1549 3661 ergasteriorum
1586 3600 1712 3661 magnae
1749 3586 1898 3643 eeclesiae
1932 3587 2157 3662 deputatorum,
2196 3593 2233 3649 de

361 3665 486 3735 τιωτῶν,
513 3660 532 3742 ἡ
562 3659 619 3744 ρλ’.
649 3663 667 3742 ν)
695 3669 760 3748 περ)
788 3665 988 3746 προσοδοοῧθ)
1017 3674 1215 3748 στρατιωτῶν,
1250 3666 1268 3750 ἡ
1319 3671 1427 3742 quibus
1449 3665 1580 3729 Novella
1592 3673 1702 3729 dell.
1723 3671 1863 3744 loquitur,
1885 3671 1983 3729 reditu
2004 3675 2071 3746 δεῖς
2093 3676 2230 3750 LXXX„

361 3740 434 3828 ρνβ’.
463 3742 481 3826 ἡ
510 3749 575 3827 περ)
601 3753 654 3810 τοῦ
673 3747 713 3830 μὴ
735 3751 938 3832 nemaeum)
960 3747 1013 3824 τάς
1034 3756 1098 3833 περ)
1126 3755 1269 3833 δημοσίων
1319 3770 1396 3826 quae
1425 3755 1463 3812 de
1493 3761 1648 3828 quaestore
1680 3759 1802 3828 tractat3
1832 3757 2000 3831 dxxxv,
2022 3773 2100 3830 quae
2122 3761 2159 3818 de
2179 3777 2233 3820 ar·

359 3823 499 3903 κελεόσενς
527 3832 612 3912 χωρὶς
646 3830 795 3914 κυράσιως
825 3841 883 3897 τῶν
912 3831 1050 3916 ἐπάρχων.
1098 3827 1185 3900 αόται
1218 3839 1270 3919 pir
1318 3840 1376 3896 mis
1406 3845 1467 3911 est3
1512 3841 1585 3914 CIL,
1622 3856 1698 3912 quae
1727 3839 1764 3897 de
1790 3841 1976 3899 moderatore
2002 3845 2139 3902 Arabiae
2167 3852 2231 3920 est;

359 3907 411 3976 σόν
436 3915 538 3995 natm)
566 3926 821 4000 καταστρωθεῖσαι
849 3921 948 4000 νιαραλ
980 3925 1031 3982 τοῦ
1060 3918 1267 3998 Ἰονστινιανοῶ,
1319 3925 1407 4007 cut,
1439 3939 1515 3997 quae
1542 3923 1580 3982 de
1606 3925 1783 3997 proconsule
1804 3926 1993 3984 Palaestinae
2020 3931 2232 4006 est3GXV1„

359 3995 594 4080 άχρηστεόσασαι
624 4003 664 4063 at.
706 4005 754 4064 arni
784 4005 864 4076 τέλος
891 4003 945 4087 ἔχει
973 4027 1019 4066 σοι
1048 4009 1078 4068 ἐν
1103 4007 1207 4088 βραχεῖ
1232 4005 1267 4070 τό
1318 4023 1394 4080 quae
1422 4009 1460 4066 de
1491 4008 1634 4067 militibus
1664 4013 1726 4082 est3
1760 4011 1900 4082 CXXX„
1929 4027 2007 4084 quae
2033 4013 2072 4070 tle
2101 4017 2232 4074 transitu

359 4086 509 4164 ἐπίταγμα.
542 4087 712 4188 σημειωτέον
732 4091 765 4150 δέ
784 4109 830 4149 σοι
851 4095 910 4151 τῶν
930 4095 960 4152 ἐν
980 4101 1044 4162 ταῖς
1064 4103 1187 4172 νεαραῖς,
1209 4087 1269 4154 οίον
1318 4093 1446 4150 militum
1468 4101 1534 4167 est3
1578 4096 1676 4168 ceu,
1698 4109 1773 4166 quae
1795 4095 1834 4152 de
1855 4095 1912 4152 boo
1933 4103 1996 4172 est,
2023 4103 2058 4154 ut
2079 4100 2235 4159 iussiones

360 4165 426 4240 ξίνα
441 4163 531 4266 μενά,
561 4191 607 4232 οτι
635 4169 651 4232 ό
680 4169 866 4256 περωρισμός
893 4171 927 4236 οά
956 4168 1014 4236 λόει
1040 4170 1078 4237 τά
1099 4179 1267 4251 συνοικίσειν,
1318 4177 1356 4236 de
1387 4180 1505 4236 caussis
1543 4179 1672 4252 publicis
1706 4181 1821 4255 factae,
1863 4179 1976 4253 absque
2013 4187 2236 4256 praefectorum

359 4253 408 4311 ant
435 4273 481 4312 οτι
508 4250 524 4314 ό
554 4251 696 4331 κολωνός,
723 4253 776 4320 κάν
796 4263 943 4338 παρουσία
968 4263 1020 4320 τοῦ
1042 4263 1144 4322 οίκιίσυ
1165 4256 1269 4324 δεσπό-
1319 4264 1540 4321 confirmatione
1561 4279 1620 4322 non
1647 4263 1779 4325 valeant.
1829 4267 1894 4322 Hae
1914 4271 1985 4324 sunt
2006 4269 2155 4328 Novellae
2178 4274 2235 4330 ln-

359 4355 412 4396 του
433 4339 608 4412 δανείσεται,
631 4337 664 4400 ori
685 4353 763 4404 ποιεῖ
779 4339 869 4405 αότόν
890 4340 999 4425 ε’νσχον,
1021 4345 1068 4405 καλ
1089 4341 1106 4422 ἡ
1128 4340 1187 4407 λα’.
1208 4368 1269 4408 νεα·
1318 4349 1451 4422 miniani,
1473 4364 1550 4420 quae
1571 4349 1603 4405 in
1625 4347 1766 4405 Basilicis
1788 4350 1904 4421 positae
1925 4356 2006 4434 sont,
2026 4352 2059 4410 io
2080 4353 2236 4414 desuetu-

358 4415 523 4504 ράἡαερλ
543 4419 809 4500 ἀποκαταστάσεως
828 4431 1014 4507 προικιμαίων
1034 4422 1052 4508 ἢ
1073 4433 1270 4510 προγαμιαίων
1318 4432 1417 4490 dinem
1440 4441 1537 4490 tamen
1558 4434 1703 4492 abierunt.
1745 4434 1848 4505 Atque
1876 4434 2025 4493 adfinem
2047 4437 2133 4497 brevi
2156 4441 2235 4499 baec

358 4501 535 4587 πραγμάτων
556 4504 810 4589 διαλαμβάνουσα,
831 4513 969 4591 λέγουσα,
996 4507 1042 4576 ότι
1063 4509 1206 4594 tecvm)
1227 4518 1271 4590 τίς
1319 4517 1481 4590 descriptio
1507 4518 1650 4590 perducta
1677 4521 1733 4575 eat.
1784 4519 1941 4577 Notandae
1962 4526 2033 4578 sunt
2054 4529 2153 4582 autem
2177 4525 2234 4584 tibi

1319 4617 1358 4660 ex
1383 4602 1437 4677 iis,
1480 4617 1557 4674 qnae
1582 4602 1613 4658 in
1642 4601 1778 4660 Novellis
1807 4609 1895 4678 sunt,
1937 4609 2108 4665 sententiae
2132 4627 2228 4682 para-

1317 4686 1428 4744 doxae:
1466 4687 1638 4759 Deportatio
1666 4686 1852 4744 matrimonia
1883 4704 1943 4746 non
1980 4691 2128 4752 dissolvit.
2187 4697 2230 4754 nt

1315 4771 1453 4845 colonus,
1475 4773 1609 4844 quamvis
1630 4776 1786 4844 praesente
1806 4773 1923 4831 domino
1944 4789 2000 4832 suo
2021 4781 2151 4836 mutuom
2173 4780 2233 4835 fa-

1314 4856 1384 4929 ctat,
1410 4871 1476 4912 eum
1499 4855 1675 4931 obligationi
1696 4856 1855 4916 obnoxium
1874 4873 1933 4916 non
1953 4859 2062 4918 reddit.
2097 4865 2135 4921 lit
2154 4863 2233 4922 blo-

1313 4939 1394 4996 rella
1414 4941 1574 5014 XXXIX„
1601 4955 1678 5013 quae
1705 4941 1743 4998 de
1763 4957 1860 5000 rernm
1881 4943 2033 5020 dotalium,
2056 4947 2240 5009 veientum

1314 5039 1391 5096 quae
1423 5025 1456 5082 in
1483 5029 1553 5082 ante
1581 5027 1700 5098 nuptias
1730 5025 1888 5086 donatione
1917 5034 2004 5105 sunt,
2038 5033 2241 5094 restitutione

1313 5113 1432 5186 tractat,
1452 5125 1511 5168 non
1528 5111 1677 5184 prohiberi
1699 5125 1874 5185 quemquam
1894 5112 1977 5189 dicit,
1999 5117 2164 5188 quominus
2185 5137 2240 5180 res

378 5357 384 5374 1
505 5299 552 5360 12)
568 5301 615 5351 810
629 5299 695 5352 Cod.
729 5303 797 5368 leeg.
815 5301 884 5374 ρνδ’.
918 5302 988 5355 Vide
1006 5305 1091 5357 Teon.
1158 5305 1206 5365 20)
1222 5307 1270 5358 Sic
1283 5307 1348 5360 cod.
1382 5310 1450 5375 leeg.
1464 5307 1596 5380 Ὀσρσηνῇ.
1648 5310 1696 5370 21)
1714 5309 1799 5360 Teuc.
1815 5307 1915 5369 πλάτος
1931 5313 1982 5362 τῶν
1996 5316 2095 5380 νεαρῶν
2108 5320 2140 5369 in
2163 5335 2243 5374 γοα

350 5377 450 5423 mnata
466 5365 604 5432 designari
621 5372 735 5420 censuit
770 5371 812 5420 Ad
830 5371 937 5423 cometa
955 5374 1099 5424 lectionem
1116 5373 1309 5428 defendendam
1327 5379 1394 5428 fucit
1411 5383 1576 5441 prooemium
1594 5379 1772 5442 Epanagoges
1789 5377 1832 5426 ed.
1850 5380 1936 5430 Wltte
1954 5383 1981 5430 tn
1993 5383 2083 5434 Mruel
2100 5387 2243 5443 libeant

352 5431 507 5511 δρομῆς.
523 5437 579 5487 824
597 5435 641 5488 ναὶ
658 5439 824 5508 πρῶτονμὲν
840 5437 874 5489 τά
890 5438 923 5490 ἀν
939 5439 1065 5492 πλάτει
1081 5443 1134 5492 τῶν
1150 5443 1270 5495 παλαιῶν
1284 5441 1371 5504 νόμων
1386 5446 1489 5505 κείμενα
1511 5441 1619 5496 ἅπαντα
1635 5443 1858 5514 ἀνακαθαρίαασα
1874 5445 1902 5496 ts
1918 5448 2112 5519 πεσσσράιονω
2129 5458 2246 5524 3132*

350 5497 490 5550 αθαλυταν
506 5503 550 5554 κατ’
567 5501 717 5556 ἀνόθευτον
733 5503 764 5556 τό
780 5508 836 5556 πάν
850 5509 939 5570 χῶμα
954 5511 1004 5561 τοῦ
1024 5508 1123 5572 νόμον,
1147 5509 1179 5568 de
1194 5510 1269 5572 αόμσο
1287 5515 1372 5578 θεῖον,
1393 5511 1454 5573 tntu
1472 5513 1584 5584 ἐκέρασε.
1683 5513 1733 5572 22)
1754 5512 1782 5563 ἐν
1804 5513 2086 5570 Κανσταντεναυπόλεε
2111 5531 2246 5582 comm

350 5561 435 5614 'l'aom
534 5572 980 5658 8t1)11eg.q'.‚ut'l¹aun.vidit.2
1070 5579 1118 5638 at)
1135 5581 1202 5643 Leg.
1216 5575 1353 5664 ἄρχοντας,
1371 5585 1400 5629 ut
1417 5581 1501 5631 Taum.
1520 5583 1596 5631 vidit.
1696 5583 1745 5640 2ο)
1762 5581 1888 5650 περὶτοῦ
1905 5581 2008 5644 όανόεεν
2024 5587 2247 5654 humanm,

348 5630 399 5688 2⁰)
427 5632 481 5682 Pro
510 5640 647 5699 βασιλικῶν
682 5639 776 5694 Codex
814 5644 893 5693 babet
920 5647 988 5707 βασ.
1088 5646 1445 5711 87)heg.nt'.‚nt'1'ann.
1464 5647 1538 5699 vidit.
1640 5649 1689 5709 28)
1705 5649 1759 5700 Pro
1781 5648 1917 5714 ἐκκλησιῶν
1934 5651 2025 5702 Codex
2041 5653 2119 5728 ἐνιλη·
2138 5663 2249 5720 m

347 5713 395 5830 {Ol
411 5715 466 5766 Pro
482 5719 542 5786 περ)
558 5723 604 5789 τῆς
620 5723 920 5784 Κονσταηινοοπόλεως
937 5727 1028 5778 Codex
1045 5729 1126 5779 babet
1148 5718 1185 5781 π’“
1205 5711 1239 5784 {³
1245 5703 1355 5782 Κάάπό.
1389 5731 1437 5790 80)
1452 5733 1507 5782 Pro
1524 5728 1657 5801 προσόδου
1674 5733 1758 5784 fanu.
1777 5734 1833 5796 legi
1848 5735 1924 5785 iubet
1940 5733 2067 5802 παρόδου.
2110 5745 2248 5812 mco.

366 5791 400 5832 01
417 5783 560 5854 tppoeeu.
628 5792 676 5851 ab)
692 5793 746 5844 Pro
763 5794 807 5845 καὶ
822 5796 876 5860 leg.
895 5793 933 5860 at,
951 5799 980 5846 ut
996 5801 1025 5847 et
1042 5797 1126 5848 Tana.
1144 5802 1239 5853 voluit.
1295 5798 1341 5864 οδ)
1358 5799 1444 5852 daun.
1460 5795 1579 5866 ἀζημίως.
1614 5803 1711 5852 bteiius
1728 5801 1909 5854 zachanaena
1925 5801 2067 5863 διελιπον.
