4790 7064
341 533 361 580 c
821 467 1314 577 rnouncouaun.
1357 487 1593 576 cn'rur
1636 505 1694 573 vr.

342 697 453 766 liberis
472 697 507 764 in
527 693 664 764 medium
684 693 868 783 protulerit,
888 713 993 782 neque
1013 693 1190 761 Iustiniano
1204 696 1421 783 Athanasius,
1442 695 1496 782 qui
1510 711 1742 780 saepenumero
1752 685 1788 781 ¹]
1810 689 1956 768 adeum,
1977 705 2072 775 quem
2092 709 2191 778 supra

342 800 591 887 descripsimus,
611 793 737 865 modum
757 796 818 862 boc
839 794 964 875 dicendi
984 813 1118 878 genere
1128 815 1204 862 usus
1224 815 1304 864 esse
1325 795 1516 882 reperiatur.
1558 794 1635 880 lpse
1647 791 1964 878 Muebtenbrucbins,
1984 789 2058 874 quid
2079 809 2191 857 verum

343 907 453 990 esset,
487 899 563 988 quid
584 917 666 980 non,
700 917 744 964 ex
763 897 884 962 Iuliano
912 901 1123 962 antecessore
1144 895 1296 964 didicisse
1323 896 1471 962 debebat.
1515 893 1575 962 Sic
1604 897 1688 960 enim
1715 893 1857 959 Iulianus
1878 895 1983 958 const.
2009 887 2094 955 107.
2118 909 2190 979 cap.

344 999 453 1068 375..
492 1001 546 1089 „si
566 1008 660 1086 pater
681 1017 752 1064 cum
773 1016 860 1070 nmn
872 1015 930 1061 sna
952 995 1006 1060 vel
1027 997 1202 1062 concubina
1223 995 1287 1082 filii
1313 999 1367 1061 aui
1392 995 1579 1062 commixtus
1600 993 1727 1062 inerit“.
1772 991 1874 1074 Quam
1895 991 2032 1059 eandem
2054 998 2193 1058 senten·

343 1103 421 1169 tiam
449 1099 614 1168 confirmat
642 1105 678 1166 et
703 1094 900 1164 Athanasius
930 1094 980 1160 tit.
1004 1094 1039 1161 7.
1061 1105 1177 1164 const.
1201 1095 1282 1164 5.
1264 1123 1284 1177 q
1305 1099 1345 1182 τῇ
1334 1099 1488 1182 [γαμετῇ
1477 1093 1589 1180 ιῆιῆ
1610 1095 1759 1180 παλλακῇ
1780 1095 1854 1158 τοῦ
1875 1088 2059 1168 παιδός’
2044 1117 2062 1157 ο
2083 1091 2189 1180 πατὴρ

346 1197 593 1290 συνδιεφθάρη.

1023 1364 1088 1434 ΙΧ.
1131 1363 1221 1432 Νοο.
1246 1363 1340 1434 127.
1362 1385 1436 1453 cap.
1458 1365 1496 1433 3.

468 1501 645 1592 Imperator
664 1498 876 1590 lastinianus,
909 1520 979 1568 cnm
1006 1501 1064 1582 iis,
1102 1520 1184 1588 quae
1211 1501 1251 1568 ad
1279 1503 1440 1568 secundas
1470 1501 1602 1588 nuptias
1629 1519 1696 1568 non
1722 1499 1916 1587 transirent,
1949 1497 2056 1566 viduis
2077 1517 2189 1564 usum·

343 1607 480 1674 fructum
500 1609 577 1670 aute
597 1601 726 1687 nuptias
747 1600 947 1688 donationis,
982 1621 1075 1689 qnam
1096 1620 1140 1668 ex
1161 1603 1267 1689 priore
1288 1603 1485 1670 matrimonio
1508 1607 1703 1669 consecutae
1726 1609 1856 1692 essent,
1889 1599 2051 1690 dedisset,
2079 1601 2189 1667 liberis

344 1715 452 1778 antem
472 1725 515 1772 ex
535 1705 642 1793 priore
661 1702 860 1768 matrimonio
881 1704 968 1768 uatis
991 1705 1062 1769 cius
1090 1703 1270 1770 donationis
1298 1704 1526 1790 proprietatem
1548 1707 1799 1788 conservasset,
1832 1701 1919 1766 Nov.
1946 1700 2033 1768 127.
2056 1721 2127 1788 cap.
2151 1699 2187 1766 3.

344 1811 406 1878 boc
427 1804 632 1874 sanciendum
654 1803 795 1892 putavit,
830 1807 865 1869 ut
894 1821 936 1869 ex
966 1823 1007 1870 ea
1028 1805 1227 1891 proprietate
1248 1807 1351 1891 ροιιίο
1373 1805 1478 1870 virilis
1501 1804 1675 1871 secuudum
1697 1821 1859 1869 nnmerum
1880 1803 2048 1869 liberorum
2069 1809 2104 1869 et
2124 1803 2188 1889 ipsi

344 1909 462 1978 viduae
488 1909 697 1994 competeret.
736 1900 864 1982 Ἐπειδὴ
892 1905 941 1983 δέ,
973 1905 1089 1990 inquit,
1123 1910 1179 1970 καὶ
1206 1904 1265 1981 τὰς
1291 1914 1448 1994 γυναῖκας
1477 1903 1536 1981 τας
1556 1909 1601 1980 είς
1630 1901 1775 1986 δεύτερον
1796 1900 1901 1986 γάμοι
1923 1901 1983 1968 οὐκ
2003 1908 2186 1990 ἑρχομίνας,

344 2005 559 2117 προτιμήσιως
578 2002 664 2080 τινὸς
685 2001 778 2084 ἀξίας
798 2027 886 2092 παρα
906 2003 964 2081 τὰς
985 2001 1331 2094 διυτερογαμοὺσας
1298 2028 1379 2070 ιιιιαι
1400 2007 1582 2086 νομιζομεν,
1605 2005 1815 2087 θισπιζομεν,
1846 2011 1947 2080 εἴτις
1967 2001 2188 2088 ἀποβαλο-

343 2117 440 2195 acra
466 2098 535 2172 τὸν
561 2103 695 2188 ἄνδρα
724 2105 876 2188 ἐτέριον’
858 2101 1036 2184 απὸσχοιτο
1057 2105 1189 2194 γάμοιο,
1222 2109 1305 2184 taso
1333 2108 1390 2187 μὲν
1418 2103 1519 2182 αὐτὴν
1544 2103 1603 2183 τὴν
1625 2107 1740 2193 χρῆσιν
1770 2107 1826 2182 τῆς
1847 2104 1907 2190 πρὸ
1928 2102 2035 2187 γάμον
2056 2107 2186 2192 δωριας,

346 2206 467 2293 [καθὰ
492 2210 548 2274 και
575 2204 728 2293 πρότερον
754 2206 1009 2294 ἐθισπίσαμιν,]
1048 2212 1130 2285 ἔχειν
1157 2208 1190 2272 δὲ
1218 2204 1319 2284 αὐτὴν
1345 2208 1403 2271 καὶ
1436 2207 1620 2324 δεσποτείας
1645 2207 1823 2283 τοσοῦτον,
1859 2203 1937 2270 ὅσον
1963 2202 1982 2282 ri
2004 2203 2081 2288 πρὸς
2110 2203 2186 2281 τοὶς

344 2312 462 2386 παῖδας
482 2306 642 2388 ἀναλογία
662 2313 762 2384 ποιεῖ,
784 2306 838 2371 ἵνα
858 2329 945 2371 κατα
965 2304 1022 2371 τὸν
1042 2308 1098 2384 τῆς
1118 2309 1300 2383 δεσποτείας
1320 2303 1453 2388 λόγονέ
1454 2305 1508 2382 νὸς
1529 2309 1584 2372 καὶ
1606 2305 1688 2385 αὐτὴ
1711 2303 1816 2396 (maie
1835 2307 1931 2390 vulgo
1948 2303 2052 2396 αὐτῇ)
2073 2304 2186 2379 παιδὸς

214 2402 223 2418 ’
344 2407 513 2500 πρόσωπον
533 2413 616 2486 ἔχειν
636 2409 732 2472 δοκεῖ.
777 2407 836 2471 Vir
863 2405 1067 2473 doctissimus
1096 2403 1363 2498 Marezolltnsss
1394 2407 1475 2473 baec
1501 2406 1671 2472 lastiniani
1699 2408 1802 2472 verba
1823 2405 1865 2472 ad
1886 2407 2084 2472 matrimonia
2105 2426 2186 2492 quo-

345 2529 470 2597 cunque
495 2506 588 2575 modo
618 2508 723 2574 soluta
748 2507 874 2589 retulit,
907 2529 971 2575 uon
999 2513 1121 2574 tantum
1150 2509 1193 2574 ad
1221 2528 1276 2597 ea,
1310 2527 1392 2594 quae
1421 2515 1523 2574 morte
1558 2507 1664 2574 mariti
1697 2506 1893 2574 dirimuntur.
1938 2505 2061 2574 Contra
2094 2527 2188 2594 quam

347 2609 486 2678 coiaco
507 2616 541 2676 et
564 2605 723 2676 Gtuecldo
744 2608 849 2674 visum
869 2604 981 2700 esta).
1024 2609 1099 2675 Nou
1121 2627 1181 2694 ego
1203 2609 1264 2675 boc
1293 2609 1364 2676 loco
1385 2609 1518 2674 aliorum
1539 2609 1660 2675 scrinia
1688 2610 1885 2700 compilato,
1923 2608 1985 2675 hoc
2011 2629 2105 2674 unum
2126 2607 2188 2674 ad-

346 2711 443 2799 dam,
464 2710 599 2778 eandem
619 2709 712 2775 huius
732 2708 893 2775 Novellae
913 2709 995 2794 legis
1019 2710 1317 2796 interpretationem
1345 2709 1455 2776 haberi
1477 2715 1511 2776 et
1531 2709 1617 2796 apnd
1637 2710 1852 2776 Athanasium
1873 2719 1907 2775 et
1928 2709 2013 2796 apud
2035 2705 2188 2773 Theodo-

344 2832 414 2878 rum
435 2809 739 2898 Hermopolitannm.
781 2807 828 2874 Et
848 2809 1049 2876 Athanasius
1071 2811 1197 2897 quidem
1218 2811 1267 2877 tit.
1291 2806 1327 2877 9.
1349 2817 1453 2876 const.
1479 2807 1539 2875 ta.
1561 2810 1644 2876 haec
1664 2811 1811 2896 protulit:
1833 2809 1853 2889 ἡ
1873 2807 1917 2893 μὴ
1938 2811 2186 2894 διατερογαμοῖι-

345 2936 390 2978 σα
410 2909 488 2994 γυνὴ
509 2909 611 2988 πάσης
631 2914 688 2993 μίν
708 2912 764 2989 τῆς
783 2909 843 2998 πρὸ
866 2908 974 2994 γάμον
995 2913 1112 2997 δωρεᾶς
1133 2919 1230 2989 ἐχέτω
1248 2913 1381 2997 χρῆσιν,
1403 2908 1559 2990 ἐκδικήσει
1580 2913 1613 2977 δὲ
1635 2913 1701 3002 καὶ,
1713 2919 1807 2994 μέρος
1821 2913 1876 2990 τῆς
1892 2913 2074 2986 δεσποτείας
2089 2909 2188 2987 αὐτῆς

345 3010 433 3100 πρὸς
448 3010 505 3078 τὸν
534 3010 679 3127 αριθμὸν
705 3014 768 3077 τῶι
798 3011 928 3076 παίδων.
973 3011 1163 3080 Theodorus
1190 3019 1297 3078 antem
1328 3010 1370 3078 ad
1391 3013 1479 3079 Nou.
1502 3010 1565 3078 22.
1586 3014 1619 3078 in
1641 3012 1852 3080 Basilicornm
1875 3011 1927 3079 ed.
1948 3009 2082 3076 Fabroti
2101 3015 2187 3075 tomo

344 3113 404 3178 lv.
428 3133 459 3198 p
481 3110 570 3178 447.
591 3115 654 3177 τῶν
675 3112 820 3227 γαμικῶν
841 3113 959 3199 κερδῶν
981 3119 1013 3178 oi
1032 3111 1075 3196 μὴ
1097 3115 1398 3200 δευτερογαιίοῖντες
1411 3138 1444 3177 τι
1446 3117 1535 3190 λςείω
1548 3111 1743 3192 δεσπόζουσι.
1765 3121 1906 3195 μέμνησο
1919 3107 2039 3195 tuest.
2062 3112 2186 3197 νεαρᾶς.

344 3216 441 3330 τοξπο
462 3211 626 3301 canapeia]
601 3209 700 3296 disq.
716 3209 826 3299 νιοιρα.
847 3210 928 3291 πλὴν
942 3209 1074 3302 ίσθι,
1058 3237 1107 3277 οτι
1127 3211 1207 3278 ἄλλο
1227 3214 1482 3299 προστιμδησι
1443 3239 1515 3297 τηε
1472 3221 1646 3300 ιιίρημίνῃ
1663 3212 1721 3298 qq.
1740 3211 1860 3301 ἡριιζ.
1883 3211 1991 3298 νεαροὶ.
2014 3207 2188 3294 ανάγνιιθι

346 3335 403 3395 ouo
424 3335 481 3389 τας
502 3311 559 3378 δύο
581 3310 750 3392 διατάξεις·
772 3309 946 3401 σήμερον
966 3311 1043 3398 γὰρ
1065 3309 1083 3378 ὁ
1109 3311 1157 3394 μὴ
1179 3278 1492 3398 davtepoyocpoio
1519 3303 1613 3392 ’ἑνὸς
1639 3312 1767 3397 μόνον
1788 3312 1936 3390 παιδὸς
1959 3317 2042 3392 ἔχει
2062 3320 2187 3396 μέρος

345 3412 451 3479 κατὰ
472 3416 718 3480 δεσποτείαν.
761 3413 855 3480 llaec
876 3413 1004 3502 quidem
1026 3413 1217 3482 Theodorus
1238 3413 1280 3480 nd
1307 3415 1469 3482 Novellac
1500 3413 1588 3482 127.
1612 3423 1767 3482 tenorem.
1811 3409 1953 3500 Cumque
1974 3421 2108 3499 uterque
2128 3413 2188 3478 lu·

345 3514 555 3584 stinianarnm
580 3515 789 3582 Noveitarum
815 3516 978 3603 interpres
1004 3515 1202 3602 generaliter
1228 3517 1269 3580 de
1305 3517 1447 3581 omnibns
1475 3518 1600 3582 omuino
1629 3516 1838 3583 niatrimoniis
1857 3516 1957 3581 locuti
1988 3534 2066 3581 esse
2087 3533 2190 3601 repe-

327 3615 482 3694 ‘riantur,
505 3613 710 3695 uon-dubito,
747 3616 821 3702 quin
843 3615 961 3683 exinde
983 3617 1024 3682 ad
1045 3615 1309 3685 Mareuollianam
1329 3617 1510 3704 opinionem
1531 3616 1745 3686 adiuvandam
1766 3615 1808 3683 ad
1828 3615 2043 3703 liquidumque
2065 3615 2187 3704 perdu-

347 3714 481 3784 cendam
502 3715 619 3803 aliquid
639 3715 789 3783 utilitatis
809 3717 853 3782 sit
872 3716 1131 3785 redundaturum.

1061 3985 1456 4000 Ἠ

468 4169 589 4236 Verum
621 4169 719 4260 haec,
759 4177 795 4238 ut
827 4172 957 4262 opinor,
994 4175 1037 4241 ud
1069 4175 1122 4264 id,
1159 4173 1243 4261 quod
1278 4193 1376 4260 supra
1410 4174 1519 4260 posui,
1562 4173 1844 4241 demonstrandum
1883 4173 2053 4242 sufficient.
2115 4176 2189 4243 lta-

229 4288 234 4297 ·
345 4287 425 4360 que,
445 4288 488 4336 ue
508 4271 595 4357 longi
616 4291 694 4340 csse
714 4271 898 4362 videamur,
929 4277 991 4342 boc
1010 4277 1081 4342 loco
1103 4275 1276 4362 paullisper
1297 4275 1500 4350 subsistimus
1521 4275 1617 4340 animi
1638 4294 1658 4340 a
1679 4274 1736 4340 tali
1759 4281 1886 4360 tamque
1907 4275 2053 4344 taedioso
2073 4277 2187 4345 labore

344 4371 504 4438 avocandi
525 4390 659 4464 caussa,
688 4380 738 4463 et,
765 4375 794 4440 si
816 4393 898 4462 qnae
919 4377 983 4444 alia
1005 4375 1178 4442 Athanasii
1197 4375 1310 4441 librum
1331 4376 1492 4442 illustrare
1516 4375 1704 4464 videantur,
1733 4375 1805 4440 aliis
1826 4377 1907 4442 viris
1935 4377 2039 4444 doctis
2059 4380 2093 4443 iu
2113 4398 2187 4445 me-

343 4469 429 4537 dinm
448 4471 625 4540 adserenda
646 4475 860 4562 relinquimus.
903 4476 975 4542 Nos
995 4477 1135 4555 interea,
1168 4476 1220 4541 bis
1248 4477 1341 4562 quasi
1367 4475 1552 4562 quibusdam
1580 4477 1709 4542 auxiliis
1731 4476 1994 4564 adminiculisque
2017 4479 2091 4544 freti
2098 4527 2108 4566 ,
2141 4479 2186 4546 ad

342 4567 515 4639 lastiniani
540 4574 699 4642 Novellas
731 4581 766 4642 et
792 4575 1000 4644 illustrandas
1026 4583 1061 4644 ct
1088 4577 1201 4644 critica
1223 4583 1293 4643 arte
1324 4595 1363 4642 ac
1383 4577 1551 4663 disciplina
1572 4575 1799 4663 perpoliendas
1821 4579 2043 4667 transibimus,
2077 4597 2186 4666 neque

341 4673 590 4762 committemus,
617 4681 669 4764 ut,
696 4695 790 4762 quam
811 4675 908 4742 ductu
929 4677 1144 4765 auspiciisque
1172 4678 1235 4744 viri
1256 4677 1352 4762 longe
1373 4675 1551 4743 doctissimi
1573 4672 1716 4744 amavi
1734 4677 1881 4744 lloeoeli
1901 4678 2186 4747 administrandam
2269 4737 2277 4747 .

341 4775 543 4860 suscepimus
563 4777 782 4862 provinciam,
798 4776 935 4845 eandem
954 4785 1078 4846 mature
1098 4778 1285 4846 deseruisse
1305 4776 1481 4844 videamur.

371 5071 374 5080 ⁴
439 5080 467 5140 1)
484 5083 537 5134 l'lt.
554 5087 579 5134 0.
606 5088 690 5134 const.
716 5083 760 5136 10.
784 5073 857 5136 οὗτοι
881 5082 930 5155 γὰρ
955 5082 1023 5147 μετὰ
1044 5089 1095 5136 τῶν
1121 5082 1218 5136 οἰκείαν
1242 5084 1336 5146 κονίαν
1358 5087 1620 5152 commutamus,
1648 5081 1695 5135 ιιοῖιι
1712 5081 1860 5141 anticristus
1877 5081 1966 5143 αὐτοῖς
1983 5084 2186 5152 καθεστήκασιν.

223 5220 228 5231 Ι
254 5166 268 5188 “
341 5161 394 5214 aa.
412 5165 438 5212 a.
455 5171 540 5216 corat.
565 5167 608 5218 ll.
630 5165 675 5224 dciv
688 5183 727 5224 τις
750 5165 786 5226 εἰς
807 5168 869 5226 τοὺς
887 5167 998 5226 οἰιιιίονς
1015 5169 1170 5230 διπθίμινος
1190 5167 1295 5225 παῖδας.
1329 5171 1364 5220 ut
1380 5172 1420 5220 ott.
1439 5169 1483 5220 10.
1501 5179 1586 5221 const.
1603 5171 1630 5221 2.
1648 5165 1695 5220 noir
1712 5165 1916 5234 ὑπιιιατίστηοιν
1932 5166 2016 5237 αὐτὴν
2034 5165 2048 5219 ὁ
2064 5165 2130 5238 ἀνὴρ
2143 5173 2188 5236 ,τῷ

341 5243 436 5380 otrqqqu4
441 5247 524 5298 παιδί.
624 5249 654 5316 a)
670 5250 701 5301 ln
717 5251 802 5304 bure:
827 5253 986 5319 zeitschrift
1008 5253 1060 5317 fair
1079 5251 1227 5304 Gtattreclt
1247 5252 1305 5304 arad
1322 5251 1442 5305 Ριοπιιι
1457 5267 1510 5306 ναι
1527 5257 1613 5307 harde
1621 5287 1633 5323 ,
1652 5261 1715 5310 totu·
1732 5252 1778 5306 ill.
1795 5269 1821 5318 p.
1838 5254 1899 5306 105.
1999 5250 2027 5317 8)
2044 5254 2111 5306 Vide
2127 5255 2150 5306 l.
2168 5258 2190 5306 l.

339 5340 367 5390 p.
437 5362 445 5379 .
