4784 7068
389 564 464 634 rm
1126 521 1550 631 Arununsu

467 757 581 835 Χρῆναι
614 755 700 834 φησὶν
732 750 750 834 ἡ
780 749 904 827 διάταξις
930 748 997 826 ants
1024 750 1242 834 ἀσελγαίνοντας
1269 749 1287 833 ἢ
1414 755 1557 828 oportere
1585 751 1656 812 dicit
1685 748 1855 811 constitutio
1884 767 1951 828 eos,
1981 753 2031 828 qui
2053 753 2238 814 luxuriantur

382 843 621 922 βλασφημοῦντας
647 834 722 901 κατά
748 842 873 918 κεφαλῆς
900 844 973 899 θεοῦ
982 835 1027 913 ⁶⁴)
1050 833 1067 916 ἢ
1089 834 1184 918 τριχὸς
1206 834 1288 917 ipri-
1331 840 1610 911 autblasuiremant,
1631 854 1697 894 cum
1718 855 1771 911 per
1793 837 1842 894 dei
1864 844 1951 910 caput
1967 845 2020 895 aut
2035 841 2172 911 capillum
2188 843 2236 898 iu-

383 946 468 996 οντας
495 919 551 986 ὑπὸ
586 929 637 985 τοῦ
664 919 789 1003 ἐπάρχου
817 928 867 1002 τῆς
894 919 1004 994 πόλεως
1014 923 1060 999 t3⁶)
1093 927 1290 1002 συνεχομένους
1331 929 1407 996 rent,
1427 939 1445 978 a
1463 925 1614 996 praelecto
1626 924 1708 980 urbis
1724 923 1849 979 detineri
1866 929 1896 980 et
1910 925 2016 995 puniri.
2046 927 2132 996 Nota,
2145 927 2239 1000 magis

382 1005 564 1084 κολάζεσθαι,
605 1007 834 1086 σημείωσαιθθ),
873 1000 918 1067 ὅτι
948 1009 1055 1087 μᾶλλον
1082 1003 1182 1086 τοπικι)
1216 1009 1290 1068 ἐστὶν
1332 1025 1400 1066 esse
1414 1009 1536 1066 localem
1557 1007 1666 1082 (hanc)
1684 1007 1922 1064 constitutionem
1937 1010 2240 1082 Constantinopolita-

357 1084 362 1097 ’
384 1089 769 1170 Κωνσταντινουπόλεωςθῖ)
796 1093 996 1171 [ἐπιτραπῆναι
1016 1087 1069 1164 τοὶς
1090 1088 1180 1165 αὐτὰς
1206 1111 1291 1172 τιμον·
1332 1109 1389 1151 nae
1409 1094 1551 1164 civitatis,
1573 1093 1659 1167 (quia
1681 1093 1830 1162 praelecto
1852 1093 1918 1148 urbi
1939 1095 2240 1166 Constantinopolita-

384 1177 526 1258 oloec].⁶⁸)
1332 1177 1406 1254 nae)
1427 1177 1547 1236 eaedem
1568 1191 1681 1264 pmnae
1702 1175 1926 1252 (exequendae)
1947 1178 2103 1235 mandatae
2123 1185 2200 1235 sunt.

572 1423 628 1541 7ζά
653 1423 860 1528 παράυιπλα
884 1430 952 1499 τοῦ
976 1423 1109 1500 σίκλου.
1579 1423 1748 1499 Paralitla
1773 1423 1876 1499 huius
1902 1424 2002 1499 tituli.

252 1627 310 1670 nav.
328 1625 383 1671 ita.
467 1609 828 1694 φ,1,Τε;α’.διαι.β’.
870 1610 1033 1696 Μηδεὶςθθ)
1054 1609 1185 1694 σκηνικὸς
1204 1617 1291 1696 μιμεῖ.
1418 1613 1450 1688 9.
1472 1613 1501 1670 1.
1522 1613 1581 1672 tiit.
1603 1613 1633 1672 i.
1660 1617 1753 1671 const.
1781 1612 1811 1670 2.
1853 1615 1962 1674 Nullus
1984 1614 2090 1674 histrio
2111 1613 2235 1674 habiturn

384 1706 453 1763 σθω
474 1705 568 1784 σχῆμα
589 1697 735 1782 ιἐρατικόν.
1001 1780 1013 1808 ἱ
1335 1701 1546 1798 sacerdotalem
1567 1700 1704 1758 imitator.

1700 1997 1864 2008 -ι--ι--ι-

636 2285 711 2370 TI
719 2277 813 2368 ΤΛ
825 2283 907 2366 ΟΣ
939 2285 1009 2380 ιγ’.
1532 2273 1837 2364 TITULUS
1897 2275 2035 2362 Xiii.

626 2473 741 2560 Περὶ
782 2468 1045 2560 ἐπιτρόπων.
1422 2468 1485 2538 De
1514 2469 1732 2538 tutoribus
1766 2476 1827 2556 (ct
1853 2471 2158 2554 curatoribus).

486 2674 561 2804 [a',]
588 2673 680 2804 ὥσφε
689 2679 735 2758 ’0)
750 2671 837 2767 τοὺς
849 2652 1044 2748 ὑπεύθυνα
1054 2675 1100 2755 ⁷¹)
1123 2675 1293 2766 λέγοντας
1436 2671 1582 2770 (Consi.
1603 2675 1659 2771 l.)
1687 2677 1738 2751 Ut
1761 2675 1798 2772 ii,
1826 2675 1884 2774 qui
1912 2676 2087 2774 obligatas
2113 2701 2154 2751 se
2178 2677 2239 2750 ha-

384 2781 476 2874 ἔχειν
500 2807 547 2852 τα
573 2777 983 2881 πραγματαπιιῖννέων
1008 2769 1141 2850 καὶτὰ
1168 2777 1257 2876 ἑξῆς.
1334 2774 1419 2850 bere
1444 2799 1504 2850 res
1529 2776 1696 2852 minorum
1722 2775 1860 2870 dicunt,
1887 2785 1923 2852 et
1948 2778 2090 2875 reliqua.

251 2991 310 3036 nov.
324 2992 365 3037 τε.
468 2955 665 3048 Αάτοιιράτωρ
693 2960 893 3037 Ἱονστινιανὸς
916 2958 1033 3044 Ἰωάννη
1064 2962 1288 3045 (υ.’1ουστινια-
1415 2967 1576 3039 luperator
1602 2968 1787 3026 lastinianus
1812 2968 1937 3026 Iohanni
1972 2968 2124 3040 praefecto
2153 2983 2240 3040 prae-

382 3045 432 3124 τὸς
450 3047 582 3130 Ἰωάννη)
603 3047 716 3132 ἐπάρχῳ
737 3054 924 3131 πραιτωρίων.
1330 3051 1417 3109 turio.
1916 3072 1919 3078 ’

465 3185 498 3248 Ὁ
518 3180 686 3265 καλούμενος
712 3189 750 3256 εἰς
779 3179 933 3264 ἐπιτροπὴν
959 3178 978 3264 τ’)
1006 3179 1179 3264 mutinae,
1206 3181 1287 3246 insv-
1413 3185 1535 3259 Ia,·qui
1556 3185 1594 3242 ad
1616 3187 1739 3245 tutelam
1769 3191 1821 3246 aut
1841 3197 1939 3247 curam
1961 3192 2100 3259 vocatur,
2128 3186 2155 3242 ai
2177 3201 2239 3243 ma-

298 3285 304 3298 ·
380 3267 478 3343 δῦνως
500 3272 541 3349 (υ,
556 3266 731 3346 ὑπεύθυνος)
755 3272 898 3346 διαφανῶς
911 3263 951 3330 ἀν
965 3279 1024 3340 τοῖς
1042 3265 1170 3350 ἀφήλιξιν
1192 3265 1288 3348 [iim
1330 3270 1441 3328 nitesto
1462 3270 1623 3328 minoribus
1644 3273 1684 3328 sit
1705 3274 1864 3348 obligatus,
1885 3273 1968 3348 (vei)
1989 3273 2137 3347 obligatos
2162 3273 2240 3342 ipsos

937 3348 944 3370 i

380 3355 576 3435 ὑποκειμένους
593 3355 638 3430 ⁷³)
668 3349 771 3426 αὐτοὺς
799 3351 876 3454 ἔχων,
908 3377 948 3455 μη
977 3356 1223 3434 παρερχέσθωῖἐ)
1252 3358 1290 3424 είς
1330 3355 1455 3429 habeat,
1484 3356 1586 3412 horum
1608 3357 1728 3414 tutelam
1751 3358 1922 3433 (curamve)
1952 3374 1989 3414 ne
2011 3357 2100 3413 adito.
2143 3359 2178 3413 si
2200 3371 2241 3424 eo,

380 3437 432 3519 νην
453 3436 560 3502 τούτων
581 3441 753 3518 κηδεμονίαν.
790 3443 838 3498 ἐαν
872 3461 946 3500 κατα
973 3433 1024 3498 τὸν
1049 3445 1100 3516 τῆς
1127 3441 1290 3518 κηδεμονίας
1332 3455 1389 3512 quo
1416 3439 1539 3496 tutelam
1570 3443 1664 3514 gerit,
1699 3449 1828 3514 tempore
1860 3445 1992 3498 actiones
2020 3442 2137 3512 aliquas
2167 3447 2243 3496 tutor

381 3521 480 3602 καιρὸν
513 3520 624 3603 ἀχωχάς
657 3518 734 3593 τινάς
767 3518 842 3584 κατά
874 3527 932 3584 τῶν
966 3519 1068 3602 ἀνίβων
1096 3523 1138 3602 (υ.
1165 3518 1288 3602 ἀνήβων)
1333 3529 1434 3581 contra
1457 3526 1624 3596 impuberes
1645 3528 1795 3600 acquiret,
1826 3527 1903 3584 aliua
1926 3528 1953 3582 ei
1975 3525 2146 3599 adiungitur
2181 3524 2242 3599 (et)

381 3605 515 3688 κτήσεται
525 3607 571 3682 ⁷⁵)
594 3605 609 3668 ὁ
632 3609 799 3688 ἐπίτροπος,
834 3597 977 3681 dtinuit)
1006 3605 1085 3683 αὐτῷ
1106 3603 1288 3688 προσζευχνά-
1331 3610 1427 3666 iurato
1455 3625 1488 3665 se
1510 3615 1693 3682 curaturum,
1722 3615 1756 3666 ut
1776 3612 1869 3668 minor
1897 3611 2040 3668 indemnis
2066 3615 2245 3680 praestetur.

382 3693 504 3769 cecil)
539 3691 608 3770 [nui]
619 3691 664 3768 ⁷⁸)
700 3689 841 3771 invictior
874 3688 1035 3772 ἀπρόδοτον
1062 3688 1211 3770 φυλάττειν
1238 3687 1289 3753 τὸν
1330 3696 1378 3768 Is,
1399 3695 1448 3765 qui
1469 3699 1634 3767 propterea,
1656 3695 1734 3766 quod
1754 3697 1894 3752 minorem
1915 3696 1972 3750 sibi
1993 3694 2101 3750 habeat
2123 3694 2243 3768 obliga-

381 3777 507 3852 siout).
535 3773 613 3836 ὁδιά
626 3771 659 3836 πὸ
679 3771 839 3836 ὑπεύθυνον
852 3771 1054 3856 ἔχειντόννέον
1066 3772 1290 3856 παραιτούμενος
1332 3783 1409 3852 tum,
1437 3779 1565 3836 cilicium
1592 3785 1725 3854 recusat,
1754 3781 1811 3836 hoc
1841 3781 2037 3838 demonstrato
2064 3781 2117 3836 aut
2137 3779 2244 3834 iurato.

382 3857 570 3939 reducturos
597 3855 786 3921 ἀποδεικνύτω
805 3857 809 3940 Ι
830 3858 876 3937 ⁸⁰)
907 3860 1047 3936 roricum)
1076 3857 1093 3940 l)
1116 3855 1234 3941 ὀμνύτω.
1266 3865 1293 3922 εί
1333 3864 1408 3922 Nam
1431 3864 1475 3936 si,
1497 3879 1563 3918 cum
1584 3865 1719 3937 tacuerit,
1742 3865 1854 3922 electus
1876 3865 1981 3936 fuerit,
2002 3865 2067 3936 ipse
2088 3879 2125 3918 ea
2146 3865 2245 3919 actio-

381 3939 438 4025 χάρ
460 3941 607 4020 σιωπήσας
627 3949 826 4025 χειροτονηθῇ,
849 3947 972 4006 ἐκπίπτει
993 3951 1044 4024 τῆς
1064 3943 1138 4006 κατὰ
1159 3950 1210 4006 τοῦ
1228 3948 1292 4006 τίον
1333 3963 1381 4022 ne,
1404 3963 1489 4020 quam
1512 3951 1612 4004 contra
1632 3951 1772 4006 minorem
1795 3951 1929 4023 ilabebat,
1952 3948 2071 4004 excidit.
2107 3949 2166 4016 Qui
2186 3963 2245 4002 au-

382 4027 494 4110 ἀχωχῆς
521 4023 673 4104 nostem).
717 4027 733 4089 ὁ
767 4029 796 4090 δὲ
823 4032 968 4108 διαφανοῦς
995 4023 1156 4101 ὑπεύθυνος
1183 4024 1222 4090 ἀν
1250 4033 1291 4105 τῷ
1335 4038 1393 4089 tem
1425 4033 1581 4089 manifesto
1614 4035 1717 4089 minori
1751 4035 1900 4109 obligatus
1933 4037 1994 4106 est,
2031 4034 2057 4088 si
2072 4034 2148 4088 'hoc
2176 4033 2247 4087 data

382 4117 435 4188 νέιρ
443 4111 491 4188 ⁸³)
513 4115 638 4190 ἐπίτηδες
659 4108 860 4192 cronicorum)
878 4116 1049 4194 sacerdotate
1057 4112 1103 4191 85)
1126 4116 1198 4174 τισὶν
1218 4109 1293 4192 πρὸς
1335 4133 1425 4188 opera
1446 4117 1584 4188 tacuerit,
1613 4117 1650 4173 ad
1671 4119 1872 4176 liberationem
1901 4119 1937 4174 ab
1960 4117 2142 4192 obligatione
2169 4131 2247 4173 cou-

383 4196 600 4276 ἐλενδερίανθθ)
617 4201 817 4278 τηςένοχης...
835 4197 892 4276 sn),
925 4203 951 4260 si
968 4193 1042 4258 κατὰ
1063 4193 1289 4279 ιόνκαιρὸντοῦ
1335 4201 1514 4272 sequendam
1542 4201 1688 4258 solutione
1722 4203 1797 4278 (non
1833 4201 1993 4276 peruenit).
2035 4204 2068 4258 si
2103 4205 2248 4274 tempore,

384 4280 520 4360 ὀφφικίου
541 4275 558 4361 ἢ
577 4283 624 4342 καλ
643 4277 717 4360 μετὰ
738 4288 830 4344 ταῦτα
851 4279 1022 4362 ἐπιτηδεύσει
1044 4277 1205 4344 ὑπεύθυνον
1225 4279 1289 4362 κτη’-
1333 4301 1390 4357 quo
1417 4287 1515 4344 officio
1543 4287 1739 4361 fungebatur,
1766 4293 1818 4344 aut
1845 4289 1932 4344 ctiam
1959 4291 2026 4358 post
2058 4285 2133 4343 haee
2165 4291 2249 4342 tutor

385 4373 501 4426 οασδαι
516 4362 570 4426 τὸν
590 4369 649 4425 νέον
670 4363 685 4426 ὁ
709 4362 840 4446 κηδεμών,
864 4364 880 4448 ἢ
903 4363 1013 4448 ἀηωχάς
1025 4364 1087 4426 κατ’
1102 4364 1191 4428 αὐτοῦ
1209 4371 1290 4448 ἐκχω-
1333 4370 1523 4445 (curatorve)
1546 4370 1742 4444 obligationes
1764 4372 1907 4428 adversus
1928 4373 2067 4427 minorem
2088 4372 2251 4442 acquirere

385 4453 521 4529 ρηδῇναι,
544 4447 622 4512 οὐδὲν
643 4445 732 4512 αὐτόν
752 4448 845 4514 ἀδικεῖ
861 4455 908 4513 καὶ
930 4451 945 4513 ὁ
967 4447 1220 4534 χειροτονησαςθθ)
1243 4451 1290 4513 αὐ·
1333 4455 1464 4512 studebit
1483 4455 1533 4512 uel
1553 4457 1685 4512 actiones
1706 4460 1808 4512 contra
1827 4471 1894 4513 eum
1915 4457 1972 4514 sibi
1994 4455 2061 4511 cedi
2082 4459 2113 4512 et
2133 4456 2171 4532 is,
2193 4455 2253 4527 qui

483 4801 528 4866 oi)
545 4803 599 4853 Pro
617 4804 686 4852 dccii
703 4801 795 4853 Codex
812 4805 891 4854 babet
907 4805 952 4861 323·
1055 4802 1101 4870 oo)
1118 4803 1212 4856 Codex
1228 4803 1329 4862 πόλιος.
1432 4802 1480 4869 dd)
1497 4804 1590 4856 Codex
1605 4803 1666 4877 ἷῖηἷ
1764 4807 1812 4872 or)
1835 4805 1928 4859 Codex
1944 4807 2251 4861 commotiunculam.

383 4866 610 4931 68)81ο(1οι1εκ.
645 4869 711 4920 iliud
728 4873 794 4920 sutis
812 4877 936 4934 apparet,
954 4874 1048 4924 borurn
1066 4875 1208 4924 verborum
1233 4874 1392 4922 sententiam
1415 4885 1470 4924 non
1486 4886 1549 4924 asae
1567 4877 1634 4924 satis
1652 4878 1825 4938 perspicuam.
1861 4878 1989 4938 Srrspicor
2005 4879 2095 4926 nutem
2111 4879 2174 4923 ante
2195 4887 2254 4922 vo-

381 4949 439 4986 cem
454 4937 750 4994 Κιινστοιντινουπόλεως
768 4941 833 4988 litteo
849 4941 994 4990 excidisse:
1012 4937 1056 4990 διὰ
1072 4939 1103 4988 τὸ
1121 4942 1159 5006 τῷ
1176 4938 1279 5009 ἐπάρχῳ
1286 4939 1585 4999 Κνννοταντινονπόλεως
1607 4941 1784 5010 ἐπιτραπῆναι
1801 4939 1848 5000 τὰς
1860 4941 1943 4999 adroic
1958 4941 2090 5012 τιμωρίας.
2125 4945 2257 5002 Quorum

382 5005 527 5054 verborum
546 5007 610 5056 liaeo
626 5008 678 5054 erit
694 5009 841 5055 sententia:
870 5009 917 5071 td,
935 5009 1006 5072 quod
1023 5009 1146 5073 dicitur,
1168 5009 1311 5072 praesecto
1334 5009 1411 5057 urbis
1430 5008 1751 5072 Constantinopolitanae
1773 5013 1844 5061 tales
1859 5023 1963 5074 ηιοννιαν
1981 5011 2088 5074 intuitui
2105 5021 2256 5074 coequen-

382 5073 447 5136 dns,
465 5073 610 5137 manifesto
627 5085 683 5122 csse
699 5076 874 5138 ανρυπιναέο,
891 5088 978 5138 quare
995 5075 1065 5126 ίιιινιο
1084 5078 1299 5148 constitutionem
1317 5075 1430 5126 localem
1447 5089 1504 5124 csse
1520 5078 1674 5127 credamus.
1714 5079 1853 5128 Caeterum
1878 5079 1956 5127 tacite
1973 5083 2092 5140 apparet,
2115 5077 2257 5139 qrremnd-

384 5141 487 5190 modrmr
506 5141 589 5190 verba
606 5137 651 5190 διὰ
667 5135 697 5186 τὸ
715 5139 751 5203 τῷ
768 5137 872 5208 ἐπάρχῳ
890 5147 951 5203 post
970 5155 1052 5192 voces
1071 5139 1124 5194 ὑπὸ
1141 5145 1190 5192 τοῦ
1208 5139 1324 5208 ἐπάρχου
1348 5144 1471 5192 excidere
1489 5147 1630 5206 putruerint.
1716 5148 1760 5204 itti)
1786 5147 1877 5196 Codex
1893 5141 1974 5210 μηδέης
1991 5146 2069 5194 nabet
2087 5146 2148 5193 icco
2166 5147 2259 5192 vocis

380 5206 477 5269 μηδεὶς.
518 5206 565 5268 70)
582 5211 625 5257 Sic
642 5207 742 5257 Codex.
776 5210 979 5270 degendumex
996 5213 1129 5262 titulorum
1147 5211 1232 5260 indice
1250 5209 1284 5259 σι’.
1303 5203 1444 5267 ἀστικούς
1463 5215 1490 5260 et
1507 5217 1573 5261 cnet.
1612 5255 1615 5263 ,
1642 5212 1688 5276 71)
1706 5215 1796 5264 Codex
1818 5210 1967 5264 ὑπιυδυνα.
2035 5213 2085 5270 72)
2103 5213 2163 5260 Vox
2184 5209 2205 5276 ἧ
2228 5215 2260 5259 iu

383 5273 482 5325 Codice
498 5276 582 5325 deest.
674 5275 723 5332 73)
740 5274 832 5326 Codex
850 5273 1024 5336 ὑποκείμενος.
1115 5277 1162 5342 74)
1180 5277 1270 5327 Codex
1292 5279 1456 5345 παρεχέοδον.
1491 5279 1559 5328 Nou.
1578 5281 1621 5328 72.
1640 5293 1697 5342 ean.
1716 5281 1741 5330 1.
1759 5278 1795 5346 μὴ
1813 5281 1935 5350 παριέναι
1958 5276 1994 5335 εἰς
2016 5277 2066 5343 τὴν
2089 5279 2262 5342 κηδεμονίαν

380 5339 473 5392 αὐτοῦ.
541 5341 586 5402 78)
604 5342 657 5392 Pro
674 5359 704 5391 ατ
715 5343 796 5392 ’σεται
814 5344 904 5394 Codex
922 5339 1046 5410 ἡτησιται
1063 5345 1150 5394 babet.
1184 5347 1225 5394 Au
1242 5345 1359 5394 tortasse
1378 5343 1627 5412 νο1υ11αἰτήσεται,
1653 5351 1704 5397 1ιοο
1722 5355 1771 5410 est,
1788 5351 1892 5412 poscet,
1918 5349 1951 5397 ut
1967 5348 2017 5396 sliri
2034 5363 2052 5397 a
2069 5347 2158 5396 iudice
2178 5347 2261 5395 recl-

380 5409 507 5462 dantnri?
531 5410 630 5470 Quodsi
647 5408 846 5476 quitationes
864 5415 998 5476 coniiotat,
1013 5413 1078 5462 Nou.
1096 5413 1142 5461 72.
1159 5424 1216 5472 cap.
1234 5412 1260 5460 2.
1279 5415 1451 5463 contradicet.
1484 5415 1589 5476 Optime
1606 5421 1691 5464 arriani
1710 5415 1831 5481 κτήσεται
1849 5417 1960 5479 legetur.
1995 5416 2063 5464 Noc.
2081 5415 2128 5463 w.
2145 5425 2215 5474 cap.
2228 5416 2280 5482 ⁸2..

382 5470 534 5551 ἀπιύθιινον
551 5473 623 5541 αὐτῷ
640 5474 761 5543 κτήσαιτο
778 5475 826 5528 τὸν
843 5481 908 5529 νέον.
939 5481 1059 5532 Litterae
1075 5498 1089 5528 ιι
1107 5483 1135 5528 et
1151 5497 1167 5542 η
1185 5482 1213 5528 in
1229 5477 1328 5528 Codice
1345 5485 1417 5541 quasi
1435 5483 1545 5544 quadam
1561 5485 1682 5532 ductuum
1700 5487 1860 5548 cognatione
1877 5486 2079 5545 coniunguntur.
2130 5481 2186 5540 76)
2198 5483 2262 5529 Ρεο

342 5556 348 5567 ·
380 5543 457 5599 αλδυς
473 5543 566 5594 Codex
580 5541 660 5594 babet
676 5541 737 5594 ἀλλ’
755 5539 796 5600 ὥς.
870 5545 918 5610 77)
936 5547 1028 5598 (lodex
1045 5541 1279 5615 προσζιιχνοίσθω.
1346 5548 1392 5612 78)
1409 5549 1501 5599 Codex
1517 5561 1612 5599 vocent
1631 5551 1674 5598 καὶ
1691 5563 1743 5599 non
1763 5551 1849 5600 habet.
1922 5549 1970 5612 711)
1988 5549 2080 5599 Codex
2094 5549 2179 5598 tranet
2203 5551 2265 5596 τῶν

382 5611 451 5660 νέων.
519 5611 873 5674 80)Ιοο1ρ11101.167.8.
941 5613 987 5676 81)
1003 5614 1057 5663 Pro
1073 5614 1155 5663 τοῦτο
1173 5611 1264 5664 Codex
1281 5614 1359 5664 habet
1376 5615 1469 5666 τούτω.
1538 5615 1585 5678 82)
1603 5617 1655 5666 Pro
1674 5615 1754 5674 αὐτὸς
1771 5619 1862 5669 Codex
1878 5618 1956 5668 habet
1972 5615 2052 5683 αὐτῷ.
2121 5615 2174 5676 83)
2198 5617 2266 5665 Pro

267 5694 292 5724 ,ι
382 5679 419 5740 τῷ
436 5679 483 5742 τίοι
501 5679 593 5730 Codex
611 5681 689 5730 nnbat
705 5682 756 5729 τῶν
773 5683 842 5732 νέων.
910 5680 957 5741 84)
976 5679 1067 5730 Codex
1084 5679 1331 5746 ἐπιτηδεοιωπὴυας.
1399 5682 1446 5744 8³)
1462 5685 1517 5734 Pro
1534 5685 1691 5746 νιαταβολαῖς
1708 5685 1799 5735 Codex
1816 5687 1895 5736 habet
1912 5687 2018 5749 καταβό.
2086 5683 2132 5746 811)
2150 5681 2267 5733 Codex

381 5761 446 5813 προς
463 5745 622 5812 ἐλευθερίαν.
680 5747 727 5805 87)
745 5749 913 5800 iiauiiesium
931 5753 972 5798 est
990 5747 1112 5811 qrraedam
1129 5751 1277 5813 excidisse,
1295 5751 1419 5799 incussis
1437 5749 1485 5812 οὐχ
1502 5747 1566 5816 ἥκει.
1585 5752 1743 5814 Οιιυωιχυαιυ
1761 5756 1827 5803 nnec
1843 5756 1937 5804 lacuna
1954 5755 1981 5802 in
1998 5752 2063 5802 God.
2079 5756 2176 5802 notata
2198 5765 2268 5800 mon

382 5819 431 5863 est.
468 5816 536 5864 Nou.
561 5816 603 5864 ⁷2.
623 5827 680 5880 cup.
704 5815 729 5863 4.
754 5815 816 5865 ἴστον
833 5817 876 5866 καὶ
894 5806 982 5872 οὗτος,
1009 5811 1040 5871 ὥς
1063 5811 1148 5872 ὑφέξει
1165 5813 1259 5881 ποινὴν
1281 5815 1314 5866 τὸ
1331 5813 1366 5881 μὴ
1390 5817 1523 5868 libanitae
1546 5819 1702 5881 καταβολαῖς
1719 5816 1735 5885 ἢ
1752 5815 1842 5876 ἄλλοις
1865 5818 1951 5871 λύσεσι
1974 5822 2023 5870 τοῦ
2038 5821 2129 5888 χρέους
2146 5817 2269 5868 ἑαυτὸν

382 5879 559 5931 israelitas.
629 5883 673 5944 88)
690 5883 743 5932 Pro
758 5883 941 5952 χειροτονήσας
953 5895 992 5956 ¹ex
1011 5883 1078 5934 Nili·
1096 5885 1139 5934 ‘72-
1158 5897 1214 5947 cult.
1233 5888 1259 5935 «i.
1279 5891 1372 5936 tenore
1390 5886 1529 5951 legendum
1548 5887 1651 5938 videtur
1667 5885 1809 5957 ἐκχωρήσας
1822 5885 1902 5952 αὐτῷ.
