4760 7042
397 481 823 557 ΟΟΙιῙιΕΟΤΙθ
875 481 1189 552 LXXXVII
1245 479 1792 556 CAPITULORUM.
1953 485 2034 554 887

249 675 299 742 σι’.
341 681 405 759 περ)
433 681 485 739 τοῦ
505 671 544 756 μὴ
572 675 670 749 ἐξεῖναι
695 677 802 748 tarsos·
827 668 907 756 λιτὴν
935 685 1025 736 ποιεῖν
1051 675 1076 736 i-
1210 649 1279 745 bap.
1301 667 1352 730 ⁷5.
1393 675 1440 732 Ne
1471 675 1558 732 laicis
1588 676 1677 734 licent
1703 677 1949 752 supplicationem
1980 681 2034 736 la·

167 761 233 838 ναὸς
253 759 409 826 ἐπισκόπου
436 757 453 841 ἢ
474 765 616 842 steppo-aon.
1126 772 1194 816 cere
1215 757 1326 829 ubsque
1347 758 1486 832 episcopo
1508 761 1556 816 vel
1577 760 1703 819 clericis.

249 844 305 922 ος’.
347 850 411 928 περ1
438 850 491 906 τοῦ
521 841 560 924 μὴ
588 841 662 906 κατὰ
690 840 809 924 βαθμὸν
823 842 866 924 ¹⁷)
894 838 1074 922 πάνταςῐθ),
1210 842 1281 913 Cap.
1303 840 1353 898 76.
1395 844 1435 901 Ut
1473 845 1594 901 abbates
1637 861 1675 901 ue
1709 849 1870 904 secunlum
1907 848 2032 924 gradum

167 929 241 996 ἀλλὰ
261 929 329 994 κατ’
352 925 480 1010 ἐσδομίμ
500 925 567 1002 τούς
584 927 752 1010 ἡγουμένους
773 932 918 1009 γίνεσθαι·
940 925 978 988 ari
999 923 1073 990 αὐτοὶ
1125 926 1299 1000 omnimodo,
1321 943 1422 984 verum
1444 944 1482 984 ex
1503 929 1646 986 electione
1662 931 1743 1003 liant,
1764 933 1924 1005 eademqne
1943 933 2032 991 etiam

166 1021 195 1080 oi
216 1020 264 1080 καὶ
285 1022 313 1078 ἐν
334 1017 494 1096 γυναικείοις
514 1017 721 1094 μοναστηρίοις.
1124 1011 1156 1068 iu
1176 1011 1330 1068 mulierum
1357 1013 1543 1070 monasteriis
1566 1021 1731 1070 serventur.

249 1097 301 1176 σζ’.
343 1103 471 1178 περὶτοῦ
491 1095 529 1177 μὴ
551 1097 650 1170 ἐξεῖναι
671 1090 817 1178 ἄγνωστοι
837 1090 995 1176 πρόσωπον
1015 1089 1074 1176 πρὸ
1210 1095 1281 1166 Cap.
1304 1093 1352 1151 77.
1394 1097 1434 1154 Ut
1445 1097 1565 1172 ignotae
1578 1113 1720 1169 personae
1736 1101 1804 1154 ante
1817 1101 1938 1159 triennii
1955 1105 2034 1160 tem-

165 1193 291 1268 τριετοῦς
311 1180 413 1266 χρόνον
433 1185 529 1262 λαβεῖν
550 1179 583 1244 τὸ
605 1176 757 1262 μοναχοιόν
778 1185 882 1260 σχῆμα.
1124 1194 1181 1252 pus
1202 1180 1396 1238 monasticum
1418 1182 1548 1238 barbitum
1576 1198 1724 1240 assumere
1745 1198 1783 1240 ne
1804 1183 1900 1243 liceat.

249 1264 305 1350 ον’.
346 1270 484 1348 περὶτοῦ
510 1263 549 1346 μὴ
571 1268 728 1346 βαρεῖσθαι
749 1258 1075 1343 ὑποιαταστοίσειίθ)ἢ
1210 1265 1281 1336 Cep.
1303 1263 1352 1320 78.
1395 1267 1435 1323 Ut
1463 1283 1500 1324 ne
1529 1267 1738 1324 substitutione
1767 1270 1819 1322 aut
1847 1269 2034 1328 restitutione

163 1349 451 1428 daonaroeerdesrw)
479 1347 545 1421 τοὺς
565 1346 794 1428 postremam)
824 1345 898 1428 27²²)
928 1343 1076 1428 κληροιοὺς
1124 1348 1261 1404 monachi
1282 1349 1330 1406 vel
1358 1350 1460 1408 clerici
1486 1351 1535 1408 vel
1563 1351 1748 1408 diaconissae
1769 1359 1943 1426 onerentur3
1985 1355 2034 1411 sin

162 1435 398 1520 ἢδιακονίσσας·
442 1439 469 1497 εί
499 1434 528 1495 ot
554 1430 873 1514 commissam),
910 1435 942 1494 τί
972 1432 1074 1512 δίμῖὓ)
1126 1433 1163 1488 ab
1198 1433 1301 1490 ordine
1334 1435 1529 1510 recesserint,
1574 1437 1624 1493 cui
1655 1451 1768 1508 poenae
1801 1437 1856 1502 bos
1891 1437 2035 1496 obnoxios

162 1521 328 1601 ὑποστῆναι.
650 1595 651 1599 ¹
1127 1532 1197 1575 csso
1220 1522 1361 1589 oporteat.

247 1601 314 1668 σθ’.
355 1606 420 1686 περὶ
452 1606 504 1664 τοῦ
541 1605 681 1682 διαφέρειν
715 1598 753 1664 τοὶ
787 1605 844 1663 τῶν
877 1599 1077 1663 ἀποταιιτικιόν
1211 1602 1284 1674 Cap.
1307 1602 1357 1658 79.
1399 1604 1440 1661 lit
1466 1617 1515 1659 res
1544 1619 1661 1680 eorum,
1697 1602 1748 1676 qui
1773 1606 1892 1662 saeculo
1922 1621 2036 1663 renun-

162 1687 374 1772 apoipparcii)
405 1693 446 1766 τῷ
466 1685 716 1770 peremptae),
745 1684 819 1748 ἔνθα
844 1688 891 1748 καὶ
918 1683 1075 1759 οἱπετάξαι.
1125 1686 1216 1760 tlunt,
1249 1686 1287 1742 ud
1315 1687 1538 1762 monasterium,
1575 1691 1629 1747 ubi
1657 1691 1747 1746 etiam
1776 1691 1895 1746 saeculo
1922 1705 2036 1748 renun-

163 1778 263 1856 1027).
1126 1771 1246 1844 tiarunt,
1267 1772 1442 1843 pertineant.
1884 1829 1890 1842 ,

247 1854 292 1921 π’.
334 1858 398 1936 περ)
427 1861 480 1918 τοῦ
509 1853 609 1929 ἐξεῖναι
643 1850 696 1935 τὴν
722 1857 825 1916 οἰκείαν
850 1850 950 1916 οὐσίαν
977 1857 1075 1916 διανεῖ-
1211 1855 1284 1927 Cep.
1306 1855 1354 1916 81).
1398 1857 1437 1914 Ut
1458 1857 1503 1929 ei,
1530 1858 1580 1928 qui
1608 1858 1729 1914 saeculo
1757 1857 1921 1932 renuntiat,
1948 1857 2038 1916 liceat

160 1968 216 2024 μαι
237 1945 346 2005 παίδων
364 1939 518 2018 acrum)
540 1945 582 2018 τῷ
603 1937 845 2015 ἀποτασσομίιῳ,
868 1945 1076 2019 συναριθμοῦι-
1127 1939 1321 1996 substantiam
1344 1955 1427 1996 scam
1455 1941 1557 1998 liberis
1578 1945 1643 1998 suis
1665 1943 1860 2014 distribuere,
1890 1942 1959 1998 dum
1981 1959 2038 1999 se-

159 2052 211 2100 τος
234 2023 400 2088 luctorini
422 2022 555 2104 clypco
577 2026 856 2103 τοῠμοναστηρίου,
890 2020 929 2094 ὡς
950 2022 999 2083 ἕνα
1019 2027 1076 2084 τῶν
1125 2028 1186 2079 met
1201 2023 1297 2094 ipsum
1321 2025 1566 2097 contemplatione
1588 2027 1760 2083 monasterii
1781 2033 1927 2098 tamquam
1948 2041 2038 2084 uuum

158 2115 287 2174 παίδων·
329 2115 356 2172 εί
380 2112 410 2171 δὲ
436 2111 483 2168 καὶ
504 2106 562 2190 πρὸ
584 2103 692 2169 τούτων
711 2103 888 2186 τείνυτήσοι,
916 2109 948 2168 τί
971 2106 1075 2186 δίῃῧθ)
1126 2123 1165 2164 ex
1185 2107 1288 2166 liberis
1305 2115 1511 2182 connumeret3
1534 2112 1561 2167 si
1583 2127 1655 2168 vero
1677 2111 1765 2168 etiam
1785 2117 1854 2168 aute
1875 2112 1951 2168 haec
1971 2125 2038 2169 mo-

158 2200 304 2278 γενίσθαι.
1125 2193 1235 2266 rietur,
1264 2193 1333 2264 quiri
1354 2195 1417 2250 lieri
1439 2195 1552 2253 slebeat.

245 2273 313 2342 πα’.
355 2281 420 2358 περὶ
451 2281 508 2338 τοῖν
541 2278 587 2338 ἐπὶ
613 2270 820 2357 μιήστρωνῧῑ)
850 2267 867 2354 ἢ
899 2279 1077 2348 συνεστῶτος
1211 2278 1282 2348 esp.
1304 2275 1355 2335 81.
1397 2281 1442 2335 lie
1471 2281 1537 2354 his,
1570 2280 1620 2352 qni
1652 2281 1841 2353 sponsalibus
1876 2280 2037 2338 contractis

157 2371 212 2427 τοῦ
234 2360 326 2446 γάμου
347 2363 599 2437 ἀποτασσομείων.
1125 2359 1174 2417 vel
1197 2366 1351 2418 constante
1372 2364 1555 2420 matrimonio
1583 2367 1702 2421 saeculo
1723 2366 1902 2422 renuntiant

246 2445 310 2528 πβ’.
351 2452 416 2526 περὶ
436 2451 488 2509 τοῦ
508 2441 547 2524 μὴ
570 2445 672 2518 ἐξεῖναι
692 2441 856 2524 γονεῦσιθῖ)
877 2445 983 2514 παῖδας
1004 2439 1076 2504 ἀπο·
1210 2445 1282 2517 Cap.
1304 2444 1354 2504 88.
1398 2447 1438 2504 Ut
1459 2449 1629 2518 parentibus
1657 2466 1695 2507 nc
1722 2450 1812 2507 liceat
1833 2450 1959 2524 liberos,
1987 2452 2038 2524 qui

156 2537 354 2612 τασσομένους
381 2530 398 2612 ἢ
431 2532 515 2594 ποιισ)
523 2529 569 2610 ³³)
610 2533 708 2610 γονίας
741 2527 898 2590 ἀποκλείειν
925 2533 976 2606 τῆς
1004 2529 1076 2599 ίδίας
1125 2529 1248 2586 saeculo
1276 2530 1459 2604 renuntiant,
1496 2538 1547 2589 aut
1572 2533 1675 2590 liberis
1701 2540 1840 2608 parentes
1869 2537 1906 2592 ab
1928 2536 2038 2594 heere-

155 2619 352 2702 ιιλνρονομίας.
1127 2613 1219 2670 litate
1240 2615 1399 2671 excludere
1419 2631 1484 2674 sua.

246 2698 306 2784 σμ’.
349 2703 413 2776 περὶ
434 2703 486 2762 τοῦ
511 2692 550 2778 με)
579 2695 678 2769 ἐξεῖναι
704 2704 815 2778 γονεῦσι
841 2691 879 2760 τὰ
911 2694 969 2757 ι8ια
993 2697 1077 2758 τέκνα
1211 2699 1283 2770 Cap.
1305 2697 1356 2756 88.
1398 2695 1449 2758 Νο
1473 2701 1564 2758 liceat
1593 2703 1764 2775 presentibus
1792 2701 1903 2761 liberos
1930 2718 1950 2759 a
1970 2719 2038 2763 mo-

157 2787 300 2862 ἆποσπᾷν
326 2791 383 2845 τῶν
391 2785 436 2862 ³⁴)
458 2785 618 2864 μοιαστηρί
655 2828 662 2842 .
1126 2783 1266 2840 nasteriis
1287 2785 1458 2842 abstrahere
1480 2801 1560 2842 suos.

246 2865 313 2932 πδ’.
352 2871 488 2947 saepiaris
504 2862 731 2944 μεταβαινόντων
748 2859 808 2926 ἀπὸ
824 2863 1075 2948 μουαστηρίωνθὸ)
1210 2868 1281 2940 Cep.
1302 2867 1352 2923 84.
1395 2873 1440 2927 lie
1468 2871 1530 2943 his,
1562 2872 1614 2944 qui
1640 2872 1676 2928 ab
1705 2887 1765 2929 uno
1791 2872 1971 2930 monasterio
1999 2874 2039 2930 acl

155 2963 199 3028 εἰς
224 2951 416 3034 μοναστὴριον
444 2947 461 3032 ἢ
489 2945 745 3012 λειποτακτοὺντων
758 2949 820 3026 8³²¹)
851 2951 883 3011 τί
907 2949 1010 3030 new)
1033 2973 1074 3030 ys·
1125 2950 1206 3006 aliud
1232 2953 1442 3010 monesterium
1472 2959 1641 3027 transeunt,
1679 2957 1728 3014 vei
1754 2973 1773 3012 a
1800 2957 1978 3014 monasterio
2006 2958 2039 3015 iu

155 3045 275 3102 νέσθοιι.
1122 3039 1216 3092 totum
1237 3037 1389 3113 recedunt,
1418 3038 1488 3110 quii
1510 3041 1576 3098 lieri
1597 3041 1712 3097 debeat.

244 3116 304 3185 πι’.
346 3122 481 3201 περὶτῶν
497 3113 966 3222 ἁμααζόντωνῆὖπονοθευόντων
985 3111 1073 3198 ciceris
1208 3121 1279 3193 Cap.
1300 3119 1350 3177 85.
1393 3125 1437 3179 lie
1458 3124 1521 3198 bis,
1550 3125 1600 3197 qui
1622 3124 1779 3182 ascetriam
1805 3126 1855 3182 vel
1885 3125 2039 3183 diaconis-

154 3230 243 3288 τριαν
264 3203 281 3286 ἢ
305 3201 486 3267 διακόνισσαν
515 3199 785 3284 ὴμονοὶστριανῧῖ)
815 3205 862 3263 καὶ
884 3207 942 3263 τῶν
963 3197 1073 3274 τούτοις
1122 3219 1185 3260 sam
1213 3206 1262 3262 vel
1288 3208 1476 3264 monastriam
1497 3210 1617 3282 rapiunt
1638 3217 1691 3266 cut
1716 3209 1889 3280 sollicitant,
1912 3210 2037 3284 poenia-

155 3289 392 3374 ὁρισθέντωνθθ)
414 3290 521 3368 ἐπιτιμί
557 3333 564 3348 .
1122 3303 1190 3364 que,
1214 3305 1291 3360 quae
1313 3291 1458 3348 adversus
1481 3293 1535 3350 bos
1558 3299 1687 3350 statutae
1707 3299 1787 3351 sunt.

244 3371 308 3448 πς’.
350 3377 413 3454 περὶ
435 3378 486 3434 τοῦ
507 3369 636 3447 nessii)
664 3365 781 3450 τρόποις
808 3365 865 3431 ὑπὸ
887 3374 944 3432 ταῖν
965 3368 1074 3450 scapeia
1209 3376 1279 3448 Cap.
1303 3373 1353 3436 88.
1396 3377 1436 3434 Ut
1458 3377 1532 3434 baec
1553 3380 1688 3436 omnibus
1716 3379 1813 3436 modis
1833 3393 1853 3434 a
1872 3377 2037 3438 venerabi-

153 3459 245 3524 or'norc
280 3465 374 3520 ταῦτα
407 3456 642 3536 καταζνμεΐσθαι·
691 3459 719 3516 εί
745 3455 774 3514 ot·
795 3454 863 3515 είσω
892 3455 1072 3535 ἐνιαυτοῦω)
1121 3457 1201 3514 libus
1224 3459 1357 3516 domibus
1379 3461 1582 3536 inquirantur,
1604 3463 1631 3519 si
1652 3477 1723 3518 vero
1739 3463 1816 3519 intra
1838 3479 1946 3520 annum
1962 3464 2038 3521 baec

151 3544 198 3627 μὴ
229 3541 459 3622 διεκδυιηθῇῦῑ),
487 3538 593 3620 ronst)
614 3546 665 3621 τῆς
692 3533 787 3620 χώρας
808 3533 996 3620 deprecato),
1023 3538 1072 3601 κοὶ-
1122 3543 1272 3600 vindicata
1294 3561 1352 3601 non
1374 3547 1443 3618 sint,
1465 3552 1536 3603 tnnc
1557 3547 1728 3620 provinciae
1749 3545 1944 3621 magistratus
1966 3549 2038 3605 vin·

151 3641 250 3692 κεῖνον
267 3625 485 3710 βμελοῦνταΗ)
507 3621 563 3688 ὑπὸ
587 3633 637 3688 τοῦ
657 3623 840 3705 κου’μητσς45)
869 3621 1070 3708 πριβοίτων4θ)
1123 3625 1231 3684 dictam
1253 3633 1366 3704 sumat,
1388 3631 1495 3702 hicque
1517 3631 1544 3686 si
1566 3633 1711 3707 negligat,
1732 3648 1752 3686 a
1772 3631 1879 3688 comite
1899 3633 2037 3704 privata-

150 3710 190 3776 τό
223 3713 315 3793 μύσος
335 3708 517 3786 κολάζεσθαι.
1123 3725 1187 3768 rum
1208 3729 1304 3769 rerum
1328 3715 1438 3772 crimen
1459 3715 1607 3787 punietur.

243 3793 302 3871 πζ’.
345 3799 409 3876 περὶ
445 3803 497 3856 τοῦ
528 3789 568 3876 μὴ
600 3791 699 3867 ἐξεῖναι
732 3793 827 3872 μηδενὶ
861 3797 1021 3871 κεχρῆσθαι
1056 3786 1075 3872 ἢ
1209 3799 1280 3869 Cap.
1301 3797 1350 3853 87.
1393 3800 1434 3858 Ut
1454 3799 1563 3856 nemini
1584 3801 1675 3858 liceat
1701 3799 1746 3856 uti
1767 3800 1816 3858 vel
1836 3799 1962 3858 illudere
1982 3817 2036 3859 re-

152 3882 296 3960 ἐμπαῖξαι
304 3880 350 3957 ⁴⁷)
373 3879 539 3959 sciscere)
568 3875 692 3960 σχήματι
713 3873 730 3956 ἢ
759 3872 838 3954 πάσῃ
860 3879 1074 3955 exsuperasset}
1123 3880 1235 3954 ligioso
1256 3883 1401 3940 schemati
1429 3889 1481 3942 aut
1502 3885 1668 3956 cuicunque
1689 3885 1850 3962 religiosae
1863 3886 2035 3958 conditioni,

152 3961 338 4108 ἷέταστοὶσει
351 3966 399 4025 καὶ
420 3970 472 4044 τῆς
489 3976 549 4036 τοῖς
568 3960 760 4040 coacturum)
782 3959 951 4042 ὁρισθείσης
959 3959 1006 4040 ⁵⁰)
1028 3982 1074 4022 κο-
1123 3964 1220 4040 deque
1241 3982 1336 4040 poena
1357 3971 1460 4027 contra
1481 3969 1556 4026 tales
1583 3973 1705 4026 statuta

199 4070 281 4120 σεως.

314 4297 361 4357 17)
377 4294 485 4361 βαθμόν
507 4297 583 4348 1824.
600 4295 677 4348 18120.
693 4298 764 4360 vet,
787 4299 863 4346 nien.
879 4299 998 4362 βαθμοῦ.
1066 4297 1113 4359 18)
1130 4298 1233 4361 πάντας
1248 4302 1325 4354 necat
1340 4305 1368 4352 111
1386 4303 1472 4368 1824,
1489 4301 1594 4354 πάντων
1609 4303 1687 4354 Im
1741 4301 1858 4364 1181πό
1875 4301 2032 4355 καταπάσαι

150 4366 226 4417 Vat.
293 4365 341 4425 28)
359 4362 376 4431 ἢ
393 4363 606 4417 ἀπονατοιστοίσιι
624 4365 764 4414 desumit]
781 4365 842 4414 Vat.
910 4365 957 4424 21)
975 4363 1037 4423 τοὺς
1058 4367 1190 4432 μουαχοὺς
1205 4373 1267 4421 Vai.
1335 4371 1383 4431 22)
1400 4367 1495 4438 118ιῆ
1513 4371 1633 4422 (1888118
1652 4371 1727 4422 1820.
1794 4373 1841 4432 28)
1861 4373 1935 4424 1828.
1953 4374 2030 4422 λιστα·

148 4430 331 4497 tunicam,
348 4435 410 4483 vat.
429 4431 652 4498 λιποτακτήσοιιτ.
719 4433 766 4491 24)
783 4431 837 4483 Pro
854 4431 898 4500 δίῃ
916 4433 991 4482 1884.
1009 4436 1071 4484 Vct.
1088 4434 1264 4488 sternerent
1298 4441 1345 4488 Sio
1362 4443 1390 4488 ei
1407 4439 1483 4490 1820.
1538 4440 1585 4497 28)
1601 4441 1654 4490 Pro
1670 4438 1813 4508 πράγματα
1830 4443 1891 4490 Vct.
1909 4436 2031 4510 πραγμά-

147 4519 211 4554 των
228 4501 316 4550 habet.
400 4501 448 4560 28)
466 4501 519 4552 Pro
536 4503 572 4565 τῷ
588 4499 752 4569 μοναστηρίῳ
769 4500 830 4550 Vat.
846 4499 1025 4570 posucrppinn
1042 4503 1130 4554 babet.
1215 4506 1262 4564 87)
1278 4502 1446 4564 camuliano
1463 4509 1526 4558 vat.
1611 4509 1658 4566 28)
1674 4509 1727 4558 Pro
1751 4506 1838 4558 αι’ντοῖν
1856 4507 1931 4556 1824.
1949 4503 2030 4556 ὄντων

148 4571 248 4621 tranet.
284 4569 452 4648 81881181.
503 4570 552 4629 28)
570 4568 680 4632 insioyp
698 4569 759 4618 vro
804 4567 851 4626 88)
869 4567 922 4618 δίον
940 4569 1014 4618 1821.
1033 4569 1108 4620 1820.
1142 4571 1189 4633 81)
1206 4575 1256 4622 τῶν
1272 4573 1316 4624 ini
1332 4573 1483 4643 μνηστήρων
1500 4575 1575 4624 1824.
1592 4573 1679 4640 ioan,
1696 4579 1757 4625 Vat.
1775 4577 1827 4624 τῶν
1843 4571 2029 4644 ἐπιμνὴστρων.

146 4639 202 4696 82)
221 4653 340 4700 rovenses
357 4638 420 4688 vat.
488 4637 535 4696 88)
553 4637 644 4686 παισίν
660 4637 722 4686 Vnt.
790 4635 837 4692 81)
854 4637 905 4685 τῶν
922 4635 998 4685 deest
1014 4639 1041 4686 ln
1058 4639 1121 4688 Viti.
1188 4643 1235 4700 88)
1253 4641 1331 4692 1828.
1348 4649 1375 4692 et
1393 4645 1454 4692 Vat-
1470 4643 1654 4712 μοναστηρίου.
1727 4644 1791 4700 aaa)
1806 4639 2030 4692 λιποτακτοῦντονν

145 4706 235 4757 1820.
253 4706 316 4754 Veli.
418 4705 465 4766 88)
482 4703 535 4754 otor
554 4705 630 4754 1820.
648 4705 710 4754 vet.
811 4704 858 4764 87)
876 4701 893 4768 ἢ
910 4701 1008 4764 porticu
1026 4723 1069 4754 ταν
1086 4705 1182 4757 desunt
1197 4711 1226 4757 iil
1242 4711 1305 4760 vat
1406 4713 1453 4768 88)
1471 4707 1634 4779 ὥρισθίνττνν
1650 4712 1713 4761 1181.
1806 4710 1853 4766 88)
1868 4711 1950 4759 πᾶσιν
1965 4713 2028 4761 Viti.

143 4775 206 4832 40)
224 4771 262 4821 ἐνὶ
278 4767 363 4822 αὐτοῦ
379 4773 442 4822 vat
508 4771 556 4832 41)
572 4771 698 4839 ίιιδικπθῇ
717 4769 792 4822 1820.
859 4771 906 4828 42)
923 4773 977 4823 Pro
993 4787 1040 4822 τον
1056 4773 1119 4824 vet
1134 4775 1188 4826 τῶν
1207 4777 1295 4828 liabet-
1363 4777 1410 4838 48)
1426 4776 1443 4828 ἄ
1459 4777 1556 4842 χὸττοιν
1573 4779 1634 4828 vet
1702 4777 1749 4835 44)
1766 4771 1886 4826 κάκείνων
1902 4775 2028 4836 ἀμελούν-

145 4857 210 4890 των
226 4841 289 4888 Vat-
356 4840 405 4898 48)
421 4838 532 4906 στόματος
548 4842 610 4891 181.
678 4841 725 4902 48)
741 4839 792 4890 τῶν
807 4837 945 4908 προβάτοιν
961 4841 1024 4891 Vsa.
1091 4842 1139 4902 47)
1156 4845 1285 4906 ovantius
1301 4847 1363 4898 vet.
1430 4797 1669 4911 sitientesque.
1737 4845 1784 4902 48)
1799 4845 1852 4895 Pro
1869 4847 1924 4903 τοῖς
1938 4841 2028 4895 τοιού-

143 4923 215 4964 τοις
231 4905 306 4956 icoo.
323 4909 352 4957 et
368 4909 431 4959 1181.
447 4905 551 4968 τούτοις
566 4908 672 4964 nabent.
740 4908 787 4968 att)
804 4902 961 4980 ὁρισθείσης
977 4909 1038 4960 Vui-
