4864 7070
134 472 269 525 ·'e

253 569 267 596 ,
324 491 404 574 un
1022 557 1040 592 ,
1077 487 1494 562 rannac-nnuma

245 644 250 655 '
273 617 287 663 'v
308 614 322 699 .'
340 667 450 752 Atque
462 662 526 728 ‘hac
540 659 669 748 quidem
687 661 760 748 lege
773 661 894 750 reliqua
904 662 1092 730 tributorum
1103 663 1312 750 publianum,
1334 680 1417 750 quae
1431 677 1533 748 usqne
1546 657 1587 726 nd
1604 658 1812 746 praeteritam
1825 662 1975 724 octavam
1996 655 2201 724 indictionem
2255 727 2257 732 ,

316 767 557 850 debebantur,
578 764 784 830 collatoribus
805 765 943 830 remissa
964 771 1040 830 sunt
1059 769 1183 855 omnia,
1204 767 1354 852 exceptis
1376 762 1563 850 quibusdam
1585 763 1728 848 caussis,
1749 777 1833 845 quae
1855 765 1891 824 et
1911 759 1944 824 in
1965 760 2039 844 ipsa
2059 758 2202 824 Novella

336 875 375 935 et
396 864 481 954 apud
500 865 712 930 Athanasium
733 867 803 932 lncn
826 866 956 932 laudato
978 867 1101 934 relatae
1122 868 1279 952 leguntur.
1321 867 1360 932 ln
1382 883 1465 953 quae
1493 863 1627 930 intuenti
1654 862 1767 946 cuique
1780 860 1950 947 apparebit
1962 877 2110 944 magnam
2131 865 2202 926 eius

285 1022 300 1049 .
336 967 578 1036 constitutionis
597 965 698 1032 luisse
720 968 785 1033 vim
806 973 840 1034 et
862 972 1058 1053 potestatem
1079 969 1111 1034 in
1133 964 1279 1056 tributis,
1306 985 1390 1054 cquae
1411 964 1528 1029 Instini
1550 963 1747 1049 temporibus
1769 961 2017 1028 ncollatoribus
2037 961 2201 1028 deberen-

336 1077 409 1158 tur,
429 1068 615 1153 exigendis3
636 1069 670 1134 in
690 1069 731 1133 iis
740 1087 852 1154 ,quae
873 1073 999 1155 postea,
1019 1089 1083 1136 non
1104 1071 1192 1138 item.
1235 1071 1352 1155 Neque
1375 1067 1544 1153 quisquam
1565 1064 1661 1132 lacile
1682 1063 1841 1128 dubitabit
1867 1079 1992 1128 omnem
2012 1064 2108 1130 istim
2129 1063 2204 1128 Nn-

337 1171 446 1239 vellae
467 1169 638 1236 utilitatem
661 1169 703 1236 ad
725 1187 784 1260 ea,
817 1168 931 1258 quibus
951 1169 1071 1236 emissa
1097 1171 1209 1259 luerit,
1236 1177 1382 1255 tempora
1410 1186 1488 1236 esse
1510 1163 1743 1232 referendam.
1765 1163 1813 1228 At
1834 1165 1886 1230 cui
1908 1163 1991 1230 bono
2019 1164 2094 1253 snit,
2122 1165 2203 1249 eius,

249 1274 253 1282 '
335 1271 381 1340 de
408 1289 471 1360 qua
499 1273 623 1360 agitur,
652 1271 812 1340 Novellae
839 1279 1061 1356 argumentum
1089 1274 1138 1338 sic
1165 1272 1262 1356 longe
1292 1271 1446 1358 lateque
1443 1270 1484 1334 ab
1506 1267 1690 1334 Athanasio
1720 1263 1878 1351 describi,
1906 1265 1970 1330 nisi
1997 1266 2135 1332 cundem
2160 1285 2203 1332 ea

338 1381 486 1520 tempora
508 1372 657 1456 attigisse
680 1373 867 1488 credamne,
899 1373 1013 1459 quibus
1034 1375 1192 1438 maximus
1218 1373 1315 1438 inerit
1337 1372 1430 1438 huius
1451 1358 1690 1436 constitutionis
1711 1368 1822 1481 vigor,
1848 1385 1972 1432 stimma
1999 1359 2203 1433 auctoncost

336 1517 392 1663 qui
429 1575 478 1639 tit.
511 1570 570 1639 19.
602 1581 703 1639 const.
737 1571 772 1639 9.
814 1574 988 1641 Novellam
1012 1571 1079 1639 Ἱ96.
1110 1575 1297 1660 neglexerit
1325 1581 1360 1640 et
1391 1569 1624 1660 quodammodo
1660 1569 1916 1655 praetermiserit
1949 1590 2013 1636 nnn
2045 1569 2141 1636 allam
2163 1515 2203 1635 nd

336 1695 506 1762 cerussam,
541 1694 634 1761 quam
661 1673 745 1760 quod
773 1673 886 1753 τοπικὴ
913 1682 1006 1742 esset
1033 1681 1068 1740 et
1092 1673 1238 1759 χρόνον).
1282 1676 1355 1741 Ηιιι
1384 1673 1528 1761 accedit,
1563 1669 1647 1758 quod
1676 1669 1851 1736 Novellam
1878 1670 2049 1738 Iustiniani
2072 1668 2136 1736 93.
2159 1689 2203 1736 ex

338 1775 562 1844 Athanasiann
591 1793 688 1862 opere
717 1777 831 1850 sumsit
859 1782 959 1840 totam
978 1772 1150 1842 CLXVIII
1176 1776 1386 1842 Novellarum
1415 1795 1550 1863 corpus,
1584 1791 1677 1862 quem
1705 1771 1826 1836 librum
1846 1771 2042 1890 imperatore
2070 1771 2202 1837 Tiberin

337 1878 517 1944 coniectum
543 1895 620 1942 esse
641 1875 736 1942 hodie
758 1876 841 1942 satis
863 1882 991 1942 constat
1001 1879 1040 1956 ¹.)
1084 1878 1194 1962 Atque
1216 1879 1313 1942 etiam
1336 1875 1502 1942 Poenulo·
1510 1874 1724 1942 Bnlcmnnrnia
1744 1871 1915 1955 συναγωγὴ
1941 1872 2203 1938 constitutionum

337 1978 634 2046 ecclesiasticarum
663 1993 705 2042 ex
741 1977 856 2044 eodem
883 1977 971 2043 loute
1000 1978 1154 2064 pleraque
1183 1997 1243 2042 sua
1271 1977 1423 2064 deduxit,
1453 1976 1505 2064 qui
1530 1976 1629 2063 liber,
1663 1975 1772 2040 sime
1801 1972 1966 2062 sequeris,
2006 1975 2202 2061 imperatore
2270 2028 2284 2040 .

339 2079 463 2146 Iustino
491 2077 640 2164 paullove
672 2083 789 2164 postea
821 2078 1009 2164 compilatus
1037 2085 1105 2168 estq
1139 2078 1192 2144 sin
1224 2062 1398 2144 Biencrum
1414 2071 1469 2167 ¹¹J,
1504 2078 1697 2162 imperatore
1724 2075 1877 2141 Ilcraclin
1911 2077 2001 2142 exiit.
2051 2075 2202 2161 Denique

340 2177 632 2246 commemorandus
654 2179 788 2247 esthon
809 2180 880 2246 loco
902 2181 1130 2246 nomoeanonis
1159 2181 1246 2267 cius,
1276 2179 1360 2244 unde
1382 2180 1519 2245 Photius
1540 2199 1632 2244 suum
1652 2193 1902 2244 nnmocannnem
1925 2176 2034 2266 duxit,
2062 2178 2204 2264 scriptor

339 2280 593 2366 vetustissimus,
633 2281 705 2367 qui,
732 2299 802 2346 cum
828 2281 860 2346 in
889 2281 1013 2364 legibus
1042 2283 1189 2348 civilibus·
1217 2282 1259 2348 ad
1291 2301 1434 2348 canones
1461 2280 1652 2346 adiiciendIs
1681 2277 1970 2365 comparandisque
2005 2281 2136 2346 madium
2164 2298 2203 2345 ac

336 2401 440 2468 saepe
463 2381 634 2446 Athanasii
657 2381 776 2448 scrinia
796 2381 1033 2471 compilaverit,
1062 2383 1157 2448 satin’
1181 2383 1359 2470 constabit,
1387 2381 1448 2448 hoc
1470 2381 1682 2448 Novellarum
1703 2399 1838 2466 corpuS,
1871 2381 1984 2466 quibus
2006 2381 2202 2467 temporibus
2239 2361 2248 2380 ⁹

339 2489 404 2549 rste
432 2501 626 2548 nomoeanon
657 2483 797 2568 scriptus
825 2485 884 2571 sit,
924 2483 1010 2569 apud
1039 2483 1186 2551 Graecos
1214 2485 1374 2550 maximae
1403 2483 1505 2548 luisse
1533 2481 1737 2548 auctoritatis
1772 2481 1966 2568 maximique
1993 2481 2148 2569 ponderis
2169 2483 2203 2547 in

339 2581 509 2657 Iustiniani
531 2581 682 2648 Novellis
704 2591 738 2648 et
760 2583 962 2670 explicandis
991 2591 1025 2650 et
1045 2577 1275 2652 illustrandis?
1318 2583 1371 2650 De
1399 2590 1511 2650 aetate
1539 2589 1645 2649 autem
1672 2583 1743 2647 cius
1769 2585 1940 2669 scriptoris
1962 2584 2092 2670 eadem,
2120 2601 2203 2669 quae

340 2687 373 2751 in
394 2681 530 2750 Pseudo
544 2720 567 2733 -
581 2681 794 2752 Βοίειιιιιοιιιι
815 2687 1005 2770 συναγωγῇ,
1035 2686 1148 2753 incidit
1167 2686 1334 2752 dubitatio.
1378 2684 1433 2750 Ille
1463 2683 1590 2771 quidem
1618 2685 1648 2750 sl
1670 2682 1802 2771 audlas,
1841 2683 1884 2749 ad
1915 2685 2031 2751 lustini
2058 2689 2202 2769 tempora

338 2787 482 2873 releres3
506 2785 556 2850 sin
579 2783 753 2881 Bienerum
782 2787 874 2872 sequi
896 2787 1005 2872 malls,
1033 2787 1075 2854 ad
1095 2789 1240 2854 lleraclii
1263 2795 1409 2872 tempora
1433 2787 1596 2872 pertinere
1617 2785 1754 2851 iubebis.
1778 2823 1817 2833 -
1862 2782 2035 2864 Caeterum
2054 2785 2106 2850 sic
2126 2784 2203 2848 mihi

339 2885 537 2975 persuadeo,
565 2873 654 2975 eum,
683 2905 776 2972 quem
799 2885 940 2976 edimus,
966 2889 1076 2954 librum
1098 2889 1138 2954 ab
1161 2889 1373 2956 Athanasin'
1365 2909 1428 2954 ιιιιιι
1450 2887 1629 2954 Iustiniano
1661 2887 1738 2953 rivo
1760 2887 1958 2974 videnteqne
1981 2887 2160 2954 allectum
2150 2905 2203 2950 nn·

335 2989 552 3074 chnatnmque
574 3005 668 3076 esse,
695 2988 754 3056 sed
779 2989 945 3074 pusicius
965 2996 1099 3056 mortem
1121 2989 1245 3056 demum
1265 2992 1445 3078 perlectum
1472 2989 1681 3074 omnibusque
1704 2989 1845 3054 numeris
1872 2988 2069 3055 absolutum:
2091 2985 2202 3054 endem

339 3092 435 3176 plane
465 3089 575 3178 modo,
603 3109 665 3176 quo
694 3087 764 3154 Caii
790 3091 1011 3156 institutiones
1040 3091 1234 3205 imperatore
1262 3093 1321 3158 Pin
1352 3091 1517 3158 Antonino
1545 3097 1700 3204 coeptae,
1735 3097 1873 3177 postque
1902 3091 1971 3155 mus
1999 3087 2203 3175 imperatoris

338 3192 459 3256 obitum
487 3189 654 3255 absolutae
683 3185 813 3280 sunt³J.
858 3188 895 3254 ln
917 3189 1000 3258 hanc
1022 3193 1203 3278 opinionem
1236 3193 1394 3258 adductus
1416 3212 1486 3257 sum
1508 3191 1611 3258 tribus
1633 3192 1703 3257 eius
1731 3191 1801 3256 libri
1823 3193 1913 3257 locis.
1958 3191 2098 3257 Primum
2119 3189 2203 3256 enim

333 3293 386 3356 tlt.
410 3286 446 3355 9.
478 3298 582 3357 const.
605 3287 658 3377 9.,
684 3293 737 3358 urbi
757 3293 860 3379 ipsius
883 3291 1053 3358 Athanasii
1074 3294 1117 3359 ad
1138 3293 1307 3360 Iustiniani
1328 3293 1500 3362 Novellam
1526 3293 1586 3358 ts.
1610 3300 1687 3358 nota
1709 3295 1879 3380 recitatur,
1907 3294 2082 3379 imperator
2102 3291 2204 3356 lusti-

341 3393 457 3458 nIanus
485 3391 575 3456 atad-lt
604 3389 827 3467 όκαλλίνικος
847 3388 935 3474 ἡμῶν
954 3393 1113 3478 βασιλεύς.
1162 3393 1221 3460 Sic
1242 3397 1327 3462 enim
1349 3396 1407 3460 ibi:
1437 3391 1516 3460 ὥστε
1537 3395 1689 3458 ἐντεῦθεν
1710 3396 1960 3478 τεκμαίρεσθαι,
1992 3391 2039 3458 ὅτι
2060 3395 2116 3458 καὶ
2137 3405 2203 3466 τοῖς

338 3491 488 3558 ἀνιοῦσιν
508 3489 546 3556 τό
567 3489 853 3574 νόμιμονήόξὴθη
881 3500 975 3578 μέρος
997 3499 1108 3573 διττῆς
1133 3493 1297 3581 παρούσης
1318 3495 1498 3575 διατάξεως.
1522 3493 1667 3575 οὐδαμοῦ
1693 3493 1756 3580 γάρ
1778 3501 1929 3582 φαίνεται
1951 3493 1989 3558 τό
2010 3495 2074 3558 τῶν
2094 3491 2201 3559 ἀνιόν-

341 3618 405 3657 των
426 3593 562 3675 νόμιμον
583 3599 616 3656 dv
637 3591 752 3668 ἄλλαις
780 3592 928 3670 τυπώσεις
958 3593 1141 3676 διατάξεσιν
1163 3594 1181 3660 ό
1202 3599 1442 3672 καλλίνικος
1470 3593 1575 3677 ἡμῶν
1595 3593 1807 3679 βασιλεύς,
1842 3601 1914 3674 καὶ,
1943 3591 1985 3672 ὠς
2006 3599 2124 3674 ἔοικεν,
2146 3596 2204 3673 τὴν

337 3695 508 3778 παροῦσαι
530 3690 676 3772 διάταξιν
697 3693 914 3776 αἰνιττόμενος
936 3694 979 3760 τά
999 3705 1208 3782 προειρημένα
1228 3696 1396 3777 διεξῆλθεν
1418 3704 1452 3762 ἐν
1473 3699 1512 3782 τῇ
1539 3699 1626 3781 περὶ
1655 3687 1794 3762 νόθων
1822 3699 2007 3778 νομοθεσίᾳ
2033 3697 2125 3762 τοῦδε
2145 3697 2205 3760 τοῦ

338 3792 573 3876 συντάγματος.
618 3793 718 3880 Atqui
746 3795 922 3862 verisimile
950 3817 1012 3862 non
1044 3806 1098 3864 est
1125 3799 1187 3864 hoc
1207 3802 1334 3865 nomine
1355 3799 1538 3866 delrnnctum
1564 3799 1788 3884 imperatorem
1811 3799 1850 3863 ab
1873 3797 2055 3864 Athanasio
2077 3796 2205 3881 sigelli·

340 3894 410 3959 cari
430 3895 588 3980 potuisse.
631 3893 760 3960 Deinde
782 3894 866 3962 idem
887 3895 1085 3964 Iustinianus
1107 3909 1176 3988 est,
1201 3903 1254 3966 uhi
1283 3898 1301 3966 ὁ
1322 3899 1553 3986 εὐσεβέστατος
1572 3897 1723 3984 βασιλεὺς
1744 3899 1798 3965 vel
1827 3896 1845 3963 ό
1867 3895 2095 3982 εὐσεβέστατος
2115 3894 2204 3978 ἡμῶν

240 4050 249 4099 Ι.
338 3993 505 4076 βασιλεὺςΙ
524 3995 715 4081 appelletur.
767 3993 826 4060 Sic
854 3999 938 4063 enim
969 3999 1017 4064 tit.
1047 4000 1108 4065 19.
1130 4007 1233 4068 const.
1254 3999 1293 4067 4.
1337 3999 1419 4067 όστε
1446 3997 1502 4078 τὴν
1536 3997 1682 4079 διάταξιν
1702 4002 1759 4066 τοῦ
1786 3997 2015 4085 εὐσεβεστάτου
2047 4001 2204 4082 βασιλέως

338 4091 565 4160 Ἰουοτινιανοό
597 4097 651 4174 τὴν
682 4098 732 4161 ἐπὶ
765 4107 836 4174 ταῖς
862 4099 1031 4178 διαδοχαῖς
1065 4104 1126 4167 τῶν
1153 4103 1277 4168 παίδων
1303 4101 1345 4169 τά
1371 4101 1406 4183 ἐξ
1431 4099 1584 4176 ἀπαιδίας
1626 4099 1822 4184 εἰσάγουσαν
1849 4111 1976 4186 κρατεῖν
2001 4124 2030 4166 κ.
2052 4125 2077 4165 ι.
2100 4103 2142 4177 A,
2171 4107 2206 4165 et

342 4197 394 4261 tir.
417 4190 452 4260 9.
476 4203 580 4262 const.
610 4194 667 4262 13.
690 4202 717 4260 el
738 4203 844 4278 μέντοι
865 4201 1011 4265 ἐνιαυτοῦ
1040 4204 1344 4285 ἑνδαψιλευομίνου,
1373 4207 1446 4288 πρὶν
1467 4204 1679 4288 πληρωθῆναι
1700 4202 1756 4268 τόν
1774 4226 1894 4286 χρουον
1920 4205 1974 4282 τῆς
1995 4205 2207 4290 διασκέψεως,

342 4293 579 4390 όκληρονόμος
606 4295 817 4376 ἐτελεύτησεν,
848 4302 955 4378 καλῶς
980 4300 1065 4366 κατά
1086 4302 1141 4382 τὴν
1168 4309 1226 4370 τοῦ
1253 4301 1481 4388 εὐσεβεστάτου
1510 4299 1664 4369 δεσπότου
1691 4299 1780 4383 ἡμῶν
1804 4302 2033 4370 Ἱουστιυιαυοῦ
2061 4301 2224 4383 διάταξιν’

342 4398 468 4461 δίκαιον
489 4399 542 4475 τῆς
563 4397 723 4474 ἀδιτίονος
750 4407 984 4482 παραπεμπέτω
1005 4406 1050 4478 είς
1070 4402 1144 4479 τοὺς
1166 4402 1268 4470 αὐτοῦ
1288 4403 1514 4491 κληρονόμους.
1558 4403 1716 4490 Numquis
1737 4411 1845 4471 aulem
1867 4405 1980 4470 credat
2001 4405 2062 4471 hnc
2076 4403 2205 4470 dicendi

343 4515 467 4580 genere
494 4495 512 4562 ὁ
534 4496 755 4585 εὐσεβέστατος
781 4499 931 4579 δεσπότης
952 4500 1039 4586 ἡμῶν
1071 4511 1226 4572 mortuum
1254 4506 1482 4593 imperatorem
1510 4504 1676 4590 designari
1705 4497 1878 4594 potuisset
1913 4525 1984 4573 cum
2011 4507 2203 4593 praesertim

343 4601 426 4666 satis
449 4605 588 4688 constet,
618 4599 678 4665 hnc
699 4600 827 4666 dicenda
852 4622 974 4686 genere
995 4607 1052 4669 τοῦ
1073 4603 1297 4692 εὐσεβεστάτου
1318 4607 1392 4672 istis
1415 4609 1612 4693 temporibus
1634 4629 1691 4674 ιιι
1693 4627 1731 4674 ns
1753 4609 1968 4694 videntesque
1989 4608 2205 4694 imperatores

342 4698 507 4786 designari
540 4701 655 4766 solitos
669 4695 717 4792 ⁴)
761 4703 871 4790 Atque
899 4703 941 4770 de
978 4707 1190 4796 temporibus,
1229 4727 1312 4822 quae
1339 4708 1444 4775 nostri
1471 4708 1542 4774 libri
1573 4711 1713 4796 scriptor
1739 4711 1892 4795 attigisse
1920 4707 2085 4796 videatur,
2120 4709 2204 4776 satis

342 4801 411 4868 lere
438 4803 624 4871 diximus.

432 4903 552 4970 Restat
559 4908 643 4990 ,ut,
664 4923 726 4988 qno
748 4905 908 4972 tandem
900 4903 1023 4993 imperii
1040 4906 1218 4976 OrientaIIs
1239 4909 1311 4975 loco
1333 4911 1536 4996 conscriptus
1558 4909 1899 4999 sitcompilatusque
1889 4931 1935 5000 ns,
1958 4931 2051 5000 quem
2072 4911 2205 5002 edimus,
2284 4900 2288 4908 ’

342 5003 441 5092 liber,
461 5005 574 5089 paucis
596 5004 814 5090 dispiciamus
860 5005 931 5088 era
954 5011 984 5074 ln
1007 5029 1043 5074 re
1065 5009 1235 5078 iudIcanda
1258 5013 1393 5076 maximo
1423 5012 1515 5078 nobis
1538 5009 1719 5080 adiumento
1743 5015 1805 5080 erit
1828 5013 1904 5078 illud
1911 5063 1922 5103 ,
1949 5014 2032 5101 quod
2054 5013 2206 5082 Athana-

343 5105 431 5192 sius,
460 5111 637 5190 quaesunt
660 5107 906 5174 constitutiones
929 5113 1267 5199 certnrnmlhcnrum,
1296 5120 1455 5180 certarum
1477 5115 1640 5198 regionum
1668 5115 1967 5200 provinciarumque
1995 5115 2145 5202 propriae
2171 5124 2204 5182 et

185 5223 192 5243 ·
344 5205 542 5291 peculiares,
569 5203 701 5282 τοπικὰς
729 5205 790 5274 hnc
812 5216 866 5274 est
893 5212 1017 5277 locales
1039 5211 1137 5300 dixit,
1163 5216 1419 5302 areliqnisqne,
1448 5221 1633 5299 quaesunt
1660 5216 1795 5282 omnium
1822 5217 1949 5282 omnino
1971 5217 2202 5302 provinciarum

345 5400 749 5420 —————

414 5535 440 5598 l)
463 5535 529 5583 Vide
552 5533 687 5582 lllcnerum
709 5533 727 5582 l.
746 5536 763 5585 l.
787 5551 810 5598 p.
828 5537 871 5584 89.
923 5537 955 5599 2)
979 5537 996 5585 Ι.
1015 5537 1032 5586 l.
1051 5552 1076 5600 p.
1103 5537 1163 5590 iss.
1214 5539 1244 5596 9)
1270 5537 1338 5588 Virle
1355 5537 1510 5602 Sigismuudl
1536 5537 1667 5588 Grillielmi
1683 5539 1826 5592 zimmernl
1849 5516 1963 5592 librum:¹
1979 5543 2030 5592 Die
2047 5542 2204 5592 Gcschichtc

345 5621 395 5668 des
417 5619 574 5668 lilimlschen
597 5619 796 5668 Privatreclntes
821 5619 861 5668 bis
884 5623 1014 5672 lastiniam
1041 5628 1103 5673 tom.
1129 5623 1149 5673 1.
1172 5639 1197 5687 p.
1221 5621 1283 5672 ati.
1335 5621 1365 5686 4)
1389 5623 1507 5686 cyrillus
1538 5624 1784 5688 scythopolitanus,
1813 5628 1855 5688 qui
1880 5629 1961 5676 vitam
1984 5629 2011 5676 S.
2032 5626 2117 5676 Sabae
2140 5629 2204 5676 vivo

346 5699 492 5750 Iustlnlaun
515 5707 673 5766 conscripsit
697 5701 774 5765 (alde
791 5703 917 5754 cotelerii
935 5714 1102 5756 nnonrrmenta
1125 5709 1254 5758 ecclesiae
1277 5709 1398 5760 Graecae
1422 5713 1485 5756 tom.
1503 5707 1549 5756 m.
1572 5723 1597 5771 p.
1615 5706 1707 5772 949),
1736 5709 1906 5761 luretlnianurn
1921 5699 1953 5770 ἰι
1972 5711 2035 5760 373.
2070 5705 2116 5760 τὸν
2133 5707 2204 5760 εὐσε-

345 5787 470 5848 βέστατον
491 5787 598 5848 simoniis
627 5789 794 5848 nuncupavit.
834 5787 904 5839 Idem
930 5791 1025 5840 sacuam
1051 5798 1078 5841 οι
1100 5795 1125 5841 ln
1149 5793 1320 5852 'l'neopbilima
1342 5789 1545 5842 luistiniananrm
1573 5795 1765 5844 institutionum
1787 5793 1950 5856 parrnpbrasl.
1984 5792 2053 5843 Vide
2076 5793 2204 5844 (iulllclrbi

346 5868 453 5918 ottonis
470 5871 557 5920 lleitzi
581 5873 739 5934 glossarium
757 5871 953 5932 'l'lrcnplnllnum
972 5889 996 5936 p.
1017 5875 1094 5925 teon.
1130 5876 1253 5938 Quicquid
1272 5880 1341 5925 enlm
1359 5879 1391 5928 ad
1410 5880 1580 5938 imperatoris
1598 5891 1739 5940 personam
1758 5880 1884 5940 retertur,
1907 5878 1973 5938 apud
1991 5891 2084 5930 eorum
2102 5885 2204 5942 tempn-

339 5965 404 6001 ¹rum
429 5957 575 6016 scriptores
600 5953 697 6016 εισιβις
714 5957 791 6004 crudit.
826 5955 893 6006 Vide
911 5960 1084 6009 Aleurannum
1101 5960 1132 6010 nd
1149 5961 1270 6022 l’rncnpll
1288 5963 1389 6012 Auecd.
1414 5974 1470 6024 cap.
1490 5967 1515 6012 ⁵.
1534 5965 1574 6012 ed.
1594 5963 1677 6012 Orelli
1694 5975 1719 6024 p.
1737 5962 1800 6011 921.
