4760 7042
347 510 422 582 182
1067 495 1496 575 COLLECTIO

342 710 371 768 εν
391 700 481 784 ἁγίοις
508 695 667 781 Γρηγόριος
695 693 888 780 όθεολόγος,
915 691 1050 777 ένιόμενος
1077 705 1138 766 τοῖς
1164 691 1255 776 ἁγίοις
1304 689 1411 748 beatus
1433 687 1597 766 Gregorius
1618 689 1777 764 theotogus
1799 689 1903 764 docet,
1932 695 2052 748 sanctos
2074 689 2227 762 apostolos

342 783 516 858 ἀποστόλοις
536 787 582 848 καλ
603 783 719 861 eorem)
741 787 832 856 θείοις
852 777 960 844 κανόσι.
988 783 1059 860 λέγει
1088 775 1143 860 γάρ
1165 785 1193 840 έν
1214 781 1255 853 τῷ
1306 790 1467 847 sacrosque
1489 789 1618 832 conones
1640 781 1770 831 secutus.
1823 778 1872 833 Ito
1899 774 1977 833 enim
2003 775 2076 830 dicit
2106 775 2138 831 in
2160 791 2227 831 mn-

341 868 456 955 μγγάγῳ
477 869 674 950 ἀπογογγῃςῷ
695 862 801 940 οὔριος·
827 870 888 938 Τις
910 865 945 926 nt
966 877 1047 936 τοῖς
1067 871 1131 925 τοῦ
1152 859 1256 926 nat·
1306 875 1367 937 gno
1390 859 1608 932 Apologetico:
1633 861 1707 928 Quin
1727 874 1797 916 reru
1813 861 2123 918 secundnmcanoneu
2136 858 2230 917 Ραιιίι·

342 961 408 1020 λου
437 950 572 1018 κανόσι
605 955 663 1016 καλ
704 946 809 1033 ὅροις
835 946 964 1012 ἑαυτὸν
991 951 1257 1030 παρεκτείνων,
1308 951 1338 1004 et
1359 945 1436 1018 ἱνρνιι
1457 947 1549 1002 ottoni
1569 946 1707 1018 instituit,
1729 959 1806 1017 ηααο
1827 947 1863 1001 de
1885 945 2032 1018 εμὶετομὶε
2052 946 2230 1020 etp-restip-

342 1035 406 1114 οὓς
426 1041 510 1119 περὶ
539 1033 750 1100 ἐπισκόπων
781 1033 889 1108 ἔταξε
909 1035 969 1096 καλ
996 1035 1258 1114 πρεσβυτέρων
1309 1030 1563 1104 terisconotituit,
1584 1034 1619 1087 ut
1639 1029 1732 1087 conrii
1753 1029 1814 1087 sint
1835 1035 1866 1086 et
1885 1031 1974 1104 costi,
1994 1044 2058 1086 non
2071 1029 2230 1104 vinulenti,

342 1127 569 1205 νηφαλίους,
602 1117 935 1201 σοι’φροναςείναι,
962 1114 1007 1197 μὴ
1037 1121 1256 1197 παροίνους,
1308 1127 1601 1188 ιιοιιμενωιοτωει,
1629 1114 2001 1189 αδδοαειιιὶιιτιιὶιῖονινὶ,
2029 1115 2063 1170 in
2091 1116 2232 1170 οτιινιὶδιιτ

345 1207 392 1291 μὴ
413 1204 590 1288 πλήκτας,
623 1199 897 1278 διαλεκτικούς,
926 1197 1202 1281 ἀνεπιλήπτους
1223 1205 1259 1262 έν
1310 1201 1461 1272 inculpati
1481 1213 1609 1272 cumque
1629 1199 1718 1255 matio
1739 1213 1800 1255 non
1822 1204 2050 1273 conversantes,
2078 1212 2176 1271 neque
2195 1212 2231 1253 ετ.

346 1288 468 1357 ἁτασι
502 1294 563 1352 καὶ
591 1283 846 1368 ἁνεπιβὰτους
881 1298 959 1359 τοῖς
986 1299 1172 1367 πονηροῖς,
1217 1281 1257 1348 ού
1308 1285 1436 1340 muttum
1463 1299 1484 1338 a
1511 1297 1662 1340 canonum
1691 1283 1871 1340 rectitudine
1902 1285 2046 1340 oberrare
2072 1275 2231 1340 treceniet?

344 1375 441 1441 πολὺ
462 1370 501 1438 τό
523 1379 716 1454 διαφεῦγον
737 1368 976 1452 εύρήσειτύγν
997 1376 1068 1433 τῶν
1088 1367 1257 1434 κανόνων
1307 1369 1429 1428 Rursus
1456 1367 1534 1424 idem
1561 1367 1608 1426 sic
1634 1368 1781 1439 loquitur:
1823 1368 1956 1440 Purparr'
1981 1369 2071 1441 prius
2098 1371 2232 1441 oportet,

343 1457 538 1540 εὐθύτητα
544 1480 559 1534 ,·
601 1461 648 1519 καὶ
674 1451 760 1518 πάλιν
787 1454 803 1517 6
834 1450 924 1528 αύτός
951 1457 1023 1536 λέγει
1044 1449 1151 1528 οὕτως·
1192 1458 1261 1516 Δεῖ
1307 1453 1414 1509 deinde
1433 1466 1589 1526 parpare;
1620 1454 1786 1526 sapientem
1807 1467 1871 1510 τετε
1896 1458 1926 1509 et
1947 1455 2055 1510 deinde
2073 1454 2231 1524 sapientae

342 1549 596 1624 καθαρθῆναι
622 1543 778 1623 πρῶτον,
820 1538 901 1602 εἶτα
921 1545 1103 1620 καθᾶραι·
1147 1560 1255 1618 σοφι-
1303 1535 1427 1610 ίαστνες
1468 1539 1564 1596 locem
1594 1552 1658 1594 εεια
1684 1543 1713 1596 et
1740 1539 1932 1609 ἱὶἱιιιιιῖιισνες
1976 1541 2230 1612 appropinquare

344 1636 484 1710 σθῆναι
504 1630 563 1689 καὶ
585 1621 678 1688 ούτω
699 1625 869 1704 σοφίσαι·
900 1627 1082 1706 γενέσθαι
1103 1629 1177 1703 φῶς
1197 1623 1258 1684 καλ
1307 1624 1375 1680 Deo
1396 1627 1425 1679 et
1445 1623 1596 1680 adducere
1616 1623 1713 1696 attor;
1734 1619 1953 1694 sanctificatum
1975 1639 2039 1680 eme
2058 1625 2232 1680 etuancti-

344 1717 525 1796 φωτίσαι·
557 1713 701 1792 ἐγγίσαι
729 1713 806 1785 θεῷ
828 1711 889 1770 καλ
915 1721 1172 1790 προσαγαγεῖν
1193 1699 1257 1770 ti·
1305 1703 1400 1780 ficare
1421 1708 1518 1780 atioo;
1549 1707 1689 1763 mnibus
1709 1707 1837 1783 duem,
1866 1721 1936 1764 cum
1964 1711 2083 1765 ratione
2103 1707 2234 1764 consitio

344 1804 439 1870 λυυς.
470 1795 704 1876 ἁγιασθῆναι
732 1795 792 1856 καὶ
819 1789 995 1875 ἁγιάσαι·
1036 1797 1258 1876 γειραγωγῆ-
1308 1794 1392 1848 dare.
1433 1793 1603 1863 iterumque
1625 1792 1730 1847 beatos
1752 1792 1917 1866 Gregorius
1944 1791 1982 1848 de
2009 1792 2116 1849 iisdem
2138 1791 2232 1849 rebus

344 1907 409 1947 σαι
433 1876 526 1961 μετά
555 1884 703 1961 χειρῶν,
733 1880 1011 1980 συμβουλεῦσαι
1039 1875 1257 1958 μετάσυνέ-
1307 1876 1340 1934 in
1361 1875 1463 1934 eodem
1486 1891 1622 1934 sermone
1643 1876 1719 1933 haec
1739 1877 1859 1934 scribit:
1905 1877 2231 1954 Qutoect,qui,ric-

344 1989 442 2037 σεως.
484 1967 546 2027 Καὶ
567 1959 690 2026 πάλινό
720 1961 808 2035 αύτος
838 1967 865 2025 έν
891 1960 981 2044 ἁγίοις
1007 1957 1167 2044 Γρηγόριος
1194 1962 1259 2040 περὶ
1308 1966 1343 2019 ut
1360 1957 1490 2038 fiyatno,
1521 1975 1583 2018 uno
1610 1961 1660 2017 dte
1685 1957 1783 2034 finpot
1807 1976 1916 2018 ιαεταε
1941 1963 2089 2036 ἱὶἱιινςῖιια·
2103 1963 2230 2020 antisti·

343 2057 402 2114 τοῖν
428 2047 524 2111 αύτούν
552 2053 581 2112 έν
607 2055 648 2126 τῷ
670 2044 750 2124 αὐτῷ
771 2043 847 2128 λόγω
874 2054 960 2109 τοῦτο
987 2043 1102 2128 γράφει·
1151 2049 1211 2118 Τίς
1239 2043 1255 2107 6
1310 2051 1387 2123 tem,
1416 2047 1470 2120 qui
1491 2060 1560 2103 eum
1581 2046 1695 2120 ακρεὶἱε
1720 2051 1859 2104 staturus
1888 2051 1918 2104 et
1945 2061 2013 2104 οανιι
2041 2047 2232 2121 αντὶἱσιιςεὶῖε

342 2129 531 2208 πλάττων,
573 2128 750 2212 καθάπερ
785 2127 1003 2212 αὐθημερόν
1034 2126 1123 2204 τούς
1151 2131 1258 2211 πηλί-
1310 2132 1415 2188 lauder
1436 2131 1573 2188 dicturus
1594 2137 1712 2189 etcum
1732 2132 1849 2189 ΟΙινὶεἱο
1870 2133 2072 2190 sacerdotium
2092 2138 2233 2206 ρειτιιτιιι

342 2242 442 2291 τους,
464 2213 614 2297 τόντῆς
635 2221 747 2290 θείας
768 2218 1010 2298 λειτουργίας
1030 2212 1260 2296 προστάτην,
1308 2207 1375 2273 ortt
1417 2215 1518 2286 Atque
1544 2230 1597 2288 per
1630 2215 1705 2272 hneo
1740 2215 1859 2287 quidem
1887 2217 2061 2292 theologus
2091 2217 2233 2279 ostendit,

342 2297 521 2382 αόνμιτιὶ
546 2299 710 2381 ἀγγέλων
739 2295 968 2380 στησόμενον
998 2301 1058 2362 καλ
1078 2295 1259 2381 μενὰἁρ-
1311 2299 1415 2372 quales
1437 2299 1476 2355 nd
1497 2299 1694 2357 secerdotium
1716 2301 1884 2371 promoveri
1911 2306 2058 2374 oporteat.
2104 2301 2231 2360 Bcillis

341 2389 530 2471 γαγγέλων
557 2382 837 2464 coenoman)
866 2385 926 2445 καλ
947 2387 1106 2466 Χριστῷ
1140 2406 1259 2446 συνιε-
1307 2399 1397 2457 uero,
1419 2383 1614 2460 quiindigne
1636 2385 1729 2442 creati
1751 2389 1837 2460 sunt,
1866 2385 1946 2443 idem
1974 2387 2004 2443 in
2034 2385 2140 2443 eodem
2161 2401 2230 2441 ser-

342 2465 660 2554 parr6carca³*)‚·
681 2473 742 2534 Καὶ
758 2463 989 2549 catecuminis
1005 2471 1141 2531 δείκνυσιν
1160 2467 1176 2530 6
1192 2473 1260 2529 θεο-
1310 2483 1396 2526 mone
1423 2467 1607 2526 haecdicit:
1638 2469 1698 2537 oar
1727 2469 1803 2526 trinit
1829 2472 1873 2526 ad
1891 2471 2095 2530 sacerdotium
2116 2473 2231 2528 attuie-

342 2553 442 2638 λόγος,
463 2552 581 2627 ὁποίους
602 2559 648 2617 δεῖ
663 2549 739 2635 πρός
759 2551 810 2634 τὴν
831 2550 984 2635 ἱερωσύνην
1009 2549 1258 2636 προσβάλλεσθαι
1309 2559 1395 2630 runt,
1422 2553 1522 2628 neque
1540 2559 1632 2612 antea
1652 2555 1687 2610 in
1708 2555 1785 2611 tono
1806 2555 2002 2631 laborarunt,
2023 2557 2117 2614 εἱυιιιὶ
2135 2557 2232 2612 δῖνοι·-

341 2644 409 2722 περλ
430 2639 459 2700 oi
480 2644 538 2701 cain
558 2639 680 2713 ἀναξίως
700 2643 948 2722 χειροτονουμένων
977 2635 994 2700 6
1017 2633 1106 2711 αὐτὸς
1126 2633 1196 2700 τάδε
1216 2639 1258 2698 λί-
1308 2639 1377 2712 puti
1395 2643 1436 2695 ·ot
1468 2639 1604 2711 manium
1635 2639 1758 2712 pietatis
1785 2641 1985 2697 ostenduntur·
2012 2647 2043 2699 et
2064 2645 2232 2715 antemnam

341 2749 385 2807 γει
405 2729 433 2786 έν
463 2731 505 2802 τῷ
526 2723 606 2801 αύτῷ
626 2721 716 2804 λόγῳ·
762 2726 805 2786 Οἱ
824 2722 987 2803 μηδένθό)
1009 2727 1049 2804 τῇ
1077 2717 1260 2804 ἱερωσύνη
1308 2723 1432 2797 μανρσὶι·
1451 2728 1523 2780 nont
1542 2727 1697 2798 purpant,·
1719 2724 1785 2782 tteri
1805 2727 1943 2798 εαονὶἱερι·
1963 2731 1994 2783 et
2015 2725 2099 2783 ἱιοέὶε
2117 2739 2230 2783 τασαν·-

342 2811 721 2890 προεισενέγκαντες,
756 2807 898 2888 μηδὲθθ)
934 2811 999 2869 τοῦ
1026 2809 1140 2870 καλοῦ
1167 2829 1259 2888 προ·
1311 2809 1414 2882 ἀνίει)
1453 2807 1520 2864 iteri
1539 2812 1631 2865 cetra
1651 2823 1742 2865 sacra
1769 2813 1799 2865 et
1819 2811 1983 2887 mystapoyi
2002 2811 2110 2884 ίιυιίὶε,Ι
2141 2815 2230 2868 uete-

342 2891 702 2976 ταλαιπωρὴσαντες
734 2889 830 2972 ὁμοῦ
863 2889 961 2971 τόθ’)
995 2893 1165 2972 μαθηταὶ
1199 2891 1261 2952 καλ
1309 2894 1382 2950 rani
1401 2891 1663 2970 matitia,pietate
1684 2895 1815 2950 tirones.-
1852 2897 1933 2968 quod
1953 2901 1998 2952 est
2019 2896 2229 2969 opuotruara·

342 2973 569 3040 διδάσκαλοι
609 2981 673 3057 τῆς
716 2971 914 3057 εὐσεβείας
955 2975 1260 3052 άναδείκνννται,
1310 2979 1756 3054 πσερνσὶἱστ,νιυιιεγνὶιν“ἱιιε.
1800 2980 1885 3048 Quod
1907 2985 2009 3036 eutem
2031 2981 2112 3038 socri
2133 2994 2231 3038 euno-

262 3125 264 3130 ,
342 3067 421 3136 καί,
444 3065 529 3142 πρὶν
549 3065 818 3143 καθαρθῆναι,
838 3063 1080 3144 καθαίρουσι·
1101 3061 1191 3143 porc
1212 3066 1259 3123 ἱε·
1310 3078 1374 3120 mes
1395 3062 1549 3135 prohibent
1571 3077 1621 3120 eos
1643 3077 1712 3119 esse
1734 3061 1870 3138 elericos,
1892 3064 1942 3136 qui
1965 3065 2127 3122 secundum
2149 3079 2232 3122 uxo-

343 3143 500 3227 ρόσυλοι
521 3151 579 3208 καλ
602 3143 770 3228 σήμερον
791 3150 920 3224 ἱερεῖς·
948 3145 1036 3228 χθές
1058 3151 1127 3208 τῶν
1148 3143 1261 3226 ἁγίων
1310 3162 1373 3205 rem
1395 3147 1552 3221 duxerunt,
1579 3147 1685 3204 beatus
1707 3147 1796 3204 etiam
1822 3149 1954 3206 Basilius
1976 3149 2087 3206 doeens
2115 3151 2162 3207 ita
2182 3151 2234 3207 di·

342 3230 411 3306 ύξω
442 3234 501 3292 καὶ
527 3233 772 3312 μυσταγωγεῖ
801 3225 978 3312 σήμερον·
1013 3231 1167 3293 natarat
1196 3225 1261 3310 τὴν
1312 3233 1368 3288 eit:
1390 3231 1531 3305 Βὶςανιιοε
1551 3246 1651 3289 conon
1673 3235 1842 3290 omnimodo
1863 3237 2061 3292 amininteria
2082 3235 2227 3292 eoectmu.

342 3319 556 3378 κακίανκαὶ
579 3320 721 3398 σγίδιοι
742 3311 809 3395 τόν
830 3312 1040 3395 εὐσέβειαν,
1063 3309 1136 3391 6³⁸)
1159 3311 1262 3394 ἔργον
1311 3319 1413 3388 Atque
1436 3317 1509 3374 heco
1530 3316 1647 3388 quidem
1669 3317 1775 3373 beatus
1798 3307 1940 3375 Basilius.
1983 3323 2105 3377 Tantum
2129 3325 2231 3378 eutem

370 3397 495 3478 άριτος
514 3400 774 3482 ἀνθρωπίνης,
802 3398 842 3460 ού
864 3405 927 3480 τῆς
954 3406 1020 3462 τού
1040 3395 1261 3477 πνεύματος.
1312 3415 1411 3458 euram
1434 3401 1530 3456 saneti
1558 3407 1657 3474 potres
1679 3401 1840 3459 sacerdotii
1860 3409 2030 3479 gesserunt,
2060 3410 2095 3460 ut
2116 3403 2151 3478 ii,
2180 3407 2231 3478 qui

348 3487 402 3548 Οτι
423 3484 453 3544 δὲ
474 3489 503 3546 οἱ
521 3492 598 3548 θεῖοι
618 3480 732 3556 κανόνες
760 3482 900 3546 κωλύουσι
926 3481 1073 3566 κληρωτοὺς
1100 3481 1169 3546 εἶναι
1196 3477 1262 3556 τούς
1312 3487 1445 3544 Nicaeae
1468 3485 1644 3560 congregati
1666 3492 1767 3560 erunt,
1790 3503 1933 3545 cunonem
1953 3489 2091 3562 iecerint,
2115 3489 2167 3561 qui
2189 3491 2234 3548 ita

343 3571 478 3648 δευτέραν
509 3565 631 3650 γαμετὴν
658 3565 799 3648 λαβόντας
827 3571 874 3630 καὶ
902 3565 918 3630 6
948 3575 976 3630 έν
997 3567 1086 3650 ἁγίοις
1107 3569 1262 3638 Βασίλειος
1312 3585 1346 3628 se
1375 3569 1480 3626 habet:
1523 3571 1681 3628 Pronitutt
1702 3572 1734 3627 in
1754 3573 1930 3631 uniuersam
1951 3589 2062 3646 νιιαηνιιι
2083 3575 2233 3652 εγκυιίιιε,

343 3647 485 3716 διδάσκων·
506 3649 581 3714 ούτω
603 3657 687 3734 λέγει·
736 3652 825 3724 Τούς
859 3649 1092 3732 διγάμουςῧθ)
1124 3674 1260 3714 σαντα·
1312 3657 1537 3730 antiepiscopo,
1566 3669 1621 3712 nec
1640 3657 1824 3732 presbytero,
1851 3673 1908 3714 nec
1928 3661 2067 3732 diacona,
2099 3675 2155 3716 ιιεα
2176 3661 2234 3716 atti

249 3727 254 3754 '
344 3741 416 3808 λούς
449 3735 464 3796 6
500 3733 616 3798 κανων
660 3743 720 3818 τῆς
755 3737 957 3816 ὑπηρεσίας
995 3735 1261 3814 tarataram).
1311 3741 1418 3815 μέσον,
1452 3741 1506 3814 qui
1535 3741 1668 3797 inctero
1695 3747 1755 3811 eut,
1782 3741 1872 3800 licere
1898 3750 2082 3800 retroneum
2106 3745 2235 3820 tatere,

343 3825 406 3886 Καὶ
427 3825 519 3883 ταῦτα
539 3823 589 3897 μέν
611 3819 626 3883 6
649 3827 677 3882 έν
706 3819 794 3900 ἁγίοις
815 3823 978 3894 Βασίλειος.
1021 3821 1210 3883 τοσοῦτο-νδ)
1236 3824 1264 3882 οἱ
1312 3826 1371 3882 nisi
1381 3821 1463 3895 forte
1476 3825 1658 3882 catamitum
1674 3827 1721 3882 cet
1740 3841 1808 3883 eam
1823 3832 1941 3885 tantum
1953 3843 2131 3906 perronam,
2152 3846 2235 3903 quac

344 3902 419 3988 ἅγιοι
439 3909 559 3986 πατέρες
588 3911 639 3985 τῆς
666 3901 816 3985 ἱερωσύνης
837 3901 1015 3986 ἐφρόντισαν,
1045 3901 1090 3968 ότι
1112 3910 1139 3967 oi
1159 3910 1188 3966 έν
1210 3906 1262 3966 Νι·
1311 3909 1482 3980 suspicione
1495 3915 1587 3966 caret.
1618 3907 1766 3985 (cepa)
1780 3913 1945 3983 sequentes
1968 3915 2063 3989 igitur
2085 3929 2132 3986 en,
2154 3931 2235 3986 quse

343 3994 412 4067 καίη
434 3987 622 4062 συνελθόντες
642 3985 748 4051 κανόνα
769 3985 1129 4071 εξέθεντουύτωςέχοντα·
1156 3987 1221 4052 Ἀιτ
1252 4023 1263 4036 ·
1314 3992 1441 4050 ueneris
1456 3994 1619 4050 canonibus
1633 3993 1843 4068 definitusunt‚
1865 4005 2050 4068 praesentem
2064 3999 2165 4074 legem
2181 4003 2234 4054 tu-

343 4070 555 4157 γόρευσε4ῑ)
583 4071 753 4136 καθόλου
776 4070 793 4153 ἡ
814 4069 956 4155 μεγάλη
984 4070 1162 4148 σύνοδος,
1195 4099 1262 4154 μη·
1314 4079 1425 4152 cimus,
1452 4093 1510 4150 qun
1532 4079 1700 4153 seneirnus,
1731 4085 1779 4152 ui,
1802 4083 1917 4152 quoties
1938 4086 2112 4158 episcopum
2134 4087 2235 4142 creari

343 4181 381 4221 τε
408 4160 623 4234 ἐπίσκοπον,
657 4153 750 4238 μήτε
784 4155 1046 4240 πρεσβύτερον,
1073 4155 1164 4240 μήτε
1186 4155 1263 4220 διά·
1315 4179 1389 4235 opus
1418 4167 1480 4235 est,
1509 4163 1611 4220 cleriei
1640 4169 1670 4220 et
1691 4163 1840 4237 principes
1863 4166 2012 4240 civitatis,
2042 4169 2132 4224 ouius
2162 4169 2233 4244 epi-

343 4264 468 4316 κονον,
504 4239 590 4322 μήτε
617 4237 711 4316 ὅλως
741 4248 810 4305 τῶν
837 4249 871 4305 έν
897 4248 943 4320 τῷ
969 4239 1089 4324 κλήρῳ
1118 4247 1188 4306 τινλ
1210 4241 1263 4316 ἐξ·
1314 4263 1423 4319 scopus
1445 4248 1590 4304 creandus
1612 4253 1673 4321 est,
1695 4249 1889 4324 conveniunt,
1911 4251 2135 4326 propositisque
2158 4271 2234 4310 sarr-

343 4338 439 4390 εῖναι
461 4329 704 4389 συνείσακτον
732 4323 846 4407 ἔχειν,
879 4323 974 4410 πλην
1002 4334 1038 4390 εί
1060 4325 1105 4409 μὴ
1132 4321 1262 4410 άρα4ἳ)
1314 4333 1372 4388 etis
1404 4332 1571 4406 erongeliis
1599 4332 1636 4390 tie
1663 4333 1757 4389 tribus
1785 4338 1920 4406 personis
1951 4337 2073 4394 decreta
2108 4339 2236 4401 ruciam.

343 4409 363 4494 ι’)
385 4407 602 4490 ostendet
631 4407 710 4490 6⁴³)
742 4407 838 4490 μόνα
870 4407 1056 4494 πρόσωπα
1095 4411 1263 4494 ύποψὶαν
1315 4421 1345 4472 et
1366 4415 1491 4488 quilibet
1512 4432 1611 4473 eorum
1632 4433 1686 4490 per
1706 4423 1810 4475 sonetn
1832 4423 1991 4496 evangelia
2011 4425 2108 4498 iuret,
2136 4425 2169 4480 in
2192 4425 2237 4481 n-

343 4492 551 4576 διαφεύγει.
574 4497 663 4574 (Cnp.
676 4495 722 4572 2.)
745 4499 810 4568 Τοῖς
822 4490 873 4558 ούν
888 4493 946 4560 ύπό
964 4502 1022 4558 τῶν
1033 4501 1121 4560 θείων
1138 4494 1264 4560 κανόνων
1314 4501 1411 4573 lisque
1441 4499 1568 4578 scribet,
1608 4517 1642 4560 se
1671 4517 1722 4558 eos
1751 4519 1848 4576 nequo
1875 4521 1928 4578 per
1954 4507 2145 4583 largitionem
2175 4523 2236 4568 nar

344 4579 511 4660 ὁρισθεῖσιν
533 4579 759 4652 ἀκολουθοῦντες
781 4578 832 4643 τόν
844 4577 977 4663 παρόντα
989 4577 1075 4663 νόμον
1089 4577 1265 4662 ποιούμεθα,
1314 4585 1537 4660 promissionem
1565 4603 1621 4644 neo
1648 4587 1807 4646 amicitiem
1836 4605 1891 4646 noo
1911 4595 2039 4666 gratiam
2067 4598 2117 4648 aut
2136 4592 2232 4650 elium

345 4663 388 4727 δι’
411 4657 444 4728 ού
465 4666 654 4747 θεσπίζομεν,
683 4659 784 4738 ὁσάκις
803 4669 884 4748 χρεία
904 4668 1015 4746 γένηται
1035 4669 1190 4728 ἐπίσκοπον
1210 4689 1263 4748 γει·
1315 4685 1518 4744 quemcunque
1539 4674 1676 4729 affectum
1698 4672 1844 4750 elegisse,
1866 4691 1975 4752 'verum
1999 4677 2138 4752 scientes,
2173 4691 2232 4736 eos

343 4755 551 4831 ροτυνηθῆναι,
573 4751 748 4829 σννιέναι44)
770 4751 837 4822 τους
856 4745 1004 4830 κληρωτοὺς
1031 4753 1079 4812 καλ
1100 4748 1166 4823 τοὺς
1188 4745 1263 4830 πρά·

344 4856 412 4908 τους
433 4839 484 4912 τῆς
504 4830 623 4910 πόλεως,
644 4827 678 4916 ἧς
697 4837 790 4915 μέλλει
802 4837 956 4906 ἐπίσκοπος
964 4833 1011 4914 ⁴⁵)
1029 4843 1264 4916 χειροτονεῖσθαι,

343 4921 392 4981 καλ
413 4923 599 4999 προκειμένων
626 4923 683 4982 τῶν
711 4917 798 5000 ἁγίων
817 4916 984 4997 εὐαγγελίων
1005 4923 1049 4980 ἐπὶ
1069 4921 1145 5000 τρισὶ
1175 4941 1263 4998 προσ-

344 5002 434 5073 ώποις
462 5007 639 5082 ψηφίσματα
666 5015 769 5074 ποιεῖν,
798 5005 845 5064 καλ
867 5000 987 5064 ελιαστον
1007 4999 1157 5079 andum)
1179 5000 1263 5081 ὀμνύ·

343 5081 446 5166 ταιυ)
468 5083 542 5148 κατὰ
564 5094 621 5150 τῶν
641 5092 729 5150 θείων
753 5089 853 5164 λογίων
874 5089 921 5147 καλ
943 5082 1090 5167 ἐγγράφειν
1111 5092 1139 5148 έν
1157 5084 1263 5162 αὐτοῖς,

346 5165 392 5234 ὅτι
414 5162 481 5233 οὔτε
500 5167 549 5232 διά
570 5169 652 5235 δόσιν
672 5166 738 5234 ούτε
759 5167 807 5233 διά
829 5166 985 5274 ύπόσγεσιν
1011 5167 1028 5251 ἢ
1051 5173 1146 5251 φιλίαν
1175 5169 1261 5254 626-

346 5277 389 5332 ριν
419 5252 437 5334 ἢ
466 5247 555 5336 torp
590 5252 759 5338 οἱανδήποτε
792 5261 1015 5336 προσκαθειαν,
1049 5254 1118 5318 ἀλλ’
1146 5254 1261 5330 εἰδότες.

500 5574 547 5634 ³2)
565 5573 670 5626 Vocem
687 5577 742 5632 ταῖς
758 5575 830 5626 tion.
849 5579 959 5626 amiton
1051 5577 1098 5639 33)
1116 5577 1184 5628 'fres
1201 5578 1287 5628 Puris.
1306 5576 1458 5634 ιίυέάσοντιι.
1549 5581 1597 5641 34)
1614 5583 1681 5632 Trea
1698 5581 1785 5634 Paris.
1804 5581 2047 5653 συνιερατεύοοντα.
2142 5591 2192 5650 35)
2210 5591 2239 5640 c.

373 5638 445 5690 'un
537 5639 735 5708 oo)c.u.p.'1
754 5641 790 5692 ot.
876 5647 925 5706 87)
945 5643 975 5696 G.
992 5661 1030 5694 τε.
1115 5639 1675 5714 ee)Prodc.1rat›etd,n..5v,1r.t.
1759 5652 1807 5710 39)
1825 5649 1892 5702 'free
1908 5651 1995 5704 Parin
2015 5651 2239 5726 δευτερογολιιακς.

383 5673 619 5766 )0.·οἱνιίκλοιοεν.
703 5709 751 5770 41)
768 5707 957 5780 ἀπηγόρευσεν.
1043 5711 1090 5772 42)
1107 5709 1277 5764 parisienses
1295 5717 1351 5762 tres
1368 5701 1431 5782 όρα.
1515 5716 1565 5776 43)
1586 5719 1622 5768 A.
1639 5714 1657 5770 ἃ
1674 5719 1754 5770 habet
1771 5729 1821 5782 pro
1837 5716 1874 5768 δι’
1893 5713 1920 5768 ά.
2005 5719 2057 5780 44)
2077 5724 2114 5772 n
2133 5723 2242 5778 rrum

344 5777 394 5833 45)
412 5777 446 5826 Δ.
469 5771 618 5828 ίπύσκυιτον.
687 5778 734 5838 46)
751 5781 785 5828 Δ.
802 5777 894 5831 αὐτόν.
964 5779 1011 5839 47)
1027 5781 1063 5830 Δ.
1082 5775 1200 5842 ὀμνύναι,
1219 5782 1315 5844 reliqui
1332 5777 1448 5842 ὀμνῡντιι.
