4784 7068
286 533 450 638 ''3⁰'‘
1113 520 1539 623 armantem
1636 509 1701 636 η’

372 725 533 803 φαλκίδιον,
560 719 611 784 οὐκ
637 721 800 800 ἐγκαλεῖται.
826 721 867 777 εἰ
892 716 919 776 δὲ
951 709 1031 794 παρά
1059 707 1111 785 τάς
1139 715 1282 792 εἰρημένας
1324 713 1499 770 contenitur
1519 711 1677 788 (actione).
1700 713 1754 770 sta
1777 715 1874 776 autem
1891 717 2007 785 praeter
2028 731 2151 772 carissas
2166 716 2232 789 (su-

372 811 466 880 αλτύας
487 802 656 884 δαπανήσας
676 801 726 863 τόν
748 804 893 880 pantana
915 793 1201 877 pertenent-16⁸⁴)
1224 804 1281 858 faa·
1325 799 1396 872 μαι)
1419 797 1514 852 dictas
1538 798 1699 854 Falcidiam
1723 799 1908 872 erogaverit,
1940 813 1994 854 nec
2017 799 2128 874 (satis)
2152 801 2232 855 iucu-

372 889 421 952 νόν
447 896 566 968 ποιήσαι
594 895 635 963 τῷ
663 889 930 965 ηιδεικομμισαρύῳ,
964 879 1071 956 ἔξεστιν
1090 887 1095 952 i
1114 881 1160 958 ⁸⁵)
1190 887 1283 958 ἐκείνῳ
1326 884 1389 954 pies
1411 883 1448 938 sit
1472 883 1509 936 ad
1532 883 1800 938 fideicommissario
1823 883 2075 953 satisfacieminrn,
2104 885 2170 939 iicet
2195 885 2232 938 iiii

373 971 453 1055 παρά
474 969 587 1044 παντως
609 977 649 1049 (r.
671 969 794 1046 πινυτός)
804 967 850 1042 ⁸⁶)
874 971 1030 1046 νεμωμείοιι
1054 971 1095 1046 (v.
1118 968 1282 1046 νεμομένου)
1326 985 1344 1022 a
1365 981 1539 1037 quoeunque
1562 967 1678 1042 (earrnn
1698 965 1810 1039 rerum)
1834 984 2004 1037 possessore
2018 985 2070 1026 eas
2088 969 2233 1024 vindicare

373 1064 514 1136 ἐκδικῆσαι
543 1053 579 1118 τά
607 1053 761 1136 πράγματα
774 1047 834 1127 ,διά
862 1059 912 1130 τής
941 1058 965 1112 ἰν
986 1053 1036 1134 (ep
1063 1053 1109 1112 καὶ
1144 1057 1194 1130 τής
1215 1049 1283 1111 dao—
1328 1065 1381 1122 per
1409 1053 1439 1106 in
1470 1067 1529 1106 rem
1559 1053 1703 1108 actionem
1732 1060 1760 1106 et
1791 1052 2040 1122 hypothecariam.
2102 1055 2182 1110 Nota
2208 1061 2232 1108 ct

373 1145 524 1222 ι’)ηκαράες.
565 1140 773 1218 opprimendi)
790 1140 849 1196 -καὶ
884 1141 1022 1210 ἐντεῦθεν,
1050 1131 1095 1196 ότι
1124 1133 1242 1196 δύναται
1269 1131 1284 1194 d
1329 1137 1414 1204 hinc,
1452 1152 1470 1188 a
1492 1141 1633 1192 testatore
1653 1137 1761 1192 remitti
1784 1151 1872 1206 posse
1894 1137 2013 1192 haeredi
2036 1137 2232 1192 fideicommis-

373 1223 521 1305 τεστάτωρ
543 1237 695 1305 συγχωρεῖν
723 1229 763 1300 τῷ
791 1217 956 1300 κληρονόμῳ
983 1217 1034 1300 τήν
1056 1213 1287 1298 Ριδεικομμισσό-
1329 1222 1649 1276 sorumservandorum
1667 1221 1898 1276 satisdationem.
1927 1223 1966 1277 nt
1987 1223 2017 1276 in
2041 1223 2140 1291 factis,
2162 1237 2232 1292 ηιιεο

373 1335 447 1392 ρουμ
469 1307 681 1390 σερβανδόρονμ
708 1309 892 1369 ι’κανοδοσλαν.
935 1307 981 1366 καὶ
1012 1303 1126 1382 [νή-ΡΘ)
1157 1307 1202 1364 ἐπὶ
1229 1308 1286 1363 τῶν
1328 1304 1358 1360 in
1391 1321 1536 1376 suspenso
1572 1311 1656 1376 saun,
1685 1303 1788 1378 (imici
1825 1305 2027 1360 constitutioni
2063 1306 2148 1362 iocus
2182 1313 2232 1361 est.

373 1389 533 1474 ἠρτημένων
544 1392 591 1470 ⁸⁰)
619 1389 737 1452 δάκνων
763 1385 844 1470 χώρα
878 1395 912 1469 τῇ
942 1388 1076 1462 διατάξει.
1123 1384 1285 1470 Ἐγράφη
1328 1390 1451 1462 scripta
1478 1395 1522 1446 eat
1550 1393 1654 1446 ναανπι
1681 1394 1745 1462 die,
1774 1387 1873 1466 (ηιια,
1911 1405 1990 1464 puae
2019 1406 2116 1463 cupra
2139 1393 2233 1448 refuta

373 1477 487 1560 ήμύρα
507 1481 547 1556 τῇ
569 1475 667 1553 αὐτῇ.
1133 1556 1136 1564 Ι
1327 1471 1401 1551 ενα).

474 1656 522 1758 ι’.Ι
555 1652 819 1756 ἡδιάταξιςθθ)
855 1657 1057 1756 ἀναιροῦσα
1096 1651 1150 1730 τά·
1171 1655 1281 1730 α’δνα-
1425 1653 1552 1732 Coust.
1580 1651 1637 1726 10.
1679 1652 1906 1747 Constitutiu,
1954 1679 2043 1752 quae
2074 1656 2232 1752 agaudiu-

372 1757 455 1837 νικά
480 1757 540 1834 καὶ
571 1762 739 1833 τυποῦσα
753 1753 886 1848 'vaget
917 1761 954 1845 ἐξ
974 1759 1174 1832 donadac
1201 1754 1282 1856 κλή-
1324 1755 1475 1830 nisime
1495 1756 1640 1830 tollit-et
1661 1755 1707 1828 ad
1722 1755 1972 1832 haereditatem
1993 1757 2150 1848 intestati
2170 1783 2232 1828 ro-

373 1890 457 1954 σεις.
1326 1858 1485 1932 cationes
1511 1857 1658 1932 ordinat

455 1998 488 2061 ‘0
521 1993 608 2070 αὐτὸς
640 1995 775 2078 βασιλεύς
810 2001 914 2075 Πέτρῳ
950 1992 1064 2076 ἐπάρχῳ
1093 2000 1279 2076 πραιτωρίων.
1405 1997 1485 2054 idem
1532 1999 1689 2068 imperator
1735 1997 1821 2054 Petro
1875 2000 2025 2069 praefecto
2080 2001 2233 2068 praetoria.

375 2079 542 2153 Πολλούς
570 2084 631 2143 καὶ
659 2079 871 2162 διαφόρους
892 2076 1037 2162 νόμους.
1323 2082 1441 2139 Multus
1463 2099 1500 2138 uc
1522 2087 1654 2140 detersus
1675 2084 1759 2153 iopes.
2159 2099 2165 2110 ³

458 2196 566 2279 Πρώτη
587 2196 666 2272 τάξις
690 2204 744 2259 τών
765 2198 794 2270 ἐξ
815 2199 971 2260 άδιαθὲτου
985 2195 1109 2278 κλήσεσιν
1130 2197 1201 2277 ⁷2⁹²)
1224 2203 1281 2260 τῶν
1408 2199 1524 2256 Primus
1546 2200 1616 2256 ordo
1638 2215 1755 2272 eorum,
1786 2201 1835 2271 qui
1859 2201 1896 2256 ad
1921 2199 2052 2256 intestati
2078 2201 2234 2275 (haeredi-

373 2282 542 2357 κατιόντων,
571 2287 689 2362 δευτέρα
715 2282 787 2361 ἡ93)
810 2279 1038 2358 condemnatae,
1068 2283 1200 2362 epicam)
1223 2289 1280 2344 τῶν
1322 2283 1427 2356 tatem]
1450 2291 1610 2356 vocantur,
1640 2290 1686 2339 est
1707 2284 1962 2358 descendentium,
1998 2287 2147 2341 secundus
2177 2289 2232 2341 ad-

374 2380 403 2434 ἐκ
430 2373 556 2450 πλαγίου.
599 2363 818 2446 τελευτήσαντος
846 2365 935 2440 τινός,
979 2374 1007 2429 οἱ
1026 2366 1169 2439 κατιόντες
1190 2366 1279 2428 αὐτοῦ
1323 2369 1536 2440 scandentium,
1558 2370 1663 2425 tertius
1686 2385 1800 2440 eurum,
1823 2371 1872 2441 qui
1895 2387 1932 2426 ex
1954 2371 2047 2426 latere
2068 2378 2147 2427 suat.
2201 2374 2232 2427 si

373 2456 403 2529 ἐξ
429 2449 546 2534 ἄρρενος
571 2449 589 2533 ἢ
618 2449 778 2530 didicat-⁹⁵)
800 2450 959 2530 προσώπου
987 2449 1151 2523 ύπεξούσνοί
1175 2475 1205 2514 τε
1235 2455 1281 2512 καὶ
1324 2455 1390 2524 quis
1412 2453 1572 2510 defunctus
1594 2455 1643 2526 sit,
1665 2454 1877 2510 descendentes
1900 2456 1965 2510 eius
1988 2457 2230 2512 exmaseuiavci

374 2536 548 2611 αὐτεξούσιον
569 2540 719 2598 καλοῦνται
739 2543 778 2607 εἰς
798 2537 849 2615 την
870 2535 959 2598 αὐτοῦ
980 2533 1119 2616 διαδοχήν,
1141 2533 1282 2616 προτιμά-
1323 2539 1465 2594 feminina
1487 2554 1628 2612 persona,
1650 2545 1693 2609 et,
1722 2540 1771 2609 qui
1793 2540 1883 2595 alieni
1905 2541 1980 2596 iuris
2002 2547 2086 2611 sunt,
2115 2547 2160 2610 et,
2183 2543 2229 2612 qni

374 2647 453 2706 μενοι
480 2627 536 2684 τῶν
561 2617 694 2682 ἀνιόντων
724 2620 901 2698 [αύ)τοῦ”“),
935 2627 962 2682 εἰ
986 2626 1032 2682 καὶ
1060 2621 1282 2699 ύπεξουσίουδῖ)
1325 2624 1372 2679 sui
1394 2624 1479 2693 iuris,
1509 2623 1546 2677 ad
1569 2624 1634 2678 eins
1656 2624 1875 2680 successionem
1897 2633 2056 2696 vocantur,
2079 2627 2121 2680 ita
2150 2633 2232 2682 utet

375 2707 491 2780 αὐτῶν,
519 2709 582 2787 περ)
609 2712 660 2784 τῆς
689 2703 814 2786 χρήσεως
841 2712 899 2766 τῶν
928 2705 1169 2788 άπροσπορλστων
1200 2711 1285 2785 κιηιέ-
1324 2707 1552 2764 ascendentibus
1564 2709 1639 2778 eius,
1661 2709 1719 2763 etsi
1734 2708 1764 2764 in
1779 2725 1878 2764 eorum
1895 2711 1952 2764 fuit
1973 2715 2129 2782 potestate,
2144 2727 2231 2781 prae-

375 2817 430 2856 νων
449 2788 550 2870 νόμων.
584 2796 612 2851 oi
640 2795 669 2850 ἐκ
695 2788 970 2870 προτελευτήσαντος
999 2797 1060 2851 υἱοῦ
1087 2787 1103 2868 ἢ
1133 2788 1280 2872 θυγατρὸς
1325 2794 1466 2864 ferantur,
1488 2793 1614 2866 iegibus
1636 2809 1712 2862 quae
1733 2793 1770 2847 de
1784 2795 1941 2850 usufructu
1957 2809 2063 2866 rernm,
2085 2811 2161 2865 qrrae
2177 2813 2232 2866 pa-

374 2881 521 2957 τιγθέντες
549 2877 647 2945 παῖδες
673 2877 805 2953 fraaton:
833 2872 945 2953 ιγύσεως
973 2871 1006 2936 τό
1034 2881 1085 2936 τοῦ
1113 2880 1214 2936 οἰκείου
1235 2899 1279 2954 γο-
1320 2879 1452 2934 rentibus
1482 2893 1538 2933 aon
1566 2879 1773 2950 acquiruntur,
1803 2878 1880 2933 latae
1902 2885 1987 2950 sunt,
2017 2881 2048 2936 iu
2076 2896 2131 2936 suo
2153 2889 2231 2935 statu

375 2968 442 3033 νέως
461 2959 669 3039 ύπεισέργονται
692 2956 920 3038 πρόσωπον-κα)
942 2953 1004 3038 άμα
1023 2973 1082 3030 τοῖς
1099 2968 1188 3032 θείοις
1207 2969 1212 3032 t
1231 2960 1277 3035 ⁹⁹)
1321 2961 1515 3018 manentibus.
1557 2963 1597 3034 ii,
1626 2963 1675 3032 qui
1705 2978 1743 3018 ex
1771 2963 1982 3033 praedefuncto
2012 2965 2070 3020 titio
2100 2967 2148 3019 vei
2172 2966 2231 3020 fdia

374 3051 592 3126 κληρονομοῦσα
613 3066 663 3103 τον
690 3043 758 3104 ιδιον
780 3039 913 3116 πάππον,
942 3050 967 3106 ἰν
989 3049 1104 3124 στίρπες
1125 3049 1278 3124 διαιρουμέ-
1322 3047 1383 3102 nati
1404 3053 1472 3102 sunt
1494 3047 1579 3100 liberi
1602 3049 1754 3116 utriusque
1776 3063 1886 3120 sexus,
1908 3050 2037 3118 parentis
2060 3051 2106 3104 sui
2130 3051 2159 3105 in
2184 3051 2230 3105 io-

373 3156 422 3210 νης
449 3135 499 3208 τῆς
525 3131 715 3208 κληρονομίας.
756 3131 787 3208 μ)
822 3128 863 3202 (ν.
891 3124 943 3208 μή)
973 3121 1098 3207 ὄντων’)
1127 3125 1280 3190 κατιόντων
1322 3147 1386 3187 curn
1409 3130 1582 3194 succedunt,
1603 3132 1741 3186 acsimni
1762 3135 2152 3202 cumparentumsratribus
2175 3151 2230 3190 aro

374 3223 403 3278 cf
422 3211 546 3283 ἀνιόντες
566 3216 796 3292 κληρονομοῦσα,
825 3211 1005 3292 οιόνδήποται
1034 3217 1074 3293 (ν.
1099 3211 1277 3291 οίουδήνιοτε)
1320 3229 1374 3270 suo
1397 3215 1539 3270 haeredes
1561 3217 1648 3287 fiunt,
1677 3215 1860 3271 haereditate
1881 3217 1912 3272 in
1934 3219 2042 3288 stirpes
2063 3219 2231 3274 dividenda.

374 3297 410 3364 άν
444 3293 549 3374 άσινλ)
577 3301 708 3377 βαθμοῦ,
741 3299 788 3358 καὶ
815 3299 876 3368 ούις
897 3295 1039 3377 δήποτεθ)
1062 3294 1188 3376 (μύσεως,
1210 3321 1278 3376 προ·
1321 3301 1373 3357 Sin
1401 3299 1613 3354 descendentes
1642 3316 1698 3355 non
1729 3305 1815 3370 sunt,
1858 3302 2052 3358 ascendentes
2088 3305 2230 3362 iraeredes

327 3433 336 3450 .
374 3380 524 3464 τιμώμενοι
550 3387 606 3442 τῶν
634 3387 663 3440 εἰι
690 3383 809 3462 πλαγίου
831 3388 982 3462 συγγενῶν,
1005 3379 1077 3461 πλήν
1099 3381 1229 3460 ἀδελφῶν
1250 3381 1279 3454 ἔξ
1321 3387 1402 3452 fluat,
1424 3385 1627 3454 cuiuscunque
1643 3386 1702 3439 sint
1719 3385 1840 3457 gradus,
1861 3401 1897 3440 ac
1915 3388 2117 3457 cuiuscunque
2131 3406 2233 3460 sextas,

374 3472 506 3548 ἐκατέρου
527 3471 625 3546 γονέως
634 3466 663 3542 ⁴)
686 3473 900 3546 συναπτομένων
927 3472 968 3544 τῷ
988 3463 1190 3547 τελευτήσαντι.
1234 3458 1279 3526 ού·
1321 3470 1363 3524 ita
1384 3471 1417 3523 ut
1438 3483 1475 3524 ex
1497 3467 1590 3524 latere
1612 3471 1748 3542 cognatis
1769 3477 1995 3542 praeponantur,
2018 3475 2152 3543 exceptis.
2169 3477 2232 3530 tra-

375 3547 538 3630 τοι5)γάρ
566 3546 715 3628 μετὰτῶν
743 3557 850 3612 οἰκείων
876 3555 976 3630 γονέων
1005 3557 1279 3629 συναναπεμννονται,
1322 3554 1433 3630 tribus,
1461 3555 1511 3622 uui
1545 3569 1583 3608 ex
1606 3559 1728 3624 utroque
1751 3561 1871 3624 parente
1898 3571 1963 3610 cum
1992 3555 2132 3612 defuncto
2156 3577 2234 3616 ecn-

375 3633 465 3712 πάνθ)
494 3631 655 3706 ύπεξούσιοι
688 3634 785 3707 αὐτοῖς
813 3633 1040 3714 καθεστήκασιν,
1075 3642 1100 3698 ιἰ·
1135 3619 1279 3710 κάπιταῗ)
1321 3638 1492 3712 iunguntur.
1540 3637 1579 3694 iii
1615 3639 1691 3693 enim
1719 3639 1841 3712 (simui)
1877 3655 1942 3694 cnm
1971 3643 2141 3712 parentibus
2169 3649 2234 3700 suis

376 3720 435 3803 μετ’
460 3717 553 3780 αὐτῶν
575 3714 747 3797 μεριζόμενοι
772 3717 823 3798 τήν
849 3723 1046 3800 κληρονομίαν,
1073 3724 1119 3780 κα)
1141 3719 1209 3800 μηδὲ
1230 3715 1282 3798 τήν
1323 3723 1528 3792 admittuntur,
1563 3724 1680 3778 etiamsi
1708 3723 1739 3778 in
1778 3739 1875 3778 eorum
1905 3731 2051 3795 potestate
2080 3733 2234 3786 constituti

376 3809 475 3887 γρλσην
497 3805 538 3878 (v.
560 3807 669 3881 γρήσιν)
678 3805 707 3880 ⁸)
730 3803 826 3874 αὐτοῖς
848 3801 1043 3882 (γυλάττωντες
1066 3807 1106 3876 (r.
1128 3801 1280 3886 mairinaco·
1323 3813 1402 3876 sntrt,
1423 3808 1452 3862 io
1476 3809 1573 3878 capita
1595 3823 1659 3863 cum
1681 3808 1728 3862 iis
1743 3807 1953 3864 haereditatem
1976 3810 2156 3880 dividentes,
2170 3817 2235 3870 'nec

376 3891 435 3968 τες)
458 3891 502 3950 ἐπὶ
524 3885 634 3956 τούτοις
654 3900 712 3959 τοῖς
728 3885 898 3968 πράγμασιν,
920 3891 1092 3969 μηδεμιάςθ)
1116 3884 1208 3968 ούσης
1223 3893 1280 3948 δια·
1323 3893 1538 3947 usumfructum
1560 3891 1675 3961 quidem
1698 3893 1799 3948 aarum
1822 3907 1917 3948 rerrnn
1947 3895 1984 3948 iis
2012 3907 2236 3958 conservantes.

376 3980 484 4054 φορᾶς,
513 3969 566 4033 εἴτε
592 3967 759 4050 effetam)
788 3974 842 4035 afra
868 3967 983 4052 άρρενες
1012 3977 1080 4035 εἰσὶν
1107 3980 1135 4035 οἰ
1153 3969 1280 4052 epten)
1310 3975 1405 4032 ‘nulia
1425 3976 1591 4032 ditierentia
1610 3977 1757 4044 iacienda,
1779 3978 1844 4032 sire
1865 3980 2007 4048 feminae,
2029 3979 2094 4035 sire
2109 3987 2237 4038 masenii

376 4053 428 4138 τήν
455 4059 639 4138 κληρονομίαν
659 4053 837 4136 καλούμενοι,
860 4053 923 4120 ούτε
944 4059 988 4135 ¹²)
1018 4064 1044 4119 α’
1068 4059 1100 4119 δι’
1123 4051 1281 4138 άρρινοςή
1324 4067 1402 4131 sunt,
1424 4061 1473 4131 qui
1495 4061 1532 4115 ad
1555 4061 1764 4116 haereditatem
1787 4069 1938 4130 vocantur,
1962 4079 2026 4128 nec,
2048 4065 2075 4119 si
2097 4081 2150 4136 per
2169 4086 2238 4124 ma-

376 4139 481 4222 θήλεος
494 4137 651 4220 προσώπου
666 4138 855 4204 συνάπτονται
875 4143 969 4220 capilii)
992 4141 1197 4223 τελευτήσαντι,
1218 4140 1279 4203 ἀλλ’
1323 4145 1466 4200 scuiiaam
1487 4151 1538 4201 aut
1559 4146 1727 4201 femininam
1751 4161 1904 4217 personam
1927 4164 1992 4202 cum
2006 4149 2146 4205 defuncto
2160 4171 2241 4208 coa-

289 4228 294 4239 ’
375 4219 717 4305 ούνε,ε1ύπεξούσιοςή
739 4224 920 4300 αύτεξούσιος
941 4231 1024 4301 ἐστίν,
1046 4223 1079 4288 ὃν
1101 4229 1281 4308 διαδέχονται.
1327 4229 1502 4303 iungamur,
1530 4245 1632 4286 verum
1655 4245 1768 4300 neque,
1796 4231 1822 4285 si
1845 4232 1892 4286 sui
1914 4239 1966 4287 atat
1988 4233 2077 4288 alieni
2099 4237 2172 4292 iuris
2200 4241 2241 4292 sit

377 4316 433 4374 τῶν
462 4311 490 4370 δὲ·
516 4304 651 4371 άνιόντων
679 4308 839 4389 άνΙσωνΝ)
872 4305 962 4375 όντων
982 4314 1116 4392 βαθμῶν,
1145 4317 1174 4372 of
1193 4333 1283 4390 apoc·
1326 4315 1364 4384 is,
1386 4315 1434 4368 cui
1456 4315 1627 4371 succedunt.
1660 4316 1713 4370 Sia
1735 4320 1832 4370 autem
1855 4317 2049 4373 ascendentes
2075 4319 2241 4391 disparium

377 4399 516 4478 εγέστεροι
534 4392 575 4468 ¹⁵)
603 4396 712 4470 μᾶλλον
743 4399 954 4458 καλείσθωσαν.
1004 4401 1030 4458 εἰ
1063 4397 1091 4455 δὲ
1117 4403 1169 4458 τοῦ
1196 4393 1299 4458 αὐτοῦ·
1327 4397 1470 4470 Ιεηιειδιιυαι
1494 4403 1571 4469 sunt,
1592 4400 1615 4455 ii
1636 4399 1745 4470 points,
1767 4400 1817 4468 (tui
1834 4402 2056 4471 propinquiores
2078 4411 2155 4470 suat,
2178 4425 2242 4462 vo-

377 4483 495 4562 βαθμοῦ
507 4475 609 4549 πάντες
622 4481 700 4552 εἰσίν,
720 4475 754 4541 τό
771 4475 858 4560 ἧμισυ
873 4487 902 4543 ον’
921 4477 1046 4554 άδνάτοι,
1069 4475 1132 4542 ὅσοι
1150 4481 1284 4558 elatam),
1328 4489 1438 4538 carator.
1466 4485 1518 4540 Sin
1542 4499 1643 4541 omnes
1667 4483 1796 4538 eiusdem
1820 4485 1930 4556 gradus
1953 4493 2030 4554 sunt,
2053 4497 2162 4559 partem
2187 4493 2242 4546 di-

377 4561 478 4626 καὶτὸ
500 4557 752 4642 ἔτερονῆμισυοὶ
776 4563 960 4645 κογνάτοιίῖ)
989 4567 1168 4644 διαδέχονται.
1216 4565 1285 4628 afa
1326 4567 1453 4637 midiam‚
1475 4575 1612 4638 quotquot
1627 4574 1695 4622 sunt
1710 4569 1821 4641 agitati,
1856 4571 1982 4644 capient,
2004 4575 2033 4626 et
2049 4573 2168 4629 aiteram
2189 4576 2244 4630 di-

377 4646 488 4730 πατρὸς
498 4647 540 4725 ¹⁸)
554 4648 600 4706 κα)
618 4643 727 4726 μητρός
739 4646 861 4728 άδεληός
873 4646 1010 4728 πάντων)
1034 4649 1077 4728 ¹⁹)
1091 4646 1286 4730 προτιμάσθω
1328 4651 1446 4708 midiam
1475 4653 1603 4726 cognati.
1646 4653 1702 4719 Qui
1725 4669 1762 4707 ex
1784 4661 1867 4723 patre
1894 4661 1925 4709 et
1946 4660 2036 4711 matre
2066 4659 2157 4714 frater
2181 4669 2244 4740 est,

378 4741 433 4795 τῶν
462 4739 491 4794 ἐκ
519 4731 639 4810 πλαγίου
668 4739 804 4812 συγγενῶν
838 4739 889 4795 τοῦ
916 4729 1134 4812 τελευτήσαντος
1161 4733 1286 4812 άδελεγοῦ
1329 4737 1463 4792 omnibus
1486 4737 1681 4809 praeponitur,
1704 4738 1752 4807 qui
1776 4739 1947 4794 cumfratre
1968 4739 2109 4797 defuncto
2128 4760 2164 4799 ex
2190 4746 2244 4799 ia-

379 4823 417 4890 εἶς
438 4814 490 4896 τήν
511 4819 616 4877 ἐκείνου
643 4813 781 4896 διαδοχήν.
804 4814 857 4880 σύν
877 4817 956 4894 αὐτῷ
979 4817 1008 4878 δὲ
1029 4820 1076 4879 καὶ
1097 4825 1125 4880 oi
1145 4816 1286 4880 τεκνάδελ·
1327 4826 1388 4876 tere
1404 4829 1513 4896 cognat
1528 4823 1616 4892 isunt,
1631 4823 1711 4876 circa
1726 4821 1813 4876 istius
1826 4825 2054 4880 successionem.
2083 4829 2154 4884 Cum
2171 4829 2244 4899 ipsu

378 4924 425 4980 φοι
434 4905 480 4976 ²⁰)
504 4897 533 4972 ἐξ
554 4901 687 4976 ἐκατέρου
708 4903 855 4980 portuen)
886 4898 1099 4982 συναπτόμεναι
1128 4903 1170 4982 (ν.
1193 4925 1286 4964 cura-
1327 4911 1425 4962 autem
1448 4912 1478 4962 et
1498 4909 1620 4966 fratrum
1641 4907 1710 4977 tilii,
1739 4908 1789 4977 qui
1818 4922 1855 4962 ex
1877 4913 2000 4978 utroque
2029 4903 2148 4980 parente
2170 4930 2244 4970 cum

377 4982 575 5066 πτόμενοι)”)
597 4983 687 5062 saiw)
709 4983 905 5068 τελευτήσαντι
916 4990 1182 5068 κληρονομείτωσαν.
1204 4985 1284 5048 άδελ-
1328 4989 1468 5048 defuneto
1490 4997 1725 5066 coniunguntur,
1753 4993 1896 5048 haeredes
1919 5001 2014 5049 surita.
2064 4997 2116 5052 sia
2139 5005 2244 5054 antem

373 5155 763 5176 Μ

443 5263 492 5329 et)
510 5263 599 5316 Codex
615 5269 665 5317 τοῦ
681 5269 762 5323 nabet
779 5280 828 5330 pro
845 5265 885 5319 τό.
959 5261 1305 5334 animaduertes.
1380 5270 1426 5332 86)
1443 5273 1496 5322 Pro
1515 5269 1587 5340 παρὰ
1610 5269 1708 5330 παντὸς
1726 5274 1817 5324 Codex
1839 5277 1917 5325 nabet
1934 5291 2117 5342 παραπαννως.
2191 5279 2249 5340 Θΐ)

378 5335 470 5386 Codex
488 5335 541 5402 ᾱήμ,
616 5337 664 5396 88)
682 5338 783 5385 Vocem
799 5337 834 5400 τῇ
852 5339 926 5386 uncte
949 5340 1131 5388 includendam
1148 5345 1251 5390 curavi.
1292 5340 1389 5390 fatebat
1417 5343 1487 5390 enim
1510 5347 1703 5390 sententiarum
1723 5355 1827 5392 uexatur.
1895 5341 1940 5407 99)
1958 5343 2049 5394 Caedes
2069 5341 2248 5413 ήρτηομένων.

379 5405 427 5462 99)
445 5401 483 5450 Ad
502 5403 646 5465 marginem
663 5403 768 5453 Codicis
785 5403 837 5477 ῥῖιῖ,
869 5405 933 5469 [aeg.
951 5405 1004 5476 ριή.
1062 5407 1158 5456 ibidem
1176 5409 1350 5468 pauiiointra
1367 5405 1493 5456 ἀδνατειὰ
1511 5405 1545 5456 τὰ
1562 5406 1678 5457 ἀνιόντα.
1787 5409 1832 5472 91)
1849 5411 1939 5460 Codex
1956 5405 1989 5459 τὰ
2014 5413 2092 5460 narbet
2110 5426 2156 5472 pro
2180 5411 2247 5460 reis

378 5473 427 5528 92)
444 5469 535 5518 codex
553 5465 567 5533 ἦ
587 5473 664 5520 nabet
682 5485 730 5534 pro
748 5469 774 5534 ἡ.
844 5473 891 5526 93)
910 5475 1001 5524 Codex
1019 5469 1044 5537 ἥ.
1124 5476 1173 5534 94)
1190 5476 1282 5525 Codex
1298 5467 1358 5544 τρῖ.
1451 5475 1498 5530 95)
1523 5477 1612 5524 Codex
1632 5477 1734 5539 θηλίος.
1833 5478 1878 5538 99)
1898 5481 2061 5528 Locurocis
2078 5478 2160 5528 αιἀοεῐ
2181 5482 2250 5528 Go-

379 5540 431 5588 dex
448 5537 525 5585 habet
554 5539 611 5589 τοῦ.
727 5541 774 5596 97)
798 5541 888 5591 Codex
911 5539 1075 5598 ύννεεουσιίις.
1184 5543 1231 5608 99)
1257 5545 1350 5606 incipit
1376 5544 1421 5591 foi.
1446 5545 1507 5592 119.
1527 5547 1557 5592 Α.
1642 5545 1674 5603 1)
1707 5543 1759 5594 Pro
1781 5541 1818 5610 μή
1843 5543 1924 5594 ὄντων
1944 5547 2035 5595 Codex
2059 5549 2138 5597 nabet
2160 5547 2249 5606 μιάν-

377 5623 436 5654 τνιν.
521 5605 551 5664 2)
568 5605 659 5656 Codex
676 5602 778 5656 οἴνωσιν.
864 5607 893 5670 9)
909 5609 1001 5658 Codex
1021 5601 1184 5675 οἷαςδήννοτε.
1276 5614 1307 5672 4)
1323 5611 1415 5660 Codex
1431 5609 1531 5670 γόνεως.
1616 5610 1645 5672 d)
1663 5612 1715 5660 Pro
1738 5603 1813 5662 οὗτοι
1829 5613 1920 5662 Codex
1937 5615 2015 5662 finiret
2044 5610 2128 5664 οὗτοι.
2213 5617 2250 5676 6)

376 5669 495 5723 Prosda
512 5674 603 5722 Codex
620 5675 663 5722 καὶ
680 5677 764 5724 habet.
834 5675 863 5736 7)
880 5678 971 5727 Codex
987 5693 1095 5726 ναπιιιι.
1171 5677 1423 5766 8)(λοι1ειιχρ1σην.
1494 5679 1522 5737 9)
1540 5677 1630 5726 Codex
1646 5678 1780 5743 μηδιμίας.
1836 5681 1885 5744 19)
1902 5682 1993 5731 Codex
2018 5684 2132 5746 θηλεῖαι.
2194 5681 2252 5744 11)

377 5741 430 5791 Pro
448 5753 517 5789 voce
534 5737 599 5806 πρὸς
616 5741 706 5790 Codex
722 5745 800 5794 traici
817 5733 868 5816 πή.
927 5744 1045 5807 12)1³ro
1063 5741 1123 5795 οὔτε
1141 5747 1231 5796 Codex
1253 5750 1328 5798 habet
1354 5735 1386 5796 δ’.
1463 5746 1509 5808 19)
1527 5747 1579 5794 Pro
1596 5748 1632 5808 τῷ
1651 5747 1741 5798 Codex
1759 5750 1836 5798 nabet
1861 5747 1898 5798 τό.
1985 5749 2034 5805 14)
2060 5751 2151 5800 Codex
2175 5747 2253 5798 ἀνι-

376 5825 436 5858 σειν.
530 5807 575 5867 19)
599 5807 903 5882 ῦοδθκπροσχέστεροι.
1001 5811 1046 5874 te)
1075 5814 1129 5864 Pro
1158 5809 1216 5863 ὅσοι
1246 5813 1311 5864 εἰσὶν
1333 5816 1423 5866 Codex
1445 5815 1523 5862 frenet
1551 5811 1676 5862 όοοιινσιν.
1772 5817 1816 5874 17)
1835 5819 1874 5866 Αδ
1898 5820 2044 5881 marginem
2070 5816 2186 5872 ἀνιόντες
2219 5817 2252 5866 ον’

377 5875 404 5925 ἐν
422 5874 591 5940 θηλυγονύας.
671 5875 715 5939 18)
738 5881 779 5927 Ad
802 5885 948 5944 marginem
965 5879 1026 5948 περὶ
1047 5879 1165 5940 ἀδελφοῖν
1187 5883 1231 5931 καὶ
1254 5880 1459 5942 derivantem.
1541 5881 1588 5939 19)
1612 5883 1708 5945 incipit
1729 5885 1775 5932 foi.
1795 5885 1857 5932 119.
1878 5887 1904 5930 ii.
1977 5883 2026 5948 20)
2048 5885 2139 5935 Codex
2158 5886 2255 5934 etan

377 5939 596 6062 δμηηληηηῶήξξ
612 5941 775 6064 igidffium
792 5951 817 5998 in
834 5949 969 6013 glossario
986 5950 1147 6001 Graecitatis
1164 5964 1189 6014 p.
1208 5950 1286 6037 1999.
1355 5949 1403 6013 21)
1420 5947 1511 6001 codex
1528 5947 1627 6011 γὸνεως.
1697 5951 1744 6012 29)
1760 5951 1851 6001 Codex
1870 5953 1904 6000 X.
1924 5949 2121 6057 συνμπτόμενοι.
2190 5955 2255 6014 23)
