4864 7070
381 607 483 658 xxxw
1088 585 1468 656 PROLEGOMEN
1477 587 1508 655 A

383 777 521 852 τίτλος
555 769 600 854 η’.
622 775 717 858 περὶ
737 777 1021 858 κεκωλυμένων
1040 769 1181 858 γάμων
1201 777 1271 841 καὶ
1292 779 1379 860 περὶ
1409 777 1653 858 συγγενείας
1674 775 1743 840 καλ
1763 772 1949 858 βαθμῶν.

631 875 735 962 Incip.
758 875 813 942 101.
837 873 901 942 30.
923 878 967 944 A.
1010 878 1201 942 συνίσταται
1221 873 1327 960 γάμος
1345 875 1550 962 χριστιανῶν.

631 975 748 1044 Desin.
772 976 824 1044 101.
847 975 912 1043 47.
936 977 976 1042 Β.
1019 977 1076 1040 καὶ
1097 972 1282 1042 άπαιτεῖται
1302 974 1323 1056 ή
1344 973 1471 1054 δαπάνη
1492 977 1556 1041 τῶν
1577 977 1748 1061 ἐπιτερπῶν
1767 969 2032 1059 τοιουτοτρόπας.

384 1094 521 1170 τίτλος
554 1087 610 1158 θ’.
634 1096 724 1180 περὶ
746 1094 913 1160 δικαίου
939 1090 1115 1180 προικός.

631 1191 738 1280 Incip.
761 1194 817 1260 101.
839 1191 902 1259 47.
927 1191 967 1256 Β.
1011 1195 1102 1260 πάσα
1122 1193 1217 1282 προὶξ
1236 1193 1256 1274 ή
1278 1197 1530 1274 διατετιμημένη.

630 1292 745 1360 Desin.
769 1293 822 1362 101.
845 1291 909 1359 48.
931 1292 972 1358 Β.
1016 1289 1059 1360 τά
1079 1301 1116 1360 ἐκ
1137 1297 1200 1362 τῶν
1221 1299 1434 1384 προικιμαίων
1453 1290 1628 1380 χρημάτων
1649 1289 1885 1379 άγορασθένεα
1911 1301 2104 1382 προικιμαῖα
2124 1293 2214 1358 είσίν.

384 1415 525 1492 τίτλος
564 1410 601 1480 ι’.
623 1414 712 1497 περὶ
733 1407 978 1487 ἐκδικήσεως
997 1410 1175 1496 προικὸς
1195 1417 1263 1478 καὶ
1284 1415 1360 1478 τῶν
1379 1412 1521 1500 βαρῶν
1543 1409 1677 1490 αὐτῆς.

630 1513 731 1599 lncip.
754 1509 808 1577 101.
830 1506 896 1576 48.
920 1511 961 1576 Β.
1005 1517 1204 1592 συνεστῶτος
1229 1516 1289 1580 τοῦ
1309 1510 1418 1597 γάμου
1439 1511 1496 1578 ίάν
1516 1509 1537 1590 ή
1557 1511 1659 1598 προίξ.

631 1619 747 1686 Desin.
771 1615 825 1684 fol.
850 1611 914 1678 51.
937 1613 979 1679 Β.
1024 1612 1184 1680 άναλῶσει
1205 1612 1310 1692 αύτά,
1339 1612 1378 1679 τὸ
1394 1615 1464 1679 πάν
1485 1611 1680 1680 άπαιτεῑται.

382 1736 521 1812 τίτλος
541 1733 606 1818 ια’.
628 1738 714 1820 περὶ
735 1735 895 1820 δωρεῶν
915 1728 1068 1816 μεταξύ
1089 1729 1238 1818 ἀνδρὸς
1264 1734 1334 1798 καὶ
1360 1727 1567 1814 γυναικός.

627 1837 730 1923 Incip.
754 1837 810 1903 101.
835 1831 898 1899 51.
921 1833 961 1900 Β.
1005 1831 1125 1916 μεταξύ
1146 1831 1264 1918 ἀνδρὸς
1284 1834 1341 1898 καὶ
1368 1829 1529 1916 γυναικός.

628 1937 746 2003 Desin.
768 1935 822 2002 101.
848 1933 912 2001 52.
934 1933 974 2000 B.
1019 1937 1051 1998 οί
1069 1937 1299 2022 χρεωφείλεται
1319 1935 1571 2018 μεριζέσθωσαν.

383 2057 520 2131 τίτλος
539 2049 603 2140 ιβ’.
625 2056 718 2141 περὶ
740 2051 890 2128 λύσεως
910 2050 1045 2133 γάμου
1065 2053 1234 2116 καὶτῶν
1254 2051 1393 2116 αίτιῶν
1414 2048 1551 2116 αὐτοῦ.

627 2153 730 2241 Incip.
753 2155 808 2220 101.
833 2151 896 2218 52.
918 2151 959 2218 Β.
1002 2149 1106 2229 ἐπειδὴ
1127 2149 1248 2227 πολλάς
1268 2158 1302 2216 έν
1323 2162 1392 2227 τοῖς
1412 2154 1573 2228 παλαιοῖς.

628 2255 745 2323 Desin.
768 2257 822 2324 101.
847 2252 911 2319 57.
933 2253 974 2318 Β.
1017 2249 1170 2329 ὡσαύτως
1190 2254 1247 2318 καὶ
1267 2249 1288 2331 ή
1308 2249 1388 2335 γυνή
1409 2255 1469 2318 τού
1490 2249 1614 2342 άυδρός.

383 2358 523 2433 τίτλος
543 2353 610 2441 ιγ’.
632 2359 723 2442 περὶ
744 2359 821 2422 τῶν
842 2363 881 2422 έν
902 2354 977 2436 ζωή
998 2353 1160 2434 δωρεῶν.

629 2457 731 2544 Incip.
755 2458 808 2524 fol.
833 2453 896 2522 57.
919 2453 961 2520 Β.
983 2455 1048 2519 τῶν
1068 2455 1193 2542 δωρεῶν
1214 2459 1251 2520 αι’
1271 2461 1337 2538 μέν.

627 2557 745 2625 Desin.
766 2559 820 2626 101.
844 2553 907 2623 58.
929 2555 970 2620 Β.
1013 2561 1047 2620 έν
1067 2557 1113 2638 τῷ
1135 2552 1209 2644 ὕφει
1228 2557 1285 2620 καὶ
1306 2560 1340 2620 έν
1360 2555 1400 2639 τῇ
1422 2550 1594 2641 ὑπογραφῇ
1615 2551 1686 2620 αύ1.

383 2663 520 2736 τίτλος
547 2655 608 2725 ιδ’.
631 2663 719 2744 περὶ
747 2655 982 2742 ἀνατροπῆς
1003 2657 1166 2740 δωρεῶν.

629 2759 732 2846 Incip.
755 2759 808 2826 fol.
832 2753 895 2823 58.
918 2756 958 2821 Β.
1002 2764 1040 2823 αί
1059 2754 1141 2839 μετά
1162 2753 1324 2822 θάνατον.

630 2861 744 2928 Βεεὶο.
767 2859 822 2926 101.
846 2855 909 2924 59.
932 2859 975 2924 A.
1018 2855 1316 2942 άνατρεπέσθωσαν
1336 2863 1374 2925 αί
1393 2857 1558 2942 γινόμεναι
1580 2859 1705 2944 δωρεαί.

383 2979 522 3054 τίτλος
543 2977 600 3045 ιε’.
622 2982 713 3064 περὶ
733 2975 918 3064 πράσεως
938 2976 1008 3041 καὶ
1029 2971 1269 3060 άγορασίας.

629 3079 732 3166 Incip.
754 3077 807 3144 101.
832 3073 895 3144 59.
919 3075 962 3141 A.
1005 3078 1121 3162 πράσις
1142 3078 1198 3140 καὶ
1220 3073 1386 3160 άγορασία
1406 3083 1610 3145 συνίσταται.

630 3179 824 3246 1110010101.
848 3175 912 3244 61.
935 3177 976 3243 Β.
1020 3179 1118 3242 τοῦτο
1139 3173 1377 3242 ἀναδίδοσθαι.

383 3283 517 3362 τιτλος
538 3277 601 3357 ις’.
624 3284 712 3366 περὶ
734 3278 1025 3367 ίμφυτεύσεως.

629 3381 731 3469 Incip.
754 3380 808 3448 101.
832 3377 896 3446 61.
921 3379 958 3444 Β.
1001 3377 1061 3456 τάς
1081 3373 1288 3466 έμιμυτεύσεις
1308 3376 1397 3466 παρά
1417 3380 1473 3458 τῆς
1493 3375 1683 3463 ἁγιωτάτης.

627 3481 817 3549 90010101.
841 3477 904 3547 63.
934 3479 977 3546 A.
1019 3483 1076 3546 καὶ
1098 3482 1248 3558 διηνεκεῖς
1269 3475 1476 3565 έμφυτεύσεις
1486 3491 1596 3548 ποιεῖν.

383 3588 523 3664 τίτλος
543 3583 601 3663 ιζ’.
623 3587 710 3672 περὶ
729 3589 892 3672 χρέους,
933 3585 1021 3667 περὶ
1049 3583 1234 3668 δανείου,
1265 3577 1390 3645 τόκου
1410 3583 1479 3648 καὶ
1505 3578 1707 3670 ἐνεχύρων
1734 3583 1803 3649 καί
1832 3583 1919 3670 περὶ
1944 3582 2150 3666 έγγυητού
2179 3584 2248 3649 καὶ

632 3689 720 3771 περὶ
750 3684 1023 3767 συμβολαίων.

628 3787 729 3872 Incip.
752 3784 806 3850 101.
830 3780 894 3848 69.
918 3785 960 3848 A.
1002 3791 1097 3869 χρέος
1117 3784 1185 3848 ἐστὶ
1205 3783 1306 3868 λῆψις
1325 3785 1382 3847 καὶ
1404 3780 1561 3862 άναδοχή.

628 3885 746 3953 Desin.
768 3884 822 3951 101.
844 3881 909 3952 68.
932 3886 973 3950 A.
1017 3881 1310 3966 συνομολογήοασα
1330 3885 1377 3967 τῷ
1398 3881 1492 3970 άνδρλ
1513 3881 1622 3964 αὐτῆς.

382 3991 525 4065 τίτλος
545 3984 611 4066 ιη’.
633 3989 723 4072 περὶ
743 3983 988 4068 μισθώσεως
1009 3988 1078 4050 καὶ
1100 3981 1405 4066 έκμισθῶσεως.

628 4087 731 4174 Incip.
755 4087 809 4153 101.
832 4083 896 4152 68.
919 4087 962 4151 A.
1005 4085 1063 4152 έάν
1084 4083 1293 4173 συμφωνηθή
1314 4083 1390 4163 τούς
1409 4087 1692 4169 μισθωσαμένους.

627 4187 743 4254 Desin.
767 4188 821 4253 101.
845 4183 909 4253 69.
932 4186 972 4251 Β.
1016 4189 1086 4274 περὶ
1104 4184 1222 4252 τούτου
1244 4183 1399 4268 ὀνομαστὶ
1421 4183 1618 4266 διετάξαντο.

381 4291 511 4368 τίτλος
536 4285 607 4355 ιθ’.
636 4291 725 4376 περὶ
753 4285 1114 4372 παρακαταθήκης
1134 4289 1203 4352 καὶ
1224 4284 1480 4372 πραγμάτων,
1502 4276 1594 4366 ῶνή
1619 4287 1833 4354 δεσποτεία
1854 4291 2172 4374 φιλονεικιΐται.

627 4390 730 4475 Incip.
754 4388 807 4456 101.
832 4383 895 4454 69.
919 4387 959 4453 Β.
1004 4383 1271 4476 παρακαταθήκη
1293 4391 1369 4452 ἐστί.

626 4489 743 4556 Desin.
766 4489 821 4556 101.
846 4487 907 4561 71.
925 4490 973 4556 Ἀ.
1015 4485 1058 4565 ῶς
1078 4485 1239 4562 ἀκουσίως
1260 4485 1347 4554 αύτά
1367 4484 1582 4555 ἀπολέσαντα.

380 4609 520 4684 τίτλος
553 4601 596 4670 κ’.
619 4609 706 4692 περὶ
726 4602 964 4683 συστάσεως
984 4609 1214 4681 κοινωνίας.

627 4706 730 4794 Incip.
752 4707 808 4773 101.
835 4705 898 4772 71.
922 4705 963 4772 A.
1008 4711 1200 4772 συνίσταται
1221 4711 1375 4773 κοινωνία
1395 4705 1424 4786 ή.

627 4805 744 4874 Desin.
768 4807 823 4874 101.
848 4803 909 4874 79.
932 4807 973 4873 Β.
1016 4806 1104 4874 κατά
1125 4806 1183 4888 τήν
1203 4809 1263 4905 τούΙ
1283 4809 1416 4896 κέρδους
1435 4818 1562 4900 μοῖραν.

379 4912 519 4987 τίτλος
539 4905 607 4974 κά.
635 4911 724 4994 περὶ
751 4905 902 4985 λύσεως
923 4915 1162 4989 κοινωνίας,
1184 4911 1272 4994 περὶ
1293 4907 1561 4989 πάκτουήτοι
1587 4906 1817 4996 συμφώνων
1840 4913 1909 4976 καὶ
1929 4903 2156 4986 διαλύσεως
2180 4914 2248 4977 καὶ

625 5012 714 5094 περὶ
735 5011 812 5074 τῶν
832 5016 874 5076 έν
895 5013 941 5094 τῇ
968 5017 1210 5096 προστασία
1231 5011 1463 5093 διδομένων.

623 5111 726 5196 Incip.
749 5109 802 5176 101.
828 5108 891 5177 79.
913 5112 953 5177 Β.
998 5111 1107 5179 λύεται
1129 5115 1282 5177 κοινωνία
1304 5113 1538 5199 φθειρομένων.

624 5211 739 5278 Desin.
764 5211 817 5278 101.
842 5211 904 5280 74.
929 5215 972 5280 A.
1014 5215 1151 5300 βεβαιαν
1172 5211 1255 5278 εἶναι
1281 5211 1340 5290 τήν
1360 5210 1514 5291 τοιαύτην
1536 5210 1690 5279 διάλυσιν.

380 5313 523 5394 τίτλος
545 5311 617 5397 κδ’.
640 5315 729 5398 περὶ
749 5313 959 5394 διαθήκης
980 5311 1271 5394 αύτεξουσίων.

627 5413 729 5500 Incip.
753 5414 808 5481 101.
833 5413 896 5480 74.
920 5417 963 5480 A.
1008 5414 1154 5494 διαθήκη
1176 5418 1244 5481 έστὶ
1266 5416 1379 5481 δικαία
1399 5411 1564 5498 βούλησις.

626 5511 742 5582 Desin.
766 5516 819 5584 101.
845 5511 909 5582 76.
932 5517 975 5582 A.
1025 5513 1043 5579 ὁ
1070 5513 1248 5601 ἀρξάμενος
1268 5525 1367 5581 κινεῖν
1388 5517 1444 5581 καλ
1466 5512 1613 5590 άποστάς
1634 5511 1726 5590 οὐδὲν
1747 5510 1933 5580 άπόλλυσιν.

377 5615 514 5690 τίτλος
534 5610 607 5694 κγ’.
638 5617 725 5700 περὶ
752 5614 964 5695 διαθήκης
993 5611 1248 5695 ύπεξουσίωυ
1269 5620 1340 5682 καὶ
1370 5610 1595 5702 στρατιολθν
1614 5613 1841 5694 διαθηκῶν,
1873 5617 1943 5682 καὶ
1977 5619 2092 5692 τίνες
2117 5613 2249 5681 αὐτῶν

623 5719 884 5806 μαρτυροῦσι
912 5719 981 5782 καὶ
1008 5717 1096 5802 περὶ
1117 5721 1392 5806 κανστρεσίων
1418 5717 1487 5782 καὶ
1520 5717 1609 5802 περὶ
1645 5712 1852 5797 διαθήκης
1894 5719 2144 5800 ῥηγνυμένης
2177 5712 2249 5781 ὑπὸ

623 5811 941 5898 άμνημονεύτων
962 5817 1125 5884 παίδων.

624 5917 727 6000 incip.
750 5916 792 5982 101
826 5915 888 5983 76.
909 5917 950 5984 Β.
995 5917 1033 5986 τὸ
1062 5914 1231 5984 πεκούλιον
1251 5925 1285 5983 έν
1305 5926 1375 5994 τοῖς
1397 5913 1599 6000 ύπεξουσίοις
1617 5913 1741 6006 ὁρᾶται.

621 6015 735 6083 Desin.
758 6017 813 6084 101.
839 6013 900 6086 78.
923 6019 964 6084 Α.
1008 6017 1202 6100 τήςάπάσης
1224 6019 1421 6095 διακατοχής
1442 6017 1587 6100 γινέσθω
1608 6015 1785 6106 ἀλλότριος.
