4760 7042
342 487 419 562 mo
1039 461 1487 570 xconnnorro

339 689 530 750 δικαιοδοσίαν
555 683 572 767 ή
594 681 773 768 μοιαστήρια
793 684 812 769 ή
833 701 957 772 πτωχεία
983 685 1001 770 ή
1023 689 1143 765 ξενῶνας
1163 687 1182 773 ἢ
1203 716 1246 755 ιι.
1298 693 1353 750 snb
1374 705 1430 750 sua
1447 689 1652 750 iurisdictione
1672 689 1722 750 vel
1742 691 1925 752 monasteria
1944 693 1993 752 vel
2013 695 2137 768 ptochia
2158 698 2210 756 rel

339 784 474 852 σοκομεΐα
495 768 512 851 ἢ
534 765 638 846 ἄλλους
658 769 765 851 ευάγεῖς
787 771 889 848 οἴκους,
908 775 982 836 κατά
1003 773 1053 836 τὸν
1066 771 1164 854 όμοων
1180 775 1246 859 πρό.
1296 791 1428 834 xenones
1450 777 1499 834 vel
1522 777 1693 834 nosocomia
1714 777 1763 834 vel
1790 777 1866 834 alias
1888 781 2076 839 venerabiles
2097 781 2213 850 domos,

337 880 393 920 πον
420 855 457 918 τά
478 853 667 936 ὑπομνήματα
688 861 834 936 γίνεσθαι,
860 853 935 920 οότω
954 861 1092 940 μέντοιγε,
1114 855 1190 924 ὥστε
1211 861 1245 925 pli
1297 862 1386 918 simili
1414 862 1500 918 modo
1527 867 1616 936 gesta
1642 862 1851 934 conficientem
1885 863 1928 920 ita
1949 870 2065 938 tamen,
2093 873 2128 923 ut
2148 869 2216 924 sire

338 941 422 1018 aar)
444 937 524 1023 παρὰ
546 938 748 1022 amatam,
777 943 832 1004 ,γ’ςι
853 939 934 1022 παρὰ
954 947 1186 1024 gemmatim,
1209 948 1244 1010 μ’.
1295 946 1373 1020 apnrl
1385 947 1579 1020 patriarchas,
1600 947 1666 1002 sive
1688 947 1765 1018 apud
1779 949 2030 1022 metropolitanos,
2045 951 2114 1008 sive
2134 953 2214 1024 apud

337 1049 369 1090 τε
378 1026 424 1105 ³⁸)
446 1023 521 1106 παρ’
549 1019 699 1106 dileat-³⁹)
721 1022 883 1098 ἐπισκόποις
904 1021 941 1086 τά
961 1026 1035 1091 αὐτά
1056 1028 1245 1112 ὑπομνήματα
1296 1032 1371 1087 allos
1400 1032 1556 1104 episcopos
1579 1033 1654 1088 lrceo
1680 1031 1782 1088 eadem
1804 1037 1893 1106 gesta
1914 1035 2121 1109 conficiantur,
2143 1038 2215 1092 nnl-

337 1107 509 1191 ιιράττεται,
538 1113 728 1189 patratam)
750 1110 820 1188 ὑπὲρ
841 1109 936 1172 αὐτων
957 1111 1054 1197 ζημίαν
1075 1110 1104 1193 ή
1117 1114 1245 1198 δαπάνην
1293 1117 1355 1173 λειω
1395 1115 1502 1172 exinde
1530 1116 1666 1172 damnum
1703 1116 1753 1172 vel
1789 1131 1938 1189 expensas
1966 1135 2072 1176 sacrae
2110 1120 2215 1178 domus

338 1193 406 1268 τοιίς
442 1192 550 1274 εὐαγεῖς
577 1193 670 1267 οἴκους
704 1194 895 1274 ὑφίστασθαι.
938 1195 985 1256 διά
1012 1203 1098 1260 τοῦτο
1129 1197 1182 1284 γὰρ
1211 1201 1245 1264 οὐ
1296 1201 1471 1258 sustineant.
1527 1203 1686 1272 Propterea
1728 1201 1805 1258 enim
1844 1202 1979 1260 nolumus
2020 1204 2058 1262 de
2099 1206 2215 1278 reliquo

336 1275 505 1362 βουλόμεθα
520 1283 573 1340 τοῦ
590 1281 689 1342 λοιποῦ
709 1275 790 1358 παρὰ
811 1291 872 1352 τοῖς
887 1271 1008 1360 άρχσυσι
1028 1289 1085 1344 τῶν
1106 1287 1247 1367 ἐπαρχιῶν
1294 1285 1372 1358 apud
1408 1285 1561 1356 praesides
1600 1285 1818 1357 provinciarum
1854 1286 2024 1346 locorumve
2068 1289 2216 1347 defenso-

337 1360 356 1445 ή
392 1377 452 1436 τοῖς
486 1365 602 1436 ἐκδίκως
626 1369 683 1425 τῶν
710 1358 808 1424 τόπων
838 1360 876 1425 τά
905 1371 1024 1426 τοιαῦτα
1056 1365 1247 1449 ὑπομνήματα
1298 1386 1347 1426 res
1370 1369 1441 1426 talia
1463 1374 1551 1444 gesta
1572 1385 1591 1425 a
1612 1384 1703 1440 sopra
1733 1370 1822 1427 dictis
1843 1373 1979 1442 personis
2008 1373 2057 1430 vel
2079 1374 2216 1432 domibus

337 1444 420 1530 παρά
458 1453 516 1508 τῶν
557 1449 804 1528 μνημονευθέντων
841 1445 1005 1530 προσοόπων
1040 1444 1124 1530 ήγουν
1165 1453 1247 1516 φίλων
1298 1455 1417 1528 confici,
1446 1459 1480 1510 ut
1507 1469 1544 1510 ne
1576 1454 1653 1525 quod
1681 1454 1817 1512 damnum
1846 1456 1953 1512 exinde
1975 1459 2112 1515 sentiant.
2156 1459 2217 1518 Ubi

338 1529 538 1616 πράττεσθαι,
560 1531 605 1593 d..
625 1529 816 1610 ppoepoarss)
838 1531 1009 1614 ὑφίστανται
1029 1533 1145 1618 βλάβην.
1174 1537 1247 1618 μετὰ
1298 1554 1369 1596 vero
1398 1539 1473 1595 haec
1503 1538 1581 1611 apud
1610 1553 1700 1610 supra
1733 1545 1975 1597 commemoratos
2009 1543 2216 1601 sanctissimos

338 1617 370 1680 ol
390 1613 425 1679 τό
448 1612 523 1678 οὕτω
541 1623 634 1678 ταῦτα
664 1618 926 1696 παρακολουθήσω
953 1619 1036 1700 παρά
1064 1635 1124 1694 τοῖς
1143 1647 1247 1704 μνήμη.
1297 1623 1481 1696 patriarches
1501 1623 1550 1680 vel
1569 1623 1810 1694 metropolitanos
1833 1625 1881 1680 vel
1897 1625 1972 1682 alios
1995 1629 2152 1700 episcopos
2171 1629 2217 1686 ita

338 1709 482 1764 νεοθεῖσιν
509 1695 675 1781 ἁγιωτάτοις
704 1697 896 1783 πατριάρχαις
925 1695 942 1782 ή
977 1709 1200 1784 μητροπολίιοιις
1229 1704 1246 1788 ἢ
1297 1712 1401 1764 secuta
1429 1711 1517 1782 suut,
1546 1713 1606 1764 tum
1629 1721 1720 1779 supra
1749 1707 1821 1765 dicti
1851 1725 1958 1767 sacrae
1989 1711 2070 1768 illius
2099 1712 2215 1788 domus,

338 1780 436 1858 ἄλλοις
459 1781 638 1858 ἐπισκόποις,
666 1793 819 1864 τηνικαῦτα
829 1786 876 1866 ⁴²)
909 1781 975 1860 τοὺς
1002 1793 1160 1869 εἰρημένους
1181 1797 1246 1854 διοι-
1297 1809 1373 1864 quae
1394 1792 1491 1864 debet,
1512 1791 1764 1848 administratores
1783 1793 1814 1849 in
1829 1795 1949 1866 scriptio¹
1963 1797 2081 1867 publico
2104 1797 2215 1854 civita-

337 1868 426 1952 κητάς
445 1874 497 1931 τοῦ
517 1869 714 1948 έποφείλοντος
734 1871 841 1951 τοῦ43)
863 1869 981 1954 εόαγοῦς
1001 1873 1078 1934 οίκου
1100 1873 1247 1957 ἐγγράφως
1297 1879 1337 1934 tis
1351 1878 1416 1934 loco
1435 1891 1488 1948 per
1509 1875 1617 1952 viginti
1639 1877 1703 1933 dies
1726 1877 1801 1934 haec
1815 1893 1867 1950 per
1888 1879 2016 1936 edictum
2039 1887 2214 1956 proponent,

336 1962 367 2020 ἐν
386 1957 511 2035 δημοσίῳ
531 1958 583 2034 τῆς
604 1947 714 2026 πόλεως
734 1951 816 2034 τόπῳ
830 1959 999 2037 προτιθέναι
1020 1960 1065 2019 έπλ
1086 1957 1188 2022 εἴκοσιν
1201 1960 1247 2038 ⁴⁴)
1297 1963 1412 2034 hocque
1433 1961 1519 2018 modo
1542 1977 1611 2034 eos,
1647 1961 1698 2033 qul
1719 1977 1781 2019 rem
1802 1963 1978 2020 immobilem
1997 1980 2098 2023 emere
2113 1967 2213 2042 velint,

336 2037 499 2121 ήμέρας45)
528 2042 575 2098 καὶ
601 2033 694 2116 τοτ’πω
722 2045 763 2116 τῷ
795 2036 895 2122 τρόπῳ
927 2045 1095 2122 προτρέπειν
1121 2041 1244 2122 estete)
1297 2047 1487 2119 admoneant,
1508 2049 1549 2118 ut,
1571 2045 1621 2118 qui
1643 2045 1710 2117 plus
1732 2049 1845 2118 olierat,
1868 2047 1990 2120 reliquls
2012 2052 2212 2122 praeferatur.

337 2117 479 2205 ἀγοράσαι
505 2123 692 2202 βουλομένους
719 2121 754 2187 τό
782 2123 964 2204 depromi)
991 2133 1128 2208 πρᾶγμα,
1155 2129 1201 2192 ι’να
1228 2127 1244 2192 ό
1296 2133 1352 2190 llis
1380 2145 1452 2188 vero
1481 2129 1614 2187 omnibus
1642 2131 1686 2186 ita
1712 2131 1957 2206 procedentibus,
1993 2135 2128 2192 venditio
2156 2137 2212 2207 ilat,

336 2211 424 2274 πλείω
444 2211 576 2289 παρέχων
596 2211 654 2269 τάν
674 2200 769 2271 ἄλλων
789 2216 964 2290 προτιμηθῂ.
997 2207 1105 2274 τούτων
1127 2214 1156 2275 ot
1176 2211 1246 2276 πάν·
1296 2216 1391 2289 pretio
1414 2214 1548 2272 omnibns
1570 2213 1664 2271 modis
1685 2231 1739 2287 pro
1761 2216 1861 2273 debito
1883 2218 2038 2292 solvendo,
2067 2225 2102 2276 nt
2122 2227 2213 2280 emtor

335 2313 394 2356 των
412 2289 573 2373 προϊόντων
597 2288 650 2371 τήν
669 2289 777 2374 πράσον
786 2293 833 2374 ⁴⁸)
854 2299 988 2376 γενέσθαι
1017 2301 1070 2358 τοῦ
1088 2294 1246 2378 τιμήματος
1296 2317 1354 2358 non
1376 2299 1464 2355 aliter
1484 2300 1674 2356 securitatem
1696 2299 1820 2374 habeat,
1850 2316 1937 2372 qnam
1963 2305 1991 2359 si
2012 2307 2140 2376 pretinm
2163 2319 2211 2377 pro

335 2381 411 2441 πᾶσι
436 2373 555 2456 τρόποις
584 2373 656 2457 όπλρ
683 2381 735 2439 τοῦ
763 2375 930 2460 ὀφλήματος
958 2381 1110 2461 διδομίνου,
1140 2381 1185 2444 ι”να
1206 2381 1245 2464 μή
1295 2386 1360 2458 ipso
1382 2383 1480 2441 debito
1502 2384 1608 2457 solvat,
1639 2385 1753 2455 hocque
1775 2385 1896 2442 disertis
1917 2387 2017 2445 verbis
2039 2405 2108 2447 curn
2130 2391 2210 2448 tme-

336 2455 432 2535 άλλως
451 2461 563 2544 spotti)
585 2458 601 2522 ό
624 2456 789 2542 άχοραστής
817 2462 850 2526 τό
872 2461 1017 2542 ἀσφαλές,
1046 2469 1073 2527 εί
1089 2461 1128 2546 μή
1150 2463 1184 2529 τό
1206 2471 1246 2529 τί·
1295 2469 1418 2527 iurando
1453 2467 1646 2525 instrumento
1681 2469 1818 2526 emtionis
1852 2471 2034 2530 inscribatur
2068 2473 2211 2546 simulque

335 2570 418 2632 μημα
437 2543 508 2628 ὑπὲρ
527 2543 616 2608 αὐτοῦ
636 2551 687 2607 ασελ
708 2551 806 2645 χρέους
825 2545 1061 2628 καταβάλληῧθ),
1092 2554 1246 2614 καὶτοῦτο
1296 2555 1363 2628 hoc,
1385 2551 1463 2626 quod
1484 2551 1559 2608 nihil
1580 2553 1612 2610 iu
1634 2569 1670 2610 ea
1691 2568 1724 2609 re
1745 2554 1775 2610 in
1797 2555 1934 2614 mandem
1955 2557 2003 2613 vel
2019 2557 2209 2616 circumscri-

335 2637 429 2715 ῥητῶς
458 2635 583 2712 ἐγγραφῇ
617 2629 691 2732 μεθ’
727 2655 815 2712 ορκσυ
841 2639 875 2712 τῇ
903 2630 1067 2714 οόνεακῇῡῐ)
1096 2640 1247 2718 συγγραφῇ
1295 2639 1425 2712 ptionem
1447 2637 1580 2694 eiusdem
1603 2653 1707 2694 sacrae
1735 2639 1838 2696 domus
1859 2641 1919 2697 liat.
1962 2643 2018 2700 Sin
2040 2659 2109 2700 vero
2129 2645 2208 2701 dicto

334 2719 385 2782 καλ
404 2711 451 2779 ὅτι
471 2715 551 2778 οὐδέν
571 2737 647 2795 προς
666 2709 774 2796 βλάβην
793 2713 811 2796 ή
833 2713 1009 2800 περιγραφήν
1029 2723 1080 2781 τοῦ
1101 2719 1246 2800 mancii)
1297 2723 1383 2780 modo
1406 2725 1498 2779 emtor
1519 2721 1588 2779 talis
1616 2723 1661 2778 rei
1689 2737 1746 2778 non
1772 2723 1955 2798 inveniatur,
1991 2727 2139 2800 iubemus,
2173 2735 2207 2785 ut

335 2801 455 2884 εὐαγοῦς
486 2798 620 2880 οἰκουῡθ)
647 2802 758 2879 γίνεται.
799 2806 826 2864 εί
858 2803 888 2864 δὲ
914 2799 989 2865 κατά
1021 2798 1074 2866 τόν
1106 2807 1248 2885 εἰρημένω
1298 2808 1426 2865 creditor
1441 2807 1569 2864 alicuius
1591 2821 1630 2862 ex
1650 2821 1740 2878 suprra
1761 2807 1849 2864 dietis
1871 2812 2090 2870 venerabilibus
2109 2813 2206 2870 domi-

334 2883 443 2968 ςρόπον
463 2883 627 2968 ἀγοραστής
659 2889 711 2946 τοῦ
737 2881 866 2948 τοεσότου
899 2883 1067 2968 πράγματος
1101 2886 1140 2968 μή
1171 2887 1247 2974 εόρε-
1297 2893 1353 2950 ltus
1374 2892 1455 2964 inre,
1490 2889 1568 2962 qnod
1595 2906 1647 2963 pro
1676 2891 1773 2948 soluto
1795 2893 1919 2968 dicitur,
1941 2897 2064 2954 medem
2085 2913 2207 2970 posses·

334 2970 449 3051 θῇόέ),
469 2965 615 3049 κελεόομετ
634 2963 686 3030 τόν
705 2965 888 3048 ὀφειλόμενον
913 2969 944 3033 όκ
970 2994 1044 3044 τινος
1065 2979 1122 3035 τῶν
1142 2979 1247 3056 είρημέ-
1296 2979 1409 3034 sionem
1431 2975 1572 3047 accipiat,
1601 2975 1681 3031 iusta
1709 2981 1739 3032 et
1768 2977 1905 3052 diligenti
1933 2981 2138 3039 aestimatione
2158 2983 2210 3038 la-

334 3055 445 3135 mas)
467 3050 722 3135 ὠαγῶιοίωιὸθ)
743 3058 785 3130 τῷ
807 3057 913 3136 δικαίην,
933 3049 1007 3139 όπερ
1025 3061 1246 3140 emortuom)
1297 3061 1412 3135 cienda,
1444 3059 1617 3131 decimanus
1638 3065 1721 3132 parte
1741 3061 1832 3119 totins
1854 3065 1941 3135 pretii
1965 3067 2060 3137 pretio
2081 3067 2113 3123 in
2134 3067 2212 3124 hano

334 3143 460 3222 λέγεται,
481 3135 532 3220 τήν
552 3133 946 3221 aelemosinarum,
969 3145 1080 3216 δικαίας
1100 3147 1147 3207 καλ
1168 3144 1246 3227 άκρι·
1297 3161 1439 3204 summam
1462 3145 1611 3215 addenda;
1640 3161 1760 3216 remque
1781 3143 1908 3220 accipiat
1930 3149 2060 3208 creditor
2081 3167 2136 3224 pro
2158 3169 2213 3209 so-

334 3229 405 3309 βιΐις
431 3217 618 3303 διανεμήσεως
650 3219 845 3303 propomam)
874 3227 922 3287 aod
953 3233 1180 3310 προστιθεμένης
1205 3233 1248 3308 τῷ
1297 3231 1411 3289 lotione
1438 3231 1520 3287 tirmo
1548 3227 1676 3286 dominio
1703 3231 1927 3305 acquirendam
1970 3233 2014 3292 lta
2034 3239 2151 3310 tamen,
2182 3241 2213 3294 ut

333 3305 472 3390 τιμήματι
492 3313 543 3388 τῆς
563 3300 682 3387 δεκάτης
707 3308 810 3388 μοίρας
829 3313 881 3370 τοῦ
902 3307 1010 3385 παντός
1030 3308 1189 3396 τιμήματος
1209 3321 1249 3390 είς
1298 3315 1549 3374 administratores
1571 3327 1675 3370 sacrae
1696 3313 1815 3390 domus,
1837 3331 1913 3388 quae
1935 3319 2038 3394 debet,
2058 3321 2212 3394 maiorque

333 3389 440 3474 ,φήμης
466 3388 519 3472 τήν
544 3387 707 3472 ποσότητα,
739 3394 786 3454 καλ
807 3389 958 3472 λαμβάνειν
988 3391 1022 3460 τὸ
1050 3404 1170 3478 πρᾶγμα
1197 3397 1249 3462 τὸν
1299 3417 1367 3476 pars
1390 3413 1499 3473 eorum,
1520 3399 1570 3470 qui
1592 3397 1624 3455 ln
1646 3413 1683 3455 ea
1703 3399 1918 3474 administrant,
1939 3403 2085 3464 eiusmodi
2099 3407 2214 3464 vendi-

333 3473 483 3557 δανειστήν
516 3473 579 3538 άκτλ
612 3477 773 3557 καταβολῆς
803 3479 905 3559 βεβαίηι
946 3482 1149 3561 taenarum)
1185 3507 1249 3564 κτη-
1299 3486 1429 3543 tionibus
1443 3483 1638 3541 consentiant.
1679 3483 1741 3542 lies
1762 3489 1861 3543 autem
1883 3489 2051 3563 immobilis,
2073 3507 2155 3563 quae
2175 3491 2214 3548 arl

334 3557 565 3644 θησόμενονθῑ),
595 3554 672 3623 οὕτω
698 3564 807 3641 μέντοι,
838 3557 913 3626 ὥστε
933 3563 1000 3638 τοείς
1028 3564 1169 3648 διοικητάς
1195 3573 1249 3630 τοῦ
1297 3569 1354 3628 lroc
1375 3571 1476 3642 datur,
1505 3583 1562 3624 non
1584 3568 1745 3625 secundum
1773 3569 1947 3629 electionem
1969 3575 2130 3632 creditoris
2152 3577 2212 3634 rie-

334 3647 538 3726 dn'opatlanoe
567 3643 686 3725 εόαγοῦς
717 3643 796 3708 οἴκου
822 3649 870 3708 καλ
898 3643 932 3712 τό
961 3651 1046 3713 πλέον
1074 3656 1111 3732 μί
1128 3675 1160 3724 ος
1188 3659 1246 3715 τόν
1296 3659 1354 3727 tur,
1382 3653 1435 3711 sed
1465 3667 1518 3726 pro
1546 3654 1679 3724 portione
1708 3657 1767 3710 tam
1788 3655 1931 3713 fertilium
1953 3675 2039 3731 qnam
2063 3661 2212 3719 sterilium

333 3737 364 3796 ιι
397 3727 477 3807 αὐτῷ
512 3725 746 3809 λειτουργούντων
786 3743 850 3805 ταῖς
888 3729 1033 3808 τοιαύταις
1060 3735 1243 3816 πρασεσιθθ)
1294 3737 1515 3812 possessionum
1537 3735 1669 3793 eiusdem
1690 3753 1795 3796 sacrae
1816 3739 1920 3800 domus
1941 3742 2106 3818 irarumque
2127 3745 2215 3804 redt-

334 3826 481 3880 αιειιιινεῖν.
522 3809 556 3875 τό
579 3813 609 3874 di
628 3808 822 3913 παρεχόμενον
840 3818 885 3878 ort
906 3811 998 3898 τοότςν
1019 3817 1150 3901 άκίνητον
1169 3827 1243 3899 πρᾶ-
1293 3829 1342 3882 tus
1370 3829 1400 3881 et
1421 3823 1596 3880 tributorum
1625 3825 1655 3878 et
1684 3821 1791 3895 reliqui
1819 3829 1926 3883 status.
1967 3830 2003 3887 Si
2029 3831 2082 3901 qni
2111 3837 2215 3888 autem

333 3923 393 3984 γμιι
417 3895 457 3982 μή
478 3895 547 3960 κατ’
576 3899 706 3979 έπιλογην
726 3905 778 3961 τοῦ
803 3903 952 3964 δανειστοῦ
978 3906 1131 3980 δίδοσθαι,
1166 3901 1243 3969 ἀλλά
1292 3910 1450 3982 episeopus
1478 3905 1527 3964 vel
1555 3921 1731 3964 oeconomus
1757 3907 1807 3966 vel
1840 3909 2061 3972 administrator
2100 3917 2214 3974 caina-

336 3980 413 4048 κατά
442 3979 493 4063 τήν
522 3977 643 4085 ἰσότητα
670 3987 755 4044 τοῦτο
783 3985 834 4064 μλν
859 3991 917 4048 τόν
938 3983 1075 4070 εὐπόρων,
1106 3995 1191 4053 τοῦτο
1212 3989 1243 4052 di
1293 4007 1409 4066 cunque
1437 4005 1542 4048 sacrae
1563 3989 1666 4048 domus
1688 3992 1755 4049 sive
1781 3993 1814 4051 ln
1834 3995 1893 4052 lrac
1920 3997 2008 4072 regia
2036 4001 2117 4059 urbe
2146 4001 2217 4058 alre

333 4067 383 4131 καλ
403 4059 521 4148 ἀπόρων
547 4087 673 4147 κτησεων
698 4071 751 4129 τοῦ
770 4068 859 4132 αὐτοῦ
879 4068 998 4152 εόαγοῦς
1024 4072 1103 4136 ω’κου
1122 4076 1170 4136 καλ
1191 4079 1243 4155 τῆς
1291 4079 1322 4136 ln
1343 4075 1503 4150 provinciis
1524 4075 1602 4132 sitae
1629 4079 1757 4132 mutuam
1784 4079 1938 4150 pecuniam
1958 4087 2133 4160 acceperit,
2166 4085 2217 4142 vel

333 4147 443 4216 codron
465 4145 612 4232 προσόδου
638 4153 684 4214 καλ
705 4156 848 4232 δημοσίων
875 4155 922 4217 καλ
948 4161 999 4237 τῆς
1026 4159 1128 4237 λοιπῆς
1154 4181 1241 4222 κατα·
1291 4169 1395 4237 postea
1421 4165 1598 4234 accepturus
1620 4160 1675 4234 sit,
1701 4160 1852 4238 iuhemus,
1883 4181 1921 4223 ne
1949 4165 2011 4224 illis
2037 4185 2094 4242 pro
2125 4185 2220 4229 sacra

334 4230 473 4308 στάσεως.
516 4239 542 4296 εί
570 4237 602 4296 δί
619 4258 663 4309 τις
683 4233 701 4316 ή
722 4239 876 4313 ἐπίσκοπος
895 4234 915 4320 ή
935 4235 1082 4324 οίκονόμος
1102 4239 1120 4323 ή
1141 4245 1184 4306 διο
1230 4279 1242 4296 ·
1290 4247 1376 4306 domo
1409 4245 1485 4304 haec
1511 4247 1685 4318 imputetur,
1720 4247 1780 4304 nlsl
1807 4254 1894 4306 autea
1928 4251 2220 4338 demonstraverint,

333 4316 387 4400 τής
406 4313 572 4400 οἱανδήποτε
597 4317 717 4402 εόαγοῦς
737 4320 830 4398 οίκου,
864 4323 919 4388 τότε
939 4330 968 4388 έν
988 4331 1023 4406 τῇ
1043 4329 1168 4409 βασιλίδι
1188 4351 1242 4392 πο·
1291 4331 1369 4390 hanc
1389 4331 1420 4389 ln
1447 4345 1532 4388 usum
1555 4329 1742 4402 supradictae
1769 4337 1891 4392 sanctae
1920 4335 2023 4394 domna
2053 4345 2221 4416 erogatam

333 4405 384 4480 λαι,
404 4403 461 4467 εἴτε
480 4407 509 4465 ir
529 4416 593 4476 ταῖς
614 4408 759 4486 ἐπαρχίας
779 4411 917 4488 κειμένου,
944 4405 1078 4492 χρήματα
1098 4415 1241 4476 ἐδανείσα-
1291 4433 1371 4490 esse,
1399 4431 1494 4487 neque
1523 4415 1588 4488 lpse
1616 4415 1744 4474 creditor
1770 4417 1819 4474 vel
1846 4417 1973 4478 heredes
2003 4423 2071 4480 eius
2107 4433 2219 4485 contra

333 4510 369 4552 το
398 4483 416 4570 ή
449 4483 523 4570 μετά
560 4495 653 4550 ταῦτα
678 4491 903 4574 δανείσεταιθῧ),
941 4492 1088 4576 κελεόομεν
1115 4497 1240 4580 ppulo)
1291 4517 1406 4558 sacram
1434 4499 1551 4558 doraum
1579 4497 1689 4557 habere
1716 4499 1844 4574 aliquam
1871 4503 1929 4562 hoo
1957 4509 2078 4567 nomine
2108 4511 2217 4570 aetio-

334 4571 433 4647 αότοῖς
459 4577 552 4635 ταῦτα
577 4575 819 4656 καταλογίζεσθαι
844 4577 915 4658 όπλρ
942 4585 993 4642 τοῦ
1013 4579 1131 4662 εάαγοῖις
1152 4581 1240 4656 οίκου,
1292 4601 1369 4663 aem,
1397 4583 1456 4645 uisi
1477 4585 1760 4662 demonstraverint,
1785 4585 1817 4648 ln
1839 4605 1948 4648 carrsas
1976 4589 2015 4650 atl
2043 4595 2217 4656 venerali-

334 4654 418 4740 είμή
439 4653 580 4738 πρότερον
600 4657 742 4736 δείξωσιν,
771 4655 818 4724 ότι
844 4665 883 4735 είς
910 4667 1005 4744 χρείας
1031 4669 1085 4728 τοῦ
1110 4689 1241 4748 προειρη·

332 4745 419 4824 μόνον
439 4739 559 4824 εόαγοῦς
578 4743 657 4805 οἴκου
676 4741 1035 4829 ταῦταπροεχοόρησεθὸ),
1061 4741 1133 4831 μήτε
1153 4747 1244 4814 eoam

334 4821 387 4893 τόν
406 4821 553 4908 δανειστήν
573 4821 591 4909 ή
611 4823 680 4902 τοὺς
698 4828 890 4913 κληρονόμους
909 4829 1000 4895 αὐτοῦ
1011 4830 1087 4897 κατά
1107 4839 1159 4897 τοῦ
1179 4831 1244 4898 τότε·

484 5144 533 5206 87)
549 5147 602 5198 Pro
619 5147 672 5200 εἴτε
688 5151 723 5200 Α.
741 5149 822 5200 habet
837 5147 898 5201 εἴτι.
970 5151 1018 5213 88)
1035 5151 1089 5204 Pro
1111 5151 1164 5206 εἴτε
1180 5155 1216 5206 Δ.
1232 5155 1313 5206 habet
1330 5151 1356 5224 ἢ.
1414 5157 1462 5218 88)
1480 5157 1549 5208 'ires
1565 5157 1651 5222 Poris.
1674 5158 1747 5232 παρὰ
1764 5156 1861 5221 ἄλλοις.
1909 5161 1957 5224 48)
1972 5163 2044 5216 '1¹¹'oe
2061 5167 2169 5223 Paria.
2186 5171 2226 5240 ,ιῇ

334 5212 362 5264 δέ
378 5211 450 5276 ates.
534 5214 582 5276 41)
598 5214 634 5282 μή
657 5217 685 5267 δὲ
700 5216 764 5278 μίαν
779 5219 810 5269 F.
830 5242 860 5254 -
884 5219 916 5268 A·
934 5216 964 5272 0.
980 5219 1046 5288 μηδὲ
1061 5220 1134 5283 μίαν.
1218 5221 1267 5282 48)
1284 5225 1338 5276 Pro
1353 5227 1499 5290 τηνικαῦτα
1516 5226 1546 5277 C.
1564 5227 1595 5278 F.
1613 5228 1710 5280 latrent
1726 5227 1775 5296 τήν
1791 5249 1865 5282 κατα.
1949 5233 1997 5294 48)
2013 5235 2066 5288 τοῦ
2085 5239 2181 5291 deut
2198 5245 2229 5293 l!

334 5281 421 5334 tribu!
436 5282 522 5334 Parta
589 5285 639 5342 44)
656 5285 724 5335 Tros
740 5286 826 5336 Parra
843 5283 932 5338 εἴκοσι.
1000 5287 1047 5350 48)
1064 5293 1097 5341 tt.
1114 5289 1146 5343 F.
1162 5287 1277 5360 ήμίραες.
1345 5291 1393 5353 48)
1409 5288 1471 5351 τοὺς
1486 5291 1563 5344 deest
1579 5298 1607 5345 ln
1624 5299 1659 5345 A.
1727 5300 1776 5360 47)
1793 5299 1824 5350 G.
1840 5299 1871 5351 l'.
1888 5301 2001 5368 κινητόν.
2071 5305 2135 5368 18)
2150 5317 2231 5382 ⁸0⁵*

334 5363 377 5400 οετ
392 5351 426 5400 Δ.
443 5349 474 5404 0.
490 5351 523 5402 F.
589 5353 637 5413 48)
653 5351 709 5416 ἔχον
725 5353 801 5404 deest
817 5355 846 5405 ln
862 5355 898 5405 A.
964 5353 1012 5416 88)
1028 5358 1163 5430 καταβάλῃ
1181 5363 1239 5410 tres
1255 5359 1342 5410 Paris.
1409 5361 1457 5422 81)
1473 5363 1528 5414 Pro
1545 5357 1643 5433 εόνεακῇ
1667 5367 1700 5416 Δ.
1718 5367 1798 5418 habet
1814 5371 1926 5440 νεανικῇ.
1962 5373 2008 5422 §ld
2025 5375 2056 5424 84
2072 5371 2117 5430 Ι.
2137 5405 2180 5420 -
2196 5375 2232 5432 0.

333 5426 431 5514 κακά’κη.
531 5453 577 5513 dd)
594 5453 657 5504 Vox
672 5449 757 5505 αὐτοῦ
774 5453 850 5506 deest
865 5457 894 5506 ln
910 5457 945 5509 A.
1044 5459 1092 5520 88)
1107 5459 1180 5512 οἴκου
1196 5461 1272 5510 deest
1288 5463 1316 5512 ln
1333 5461 1369 5509 A.
1468 5461 1516 5523 84)
1540 5461 1661 5532 ιτίρεθελη
1677 5467 1708 5518 F.
1810 5473 1859 5529 dd)
1874 5467 2011 5537 ιε’ρηιιόνον
2027 5471 2124 5532 deu
2137 5479 2179 5534 ί·
2196 5481 2236 5534 Δ.

333 5518 382 5576 οδ)
398 5518 463 5569 l’oat
479 5518 553 5570 οἴκοι
570 5521 605 5570 Δ.
623 5520 695 5570 addlt
710 5524 761 5572 τῶν
777 5519 922 5594 ειρημίταν.
991 5527 1040 5586 δη
1055 5526 1208 5605 μγγόσοκτο
1226 5531 1258 5577 Δ.
1279 5544 1344 5593 -p
1368 5541 1497 5582 osoncro
1514 5531 1544 5583 c.
1561 5533 1593 5583 F.
1659 5535 1708 5595 ds)
1727 5537 1816 5588 Prima
1839 5551 1934 5590 mantra
1956 5557 1975 5603 γ
2127 5549 2239 5602 hm

332 5587 363 5634 ln
379 5585 415 5634 Δ.
449 5587 571 5638 secunde
587 5590 720 5650 correxit,
738 5593 768 5640 ut
783 5593 811 5640 in
829 5595 956 5643 contexto
972 5598 1061 5659 posui.
1130 5596 1177 5656 oti)
1194 5594 1334 5664 δεσποτιίηι
1343 5545 1443 5666 βεβαίᾳ
1463 5599 1499 5648 Δ.
1540 5600 1606 5668 ,dli
1621 5602 1655 5654 Δ.
1672 5609 1894 5672 κτησθησομενον.
1961 5607 2009 5670 oa)
2200 5617 2238 5672 c.

333 5652 383 5712 88)
398 5651 550 5718 δανείσηται
565 5653 595 5707 C.
613 5654 644 5705 F.
712 5655 759 5718 84)
775 5653 811 5726 μή
828 5659 856 5710 δὲ
872 5657 903 5712 8.
920 5659 952 5714 F.
1020 5663 1067 5722 dd)
1084 5665 1117 5714 Δ.
1133 5660 1318 5736 προεχώρησεν.
