4802 7060
397 513 468 563 mur
1052 481 1619 554 PROLEGOMENA

397 677 582 748 sententia:
624 675 706 743 Alio
727 677 837 742 λοιιοιι
857 675 969 742 adduc
990 675 1061 760 lcqe
1082 690 1234 760 equuus,
1256 673 1535 761 aledramnum,
1566 691 1653 760 qaue
1677 673 1749 738 ιὀιιι
1782 675 1990 750 euaserunt
2017 673 2051 738 el
2078 673 2188 740 ίεαυο
2207 694 2257 742 νι-

396 781 604 866 aucmentum,
627 777 920 864 sufficiamus.
965 775 1075 860 Atque
1097 794 1140 840 ex
1161 773 1232 862 his,
1261 794 1345 861 quae
1367 775 1524 857 diximus,
1545 773 1623 840 illud
1645 779 1799 861 apparet,
1830 793 1945 841 vocem
1973 771 2147 860 donuinam
2167 777 2258 846 verbo

399 879 624 968 περιλαβόντες
646 879 828 965 oppositam
848 876 980 963 haberi,
1013 894 1098 962 quae
1120 877 1291 942 verborum
1313 877 1473 962 oppositio
1496 873 1675 941 omnimodo
1697 879 1883 962 evertetur,
1910 875 1940 941 si
1966 873 2145 960 ἀρκοῦντος
2176 877 2259 963 lega-

396 1003 479 1051 mus.
521 979 575 1047 ne
596 979 750 1064 vulgatae
772 978 934 1046 versionis
954 978 1149 1044 anctoritate
1171 996 1235 1042 non
1257 978 1341 1043 satis
1363 981 1504 1045 constat.
1546 974 1607 1043 Sic
1633 976 1720 1043 enim
1744 975 1859 1041 Codex
1882 975 2162 1044 vindobonensis:
2202 981 2259 1045 ad-

396 1082 464 1148 ίνιο
484 1083 585 1146 eliam
605 1082 676 1146 olio
705 1097 836 1164 cpemus
863 1078 911 1142 ud
934 1080 1059 1144 exortu
1079 1081 1213 1163 mapalia
1234 1081 1268 1144 et
1286 1096 1348 1142 ιυι
1369 1073 1442 1167 (sic
1463 1097 1484 1144 u
1505 1078 1609 1163 prima
1630 1099 1742 1168 manu3
1786 1075 1930 1143 secunda
1958 1078 2105 1144 correxit
2125 1076 2259 1172 moria)

396 1186 430 1250 αι’
456 1201 513 1246 rna
538 1184 742 1279 erumpentia
768 1176 967 1263 ursficiutte.
1012 1173 1128 1248 Codex
1149 1178 1360 1244 Monacensis
1387 1185 1515 1247 autem·
1557 1178 1680 1246 Adhuc
1702 1182 1802 1245 oliam
1822 1179 1893 1242 aliu
1920 1196 2053 1262 cpcnrus
2079 1179 2127 1244 uri
2147 1185 2259 1248 αεοιίο

396 1265 532 1387 ricpoiia
553 1302 587 1366 ei
606 1316 728 1366 rursus
745 1281 951 1380 ernerpenliu
972 1296 1201 1384 sufficientia,
1235 1316 1306 1363 cnm
1334 1303 1443 1364 tamen
1472 1297 1620 1364 secunda
1647 1315 1761 1363 manos
1784 1295 1907 1362 litteris
1929 1297 1996 1382 iio,
2027 1296 2112 1383 quod
2135 1303 2189 1363 cst
2208 1299 2259 1367 de·

395 1403 497 1470 lentis
517 1402 658 1487 signnm,
679 1403 798 1484 puncta
818 1400 1037 1488 supposuerit,
1059 1399 1302 1485 correxeritque
1325 1396 1522 1484 suffocante
1566 1403 1618 1464 lta
1638 1404 1819 1465 correctam
1848 1397 2016 1487 videmus,
2050 1399 2145 1485 quasi
2176 1408 2260 1466 vetus

395 1503 611 1571 Novellarum
631 1502 797 1585 interpres
818 1497 1047 1584 ἀρκοῦντος
1067 1499 1232 1588 habuerit,
1273 1505 1310 1566 ut
1336 1506 1444 1566 tamen
1473 1517 1538 1566 non
1568 1499 1653 1566 satis
1683 1505 1828 1578 constet,
1873 1518 1916 1565 an
1938 1515 2058 1565 revera
2080 1497 2259 1584 sufficiente

396 1604 577 1692 scripserit.
621 1599 691 1682 Quo
713 1602 746 1666 in
768 1617 893 1683 genere
914 1599 1009 1666 facile
1030 1607 1197 1688 peccatur,
1218 1619 1289 1666 eom
1310 1603 1504 1688 praesertim
1525 1602 1636 1668 littera
1657 1619 1687 1688 ε,
1709 1601 1741 1664 in
1768 1619 1863 1686 qaam
1884 1618 1952 1666 vox
1981 1600 2153 1686 quaepiam
2182 1599 2260 1666 desi-

299 1769 301 1774 .
394 1715 464 1794 nat,
486 1707 519 1771 in
542 1703 705 1770 codicibus
727 1721 823 1768 manu
845 1703 990 1768 exaratis
1013 1700 1225 1788 praecedenti
1244 1703 1375 1768 litterae
1402 1702 1522 1790 imponi
1548 1703 1665 1769 soleat.
1708 1739 1750 1752 —
1792 1701 1879 1768 Nov.
1913 1697 2003 1766 123.
2034 1719 2107 1788 cap.
2142 1701 2187 1782 1.,
2216 1703 2258 1788 qni

395 1809 580 1895 episcopum
603 1804 737 1892 eligunt,
764 1801 914 1868 iubentur
935 1805 984 1868 ἐπὶ
1006 1806 1090 1890 τρισὶ
1112 1801 1294 1888 προσώποις
1314 1807 1517 1891 ψηφίσματα
1538 1815 1641 1870 ποιεῖν
1662 1798 1842 1885 κινδύνῳ
1871 1803 1950 1866 τῶν
1978 1803 2096 1866 ἰδίων
2127 1805 2259 1886 ψυχάν

394 1910 465 1974 καὶ
486 1907 661 1971 ἕκαστον
682 1901 819 1970 αὐτῶν
841 1899 1016 1985 ὀμνύναι
1038 1901 1143 1968 κατά
1165 1909 1242 1970 τῶν
1264 1906 1397 1970 θείων
1418 1906 1568 1986 λογίων
1599 1904 1667 1968 καὶ
1688 1899 1921 1990 ἐγγράφειν
1948 1909 1988 1968 ἐν
2018 1899 2175 1978 αὐτοῖς.
2212 1903 2258 1968 sir

395 2007 509 2077 Codex
522 2001 680 2072 Venetus.
704 2007 743 2070 ln
764 2005 838 2072 aliis
859 2009 966 2070 autem
988 2004 1080 2070 huius
1090 2005 1123 2068 N
1125 2005 1252 2072 ovellae
1274 2005 1511 2092 exemplluibus
1531 2003 1635 2073 verba
1655 2007 1712 2070 καὶ
1733 2006 1872 2068 ἕκαστον
1894 2000 2002 2068 αὐτῶν
2024 2001 2166 2085 ὀμνύναι
2185 2003 2259 2069 κατὰ

392 2109 695 2189 τοῖνθείωνλογνων
709 2107 865 2193 defuisse,
876 2106 986 2172 versio
1002 2106 1138 2190 vulgata
1156 2105 1315 2194 declarat,
1331 2124 1413 2192 qnae
1425 2124 1468 2172 ex
1476 2103 1607 2172 Codicis
1618 2104 1880 2171 vindobonensis
1894 2105 2088 2170 anctoritate
2097 2105 2148 2170 ita
2160 2105 2257 2171 habel:

393 2208 486 2278 Mum
507 2211 543 2274 iu
564 2206 672 2274 trtius
690 2210 848 2293 personia
869 2207 1005 2274 decreto
1032 2205 1170 2294 fucere,
1212 2209 1460 2293 propositis
1488 2208 1784 2272 sacrosanctis
1812 2206 2050 2291 cvorrpciiis
2068 2207 2257 2290 periculo

393 2300 816 2377 suarum'animnrum
837 2309 1026 2374 dicentes
1047 2310 1089 2373 in
1110 2303 1219 2394 ipsis
1240 2309 1441 2374 decretis.
1461 2306 1578 2395 Itaque
1591 2308 1717 2374 veteris
1733 2308 1924 2394 interpretis
1934 2305 2101 2394 exemplar
2115 2306 2257 2374 habuisse

391 2411 543 2480 videtur:
565 2420 683 2488 ποιεῖν,
705 2417 917 2496 προκειμένων
937 2410 1002 2474 τῶν
1022 2405 1124 2492 ἁγίων
1145 2407 1339 2492 εὐαγγελίων
1359 2405 1497 2492 κινδύνῳ
1512 2409 1577 2474 τῶν
1593 2409 1685 2474 ἰδίων
1700 2409 1829 2492 ψυχῶν,
1852 2405 2007 2492 λέγοντας
2024 2415 2058 2472 ὲν
2075 2405 2258 2486 αύτοῖςτοῖς

394 2516 617 2602 ψηφίσμασιν.
661 2511 818 2578 Eiusdem
840 2511 965 2576 sorinae
987 2517 1055 2592 est,
1078 2510 1161 2597 quod
1183 2511 1327 2576 Iulianus
1346 2517 1542 2577 antecessor
1568 2510 1602 2575 in
1630 2510 1772 2595 epitome
1793 2509 2007 2575 Novellarum
2033 2515 2140 2574 const.
2167 2512 2257 2576 CXV.

393 2632 467 2700 cap.
491 2609 579 2678 328.
603 2613 685 2678 haec
706 2611 822 2678 habet:
865 2613 902 2677 ia
930 2608 1036 2676 tribua
1055 2614 1211 2696 personis
1237 2611 1374 2678 decreto
1392 2609 1530 2698 fucere,
1558 2612 1803 2697 propositis
1824 2613 1997 2676 eunctis
2018 2612 2256 2698 ecaapaliis,

390 2712 588 2801 periculo
609 2714 775 2778 animae
795 2729 919 2800 sune,
940 2713 1091 2778 dicentes
1113 2715 1149 2778 iu
1171 2714 1253 2798 ipsis
1275 2714 1426 2780 decretu.
1472 2710 1564 2794 Quae
1594 2731 1651 2780 res
1680 2716 1795 2798 aperte
1822 2708 2026 2778 collectionis
2056 2719 2188 2780 nostrae
2206 2717 2255 2777 te·

392 2815 544 2883 alimonio
567 2811 780 2880 confirmatur.
823 2811 883 2880 Sic
905 2814 990 2879 enim
1012 2833 1083 2900 cap.
1108 2810 1189 2878 2&
1212 2821 1324 2894 ποιεῖν,
1347 2820 1625 2902 προκειμένων
1645 2813 1725 2878 τῶν
1747 2807 1873 2893 άγίων
1894 2808 2164 2900 εὐαγγελίων,
2181 2835 2255 2876 κιν-

392 2913 501 3000 δύνῳ
523 2915 599 2980 τῶν
620 2914 735 2981 ἰδίων
756 2916 917 2999 ψυχῶν,
939 2912 982 2990 ὡς
1004 2912 1043 2980 ού
1065 2911 1120 2978 διά
1141 2910 1240 2980 δόσιν.
1285 2915 1395 3002 Atque
1417 2917 1516 2982 etiam
1538 2913 1741 2982 Athanasius
1762 2914 1811 2978 tit.
1839 2910 1874 2978 1.
1896 2921 2001 2978 const.
2023 2911 2059 2979 2.
2079 2935 2113 3001 p.
2137 2913 2175 2980 4.
2193 2915 2254 2979 ins-

393 3013 564 3084 iurandum
584 3014 704 3082 abesse
726 3017 809 3082 satis
832 3016 1003 3102 signifieat.
1047 3014 1105 3082 Sic
1131 3015 1216 3080 enim
1234 3014 1307 3082 ille:
1329 3023 1606 3102 προκειμένων
1627 3015 1706 3079 τῶν
1728 3009 1856 3098 άγίων
1877 3010 2138 3097 εὐαγγελίων
2159 3019 2255 3102 ψηφί-

392 3139 506 3200 σματα
526 3117 658 3194 ποιῶσι,
686 3119 938 3202 μαρτυροῦντες,
967 3113 1010 3194 ὡς
1032 3123 1067 3183 et
1087 3115 1222 3203 reliqua.
1267 3116 1342 3184 Vin'
1372 3119 1530 3206 lascire,
1560 3116 1644 3183 unde
1668 3112 1801 3181 Codicis
1823 3115 1944 3182 Veneti
1966 3116 2178 3202 interpolatio
2197 3123 2256 3183 orto

373 3211 467 3286 sit?
510 3215 666 3284 Nimirum
701 3235 744 3283 ex
773 3218 859 3285 Nov.
892 3216 982 3282 137.
1013 3237 1041 3284 ε.
1075 3215 1122 3304 2.,
1154 3236 1237 3304 quae
1265 3219 1312 3285 ita
1333 3219 1446 3286 habet:
1469 3219 1526 3284 καὶ
1558 3223 1772 3302 προκειμένων
1793 3217 1858 3282 τῶν
1879 3214 1981 3299 ἁγίων
2001 3215 2200 3300 εὐαγγελίων
2217 3221 2257 3283 ειν

391 3320 478 3404 τρισὶ
498 3315 682 3401 προσώποις
703 3322 906 3404 ψηφίσματα
926 3328 1044 3398 ποιεῖν,
1066 3321 1136 3384 καὶ
1157 3319 1340 3386 ἕκαστον
1361 3319 1495 3385 αὐτῶν
1525 3316 1703 3401 ὀμνύναι
1724 3315 1830 3384 κατά
1858 3319 1931 3382 τῶν
1957 3318 2090 3384 θείων
2118 3323 2258 3403 λογίων

391 3423 464 3485 καλ
491 3415 720 3506 ἐγγράφειν
747 3425 787 3486 ἐν
815 3418 974 3500 αὐτοῖς,
1007 3438 1091 3506 quae
1114 3419 1242 3506 quidem
1269 3422 1302 3487 in
1325 3420 1537 3487 Basilicarum
1563 3424 1620 3486 111.
1654 3415 2115 3509 assentiamque·
2147 3423 2256 3487 tomi.

390 3539 425 3607 p
449 3516 513 3590 93.
537 3525 780 3606 recepissent.
825 3519 1618 3609 VideBiencrumrnhistorioNovellammp.
1640 3518 1732 3587 466.
1784 3519 1891 3586 Huius
1922 3520 2057 3604 generis
2086 3521 2259 3609 interpola-

391 3621 502 3688 tiones
524 3625 558 3686 et
576 3617 772 3686 Ἀνεκὸὀιων
793 3626 868 3687 tom.
892 3626 918 3688 l.
923 3643 972 3740 p.
996 3625 1119 3687 XXXI.
1143 3621 1312 3707 tetigi-
1356 3621 1508 3740 Denique
1530 3641 1601 3709 cop.
1627 3620 1689 3688 14.
1713 3619 1859 3688 eiusdem
1881 3619 2062 3687 Norellae
2085 3627 2116 3686 εἰ
2139 3625 2174 3688 δε
2191 3619 2259 3706 μετὰ

393 3719 452 3802 τὴν
465 3725 670 3805 χειροτονίαν
685 3719 935 3808 πρεσβύτερος
917 3748 936 3801 η
958 3719 1148 3802 derisorios*
1130 3747 1150 3802 η
1171 3720 1424 3800 ύποδιάνιονος’
1405 3721 1569 3807 αγάγηται
1581 3720 1733 3805 γαμετήν,
1755 3721 1968 3806 expetimus
1990 3745 2050 3788 του
2070 3720 2196 3814 κληρου
2214 3723 2260 3787 καλ

391 3846 434 3905 τῃ
419 3821 553 3906 βουλῇ
574 3822 643 3886 καὶ
664 3818 843 3900 τάξει
805 3846 861 3900 της
882 3820 1016 3902 πόλεως,
1038 3814 1116 3908 ἐνῆ
1136 3812 1325 3909 κληρικός
1306 3849 1399 3903 ην-
1359 3821 1665 3910 π-αραδιδὸσδω.
1688 3821 1748 3890 Sia
1763 3821 1879 3888 Codex
1895 3821 2053 3888 Venetus.
2087 3823 2260 3894 ver-taxat
2361 3820 2362 3827 '

391 3919 481 4002 τάξει
502 3921 703 3988 Athanasius
725 3921 773 3988 tit.
800 3921 834 3986 1.
858 3931 961 3990 const.
987 3923 1023 3990 2.
1047 3944 1111 3990 nun
1133 3944 1174 4009 ag
1176 3925 1290 3990 noscit.
1334 3924 1395 3992 sic
1417 3928 1519 3992 enim·
1541 3923 1753 4010 πρεσβύτερος
1773 3920 1958 4002 ἢδιάκονος
1973 3926 2087 4005 paam
2110 3949 2132 3990 τ
2138 3950 2161 4010 γ
2141 3925 2261 4008 ι’βον-

391 4024 439 4107 λῇ
459 4020 541 4105 μετά
562 4023 618 4100 τῆς
639 4017 752 4101 ούσιας
773 4021 1084 4108 παραδιδόοδωσαν.
1106 4025 1287 4094 Praeterea
1307 4044 1411 4094 voces
1432 4029 1489 4092 καὶ
1510 4023 1599 4106 τάξει
1620 4025 1705 4112 apud
1727 4022 1959 4112 Automatam,
1981 4023 2042 4090 hoc
2065 4029 2166 4110 est,
2157 4047 2189 4094 m
2203 4024 2260 4090 Cu-

391 4123 467 4191 dice
487 4123 677 4190 Florentino
697 4142 761 4190 non
783 4122 952 4190 habentur.
1007 4123 1097 4206 eras
1119 4145 1181 4192 nec
1203 4128 1336 4212 vulgata
1358 4128 1469 4194 versio
1491 4128 1649 4211 agnoscit.
1693 4123 1753 4192 Sic
1774 4124 1878 4190 eninr:
1917 4127 2115 4211 expellatur·
2136 4149 2161 4194 α
2182 4128 2262 4192 ciero
2362 4205 2363 4208 Ἴ

390 4228 426 4293 ct
449 4228 566 4291 ουιίαι
588 4225 863 4311 capitanatum,
888 4227 924 4291 ia
945 4245 1012 4314 ρυα
1034 4227 1177 4293 clericam
1198 4231 1284 4316 crat,
1305 4267 1346 4278 -
1369 4229 1536 4294 tradatur.
1580 4227 1612 4292 A
1641 4232 1756 4293 nostra
1777 4226 1943 4292 sententia
1962 4233 2033 4294 stat
2054 4233 2091 4296 et
2113 4228 2262 4295 laumas

390 4325 615 4394 antecessor
606 4345 639 4390 ιο
662 4327 801 4412 epitome
823 4326 1035 4393 Novellarom
1058 4336 1163 4394 const.
1187 4328 1290 4396 CXV.
1321 4347 1394 4415 cap.
1421 4325 1514 4393 447.
1542 4327 1727 4412 repellamur
1748 4327 1880 4414 quidem
1901 4329 1943 4393 dc
1964 4329 2078 4417 clero,
2115 4333 2263 4398 σανίσι

390 4429 503 4494 aurem
525 4427 668 4494 ciuitatis
689 4429 781 4512 cirre,
804 4429 840 4492 in
862 4447 930 4517 qua
952 4429 1095 4494 clericus
1117 4433 1266 4518 crul,-
1233 4431 1458 4496 ί-ιοιίολιιι.
1502 4426 1655 4515 Denique
1675 4446 1742 4494 rem
1764 4428 1894 4494 conticit
1916 4435 2015 4496 totam
2038 4437 2178 4500 nostrae
2200 4429 2263 4498 col·

388 4527 541 4594 lectionis
563 4527 791 4592 testimonium.
837 4523 896 4593 Sic
918 4529 1004 4594 enim
1025 4548 1096 4616 cap.
1120 4529 1203 4597 uu:
1226 4531 1439 4616 ὲκβαλλεοθω
1461 4553 1520 4595 του
1506 4525 1660 4616 ’κλήρου
1681 4531 1738 4594 καὶ
1759 4529 1805 4612 τῆ
1825 4530 1952 4613 βουλῃ
1940 4532 2029 4610 [τῆς
2050 4528 2223 4611 πόλεως’
2208 4555 2250 4617 up

389 4625 430 4708 ἢν
451 4617 638 4714 ινληρνκὸς
620 4652 732 4708 ην,-
691 4624 1000 4714 -ιιαροδιδὸοθοι,
1043 4629 1158 4718 ltaque
1180 4632 1223 4699 de
1244 4634 1361 4698 moriac
1382 4631 1513 4698 datione
1534 4629 1596 4696 hoc
1616 4629 1687 4696 loco
1693 4629 1866 4735 intelligis
1888 4636 1994 4696 actum
2016 4649 2111 4714 esse,
2143 4633 2189 4701 de
2209 4648 2264 4698 co-

391 4728 517 4795 norton
543 4729 729 4796 conditione
756 4747 821 4796 non
851 4729 938 4798 item.
983 4729 1060 4797 Vin’
1087 4738 1122 4797 tu
1149 4734 1254 4814 scire,
1289 4731 1552 4819 quemadmodum
1575 4706 1709 4796 Codicis
1732 4729 1854 4796 Veneti
1874 4731 2080 4847 interpolatio
2104 4741 2181 4802 orta
2201 4723 2266 4800 sill

389 4829 549 4898 Nimirum
571 4847 614 4896 ex
635 4829 792 4898 Basilius
812 4835 868 4895 111.
896 4831 927 4896 1.
951 4827 1014 4896 27.
1040 4831 1092 4898 ed.
1121 4829 1321 4900 Heimbuchi
1343 4841 1416 4899 tom.
1439 4832 1465 4897 1.
1489 4852 1521 4919 p.
1548 4829 1638 4896 160.
1666 4831 1879 4915 ἐκβαλλέσόω
1907 4834 1966 4897 τοῦ
1995 4831 2118 4920 κλήρου
2143 4839 2205 4902 καὶ
2229 4833 2265 4916 rip

390 4927 507 5012 τάξει
535 4933 604 5010 τῆς
630 4927 799 5012 πόλεως,
828 4921 908 5018 6νῇ
948 4922 1136 5018 κληρικός
1117 4959 1172 5014 ην,
1208 4931 1456 5019 παραδιδόοθω.
1498 4929 1677 4998 Enimvero
1699 4931 1761 5013 λύε,
1790 4933 1905 5019 quibus
1926 4933 2073 5002 Basilica
2095 4936 2268 5024 compilata

390 5039 482 5114 sont,
510 5031 709 5120 temporibus
731 5035 849 5100 curiae
876 5033 1117 5123 municipiorum
1143 5053 1187 5104 ne
1215 5035 1344 5102 fuerunt
1369 5033 1496 5123 quidem
1508 5035 1577 5122 ⁶⁹),
1603 5034 1734 5120 itaque,
1762 5052 1845 5120 quae
1872 5035 1905 5100 in
1933 5033 2104 5106 lastiniani
2124 5033 2269 5106 Novella

542 5355 590 5414 aa)
606 5355 676 5406 Vide
693 5355 795 5406 neonis
811 5356 952 5410 Novellum
968 5357 1014 5409 46.
1033 5359 1123 5423 ibique
1141 5359 1439 5424 Spaapenierpiump.
1457 5356 1517 5408 ¹520.
1534 5357 1568 5406 A.
1604 5357 1677 5406 limo
1691 5345 1807 5420 radium,
1842 5365 1884 5417 nt
1920 5369 1987 5420 qnae
2010 5359 2044 5408 ad
2068 5362 2194 5412 camales
2211 5371 2271 5424 per-

393 5434 494 5499 tinem,
519 5440 549 5490 in
565 5439 692 5490 Basiliam
710 5440 885 5503 compilandis
902 5443 1003 5493 omisso
1019 5445 1073 5492 alut
1094 5443 1128 5493 ad
1151 5456 1234 5493 unum
1259 5446 1358 5494 omnia.
1392 5440 1631 5506 Αιιοιιγιιιιδναε
1565 5441 1739 5512 ναείρσςν
1688 5457 1739 5490 νον
1756 5441 1854 5509 νεαρῶν
1839 5439 2010 5491 ν’λοι·ννναον
1982 5459 2100 5507 νανονρ.
2116 5445 2188 5496 236.
2207 5441 2272 5496 asia·

391 5511 504 5587 τᾶαπερλ
519 5522 663 5584 βουλεύειν
680 5520 727 5574 οὖν
749 5522 847 5589 toalea
870 5522 902 5575 τὸ
925 5523 1054 5597 παράπαν
1080 5523 1154 5597 παρὰ
1172 5529 1223 5578 τοῖν
1248 5543 1282 5576 το
1273 5524 1425 5589 'duamani
1445 5525 1598 5587 ίμθεμίναν
1626 5525 1731 5576 Psellus
1749 5527 1775 5574 in
1787 5527 1905 5589 synopsi
1915 5526 2007 5590 legum
2025 5539 2095 5578 vera.
2111 5527 2232 5580 uta·
2225 5525 2273 5576 ‘a'

393 5595 517 5669 ᾔργηοαν,
533 5601 668 5658 diluiuum
684 5608 734 5658 τοῦ
750 5606 809 5670 βίον
826 5606 868 5666 διε
867 5609 973 5673 armna,
991 5602 1094 5662 αἶαν’
1063 5629 1098 5663 τα
1113 5629 1173 5682 aurp
1165 5610 1342 5675 ὶβουλιντῶν.
