4790 7064
450 450 464 478 9

378 561 451 661 ω,
621 605 626 613 .
851 501 860 516 ’
1074 546 1522 626 'xrnxxxsu

377 749 542 842 9ηλιόμενος
562 747 654 814 κανών
674 742 828 832 aptandae
850 749 896 814 aa
917 758 974 814 τῶν
995 758 1023 812 ἐν
1043 760 1103 823 rot,¹
1125 745 1223 822 τόποις
1235 747 1285 830 dp·
1328 764 1402 820 non,
1445 751 1609 806 declarator
1638 766 1692 822 per
1719 751 1897 806 architectos
1924 747 2074 824 (eornm)
2101 749 2244 820 iocorum,

376 826 611 921 χίτεκτόνωνθῖ),
633 842 818 917 προκειμένων
843 837 991 914 [τῶν]98)
1014 835 1100 916 άγίων
1122 834 1286 916 εὐαγγελίων
1326 837 1487 908 propositis
1514 835 1626 890 sanctis
1661 835 1844 910 evangeliis,
1888 838 1918 890 et
1951 833 2156 912 praesentibus
2183 851 2242 890 vc-

354 925 425 986 ·κσιλ
446 919 595 1000 παρόντων
606 929 663 982 τῶν
679 926 822 1000 διοικητῶν
838 945 894 982 των
908 943 1014 1000 ευαγων
1027 941 1118 992 σικων,
1140 923 1186 984 καὶ
1199 917 1227 980 ε’.
1237 919 1283 994 ⁹⁹)
1329 921 1501 976 notabilium
1550 919 1665 974 aedium
1714 920 2001 975 administratoribus
2043 925 2072 975 et
2112 921 2242 990 ‹puinuue

347 1049 353 1066 .
378 1010 579 1086 πρεσβυτέρων
597 1009 645 1066 καὶ
666 1003 715 1066 δύο
727 1004 754 1082 1)
777 1003 919 1077 διακόνων,
942 1002 1157 1084 είπερεόπορεῖ
1168 992 1190 1066 Ιό
1209 999 1285 1074 οἶκος
1327 1005 1508 1075 presbyteris
1536 1009 1565 1058 et
1591 1003 1704 1058 duobos
1739 1005 1888 1072 diaconis,
1931 1003 2075 1073 siquidem
2111 1019 2147 1058 ea
2182 1005 2239 1060 do-

380 1089 423 1170 (v.
444 1087 571 1166 οίκος)’)
593 1097 731 1151 τοσοῦτον
741 1090 784 1167 ³),
808 1085 882 1150 ιόστε
903 1086 952 1148 τὸν
972 1085 1151 1170 λαμβάνοντα
1173 1085 1222 1166 τὴν
1240 1093 1284 1164 ε’μ-
1328 1105 1393 1144 rous
1414 1090 1445 1144 in
1467 1093 1578 1143 tantum
1601 1089 1714 1158 copiam
1737 1085 1882 1160 (eorum)
1912 1088 2035 1159 haheat,
2079 1088 2121 1143 lta
2149 1093 2182 1143 ut
2204 1089 2239 1158 is,

289 1194 316 1230 ἰ
379 1169 512 1252 φότευσιν
527 1173 728 1257 ’κεχρῆσθαι4)
756 1169 830 1252 πρὸς
851 1167 998 1250 οἰκοδομὴν
1021 1179 1062 1249 (v.
1084 1168 1284 1252 olnodopr‘p)⁵)
1328 1174 1378 1242 qui
1418 1172 1623 1243 emphyteusin
1657 1173 1782 1242 accipit,
1825 1172 1863 1226 ad
1896 1172 2109 1229 aedificandum
2142 1179 2240 1228 mate-

331 1263 336 1271 “
378 1271 440 1330 ταῖς
462 1255 704 1337 εὑρισκομένοιςθ)
727 1253 806 1327 ὕλαις
827 1262 855 1316 ἐν
876 1269 935 1327 τοῖς
945 1254 973 1334 ⁷)
996 1256 1094 1328 αὐτοῖς
1115 1261 1230 1337 ἐριπίσις
1243 1255 1286 1331 (v.
1328 1257 1398 1329 riis,
1441 1271 1517 1326 quae
1550 1256 1581 1311 in
1608 1257 1711 1312 lisdem
1742 1255 1891 1312 semirutis
1919 1257 2126 1328 inveniuntur,
2169 1261 2240 1312 uta-

305 1389 311 1400 .
378 1341 521 1422 ἐρειπίοις)
531 1342 571 1417 θ).
592 1338 837 1403 ἐπισινάπτεσδαι
845 1337 874 1416 ⁹)
897 1337 1062 1419 προσώποις
1082 1339 1135 1412 τας
1156 1345 1213 1400 τῶν
1229 1339 1286 1400 dae·
1327 1347 1383 1396 tur.
1427 1341 1598 1398 continuari
1638 1340 1791 1415 (iisdem)
1834 1342 1969 1412 personis
2003 1357 2112 1398 rerum
2132 1341 2239 1398 immo-

378 1421 522 1502 op'rorvffl)
539 1428 682 1504 ιἐρατικῶν
697 1420 926 1504 πραγμάτωνῑῙ)
941 1423 1167 1504 ε’μᾳυτεύσειςοό
1181 1447 1285 1504 συγγω-
1327 1425 1452 1498 norom,
1495 1441 1571 1495 quae
1617 1425 1653 1479 ad
1699 1425 1809 1482 elerum
1851 1427 2018 1497 pertinent,
2061 1427 2240 1496 emphyteu-

379 1507 460 1590 ρεῑὴ
483 1506 671 1581 διάταξιςίῖ).
692 1507 707 1569 ό
731 1505 1037 1588 οὐσοόμιρρουκτονῑῧ)
1059 1517 1197 1588 νέρσιτικοῦ
1215 1512 1285 1586 λαμ·
1328 1526 1378 1565 ses
1413 1509 1533 1584 (haec)
1564 1511 1735 1566 constitutio
1765 1525 1822 1566 non
1855 1510 2001 1566 concedit.
2044 1511 2100 1578 091
2134 1525 2239 1566 usum-

377 1591 526 1674 βσὶνωνΜ)
549 1589 715 1672 πράγματος
736 1585 856 1672 εὔπορος
869 1591 942 1654 ἔστω
959 1598 1005 1654 καλ
1021 1593 1115 1672 ἕτερον
1126 1591 1169 1668 ¹⁵)
1188 1588 1285 1672 ὅμοιον
1328 1597 1456 1650 fructum
1486 1595 1595 1666 accipit
1627 1595 1671 1649 rei
1707 1595 1744 1650 ad
1772 1595 1881 1650 elerum
1913 1595 2088 1665 pertinentis
2101 1635 2110 1666 ,
2152 1595 2240 1650 loeu-

377 1679 606 1758 upondnpn'nttm
618 1675 662 1753 1t)
687 1683 728 1751 τῷ
750 1675 846 1756 εὐαγεῖ
862 1677 943 1754 osdra,
965 1674 1041 1739 ιόστε
1062 1673 1193 1757 ἑκάτερον
1213 1673 1286 1755 μετά
1328 1680 1392 1750 ples
1432 1685 1519 1751 esto,
1562 1683 1593 1733 et
1635 1679 1722 1734 aliam
1762 1679 1870 1752 (rem)
1917 1680 2041 1735 similem
2080 1679 2240 1752 religiosae

378 1759 429 1840 τὴν
450 1761 538 1822 αὐτοῦ
559 1756 687 1840 τελευτὴν
708 1759 781 1821 κατοί
802 1765 967 1822 δεσποτείαν
989 1765 1154 1823 ἐπανελθεῖν
1173 1767 1210 1831 είς
1236 1756 1287 1821 τὸν
1328 1763 1427 1819 domui
1467 1763 1595 1832 donato,
1639 1769 1671 1818 ut
1701 1767 1826 1832 utraque
1860 1768 1939 1834 post*
1960 1765 2025 1818 eius
2060 1763 2170 1818 obitum
2202 1763 2240 1818 ad

378 1842 467 1907 αὐτόν
488 1841 593 1907 σεπτὸν
603 1843 648 1922 ¹⁷)
671 1843 753 1906 οίκον.
782 1843 966 1924 ότολμὴσας
993 1846 1121 1925 ἀκίνητον
1148 1841 1287 1926 ιἐρατικόν
1330 1847 1451 1903 earrdam
1486 1847 1601 1902 domum
1636 1849 1833 1903 venerabilem
1874 1849 1993 1903 dominii
2029 1849 2095 1904 iure
2129 1847 2239 1902 redeat.

379 1935 497 2012 πρᾶγμα
518 1925 714 2008 ἀγοράσαιῑθ)
736 1936 793 1990 τῶν
813 1927 983 2010 πραγμάτων
1005 1931 1047 2009 (v.
1063 1925 1285 2009 τιμημάτωνβθ)
1330 1933 1386 2000 091
1416 1949 1508 1987 ausus
1543 1935 1589 1986 est
1622 1947 1681 1987 rem
1716 1933 1890 1988 immobilem
1923 1933 1960 1987 ad
2000 1932 2110 1988 olerum
2143 1933 2240 2003 perti-

378 2017 424 2074 ναὶ
453 2019 503 2073 τοῦ
531 2010 698 2092 πράγματος
731 2012 946 2094 ἀποστερεῖται,
973 2012 1121 2086 ἀναδιδοὺς
1149 2017 1194 2074 καὶ
1221 2010 1287 2083 τοὺς
1329 2020 1446 2072 πταίοντι
1481 2029 1594 2086 emere,
1637 2017 1732 2086 pretio
1767 2015 1858 2090 (rei)
1892 2023 1922 2072 et
1956 2017 2068 2090 (ipsa)
2104 2031 2136 2071 re
2173 2017 2239 2087 pri-

378 2093 505 2178 καρποὺς
526 2103 577 2158 τοῦ
598 2103 687 2176 μέσον
708 2093 818 2178 χρόνον,
841 2106 898 2160 τῶν
919 2097 1160 2178 πεπρακότωνλθ)
1183 2095 1285 2158 οίκονό·
1329 2105 1435 2172 vatur,
1486 2101 1646 2156 restituens
1696 2107 1726 2156 et
1773 2102 1861 2157 medii
1911 2102 2049 2172 temporis
2097 2102 2239 2172 fruetus3

378 2204 439 2264 μων
461 2183 503 2262 (v.
525 2177 748 2262 olaovdpon)²¹)
771 2183 914 2260 ιμ’)’καλ
929 2186 1072 2260 διοικητῶν
1090 2181 1095 2262 )
1116 2185 1161 2258 ¹⁴³)
1184 2183 1285 2258 κα184)
1329 2185 1496 2241 oeconomis
1531 2190 1561 2240 et
1594 2185 1901 2252 administratoribus,
1944 2187 1993 2256 qui
2027 2185 2238 2256 vendiderunt,

377 2278 441 2336 ταῖς
461 2278 572 2337 ποιναῖς
594 2263 826 2345 ὑποβαλλομίνων
854 2273 903 2346 τῆς
924 2265 1131 2344 διατάξεωςῖὗ)
1154 2271 1286 2337 Λίουιος.
1328 2269 1431 2340 poenis
1472 2283 1587 2339 quoque
1628 2271 1847 2326 constitutionis
1887 2271 1997 2326 Leonis
2037 2269 2239 2325 subiiciendis.

378 2345 491 2412 όκατίι
513 2347 621 2428 δωρεὰν
642 2346 737 2429 λαβὼν
757 2347 831 2429 πρὸς
850 2347 883 2412 τό
893 2351 937 2427 ²⁶)
951 2347 990 2429 μὴ
1003 2349 1222 2428 enodandam)
1237 2355 1287 2410 τοῦ
1329 2354 1385 2420 Qui
1412 2353 1578 2408 donationis
1606 2355 1691 2410 titulo
1719 2354 1823 2428 (rem)
1851 2357 1985 2426 aceepit,
2027 2359 2240 2426 praeterquam,

378 2437 557 2512 dmppttdrroc
584 2437 630 2494 καὶ
651 2433 746 2514 ε”τερον
766 2431 967 2514 παραπλήσιον
975 2435 1020 2512 ²⁰)
1049 2433 1286 2511 duodennem).
1329 2437 1406 2508 quod
1433 2453 1465 2492 re
1493 2437 1601 2493 donata
1630 2454 1687 2494 non
1722 2440 1850 2510 fruitur,
1893 2441 1981 2494 etiam
2010 2438 2153 2510 aiteram,
2195 2438 2239 2493 illi

378 2517 395 2580 d
419 2515 493 2578 κατὰ
515 2514 648 2598 ἑνσιλαγὴν
673 2519 715 2596 (v.
729 2516 952 2599 dnai.io;.o',=r)³⁰)
967 2515 1140 2599 κτησάμενος
1153 2514 1285 2596 salto)
1328 2523 1463 2594 similem,
1483 2522 1588 2578 reddit.
1630 2523 1686 2590 oui
1708 2525 1929 2594 permutationis
1950 2524 2035 2579 titnlo
2057 2521 2163 2597 (rem)
2185 2539 2239 2578 ao-

378 2600 477 2683 ελαβεν
498 2597 639 2662 άναδῶσει
653 2601 698 2680 ³²)
721 2605 766 2664 καὶ
789 2609 838 2664 τοῦ
861 2606 995 2675 δοθέντος
1021 2601 1284 2681 ε’κπεσεῑταιθῧ).ό
1330 2607 1471 2677 quisivit,
1513 2611 1543 2662 et
1574 2606 1621 2680 id,
1664 2608 1739 2679 quod
1771 2609 1902 2679 aceepit,
1945 2609 2097 2679 restituet,
2141 2613 2171 2664 et
2199 2606 2238 2680 id,

379 2691 419 2758 είς
441 2683 580 2764 tonino)
601 2681 751 2766 ὑποθήκην
771 2683 865 2768 λαβὼν
886 2693 936 2747 τοῦ
964 2692 1060 2768 γρίους
1081 2691 1127 2748 καλ
1148 2694 1198 2767 τῆς
1219 2686 1287 2749 ὑπο·
1330 2691 1407 2762 quod
1438 2690 1538 2746 datum
1567 2695 1630 2765 est,
1672 2693 1792 2748 amittet,
1837 2694 1893 2760 Qui
1922 2693 2061 2764 specialis
2090 2693 2240 2764 hypothe-

380 2767 474 2850 θήκης
495 2776 652 2832 ἐκπεσεῖται
661 2770 716 2844 ³⁵).
748 2777 776 2832 οἱ
796 2772 825 2832 δὲ
852 2774 1100 2852 προειρημένοιῧθ)
1129 2770 1233 2844 πάντες
1241 2770 1287 2850 ³⁷)
1330 2789 1384 2832 nae
1405 2775 1491 2834 titulo
1507 2777 1633 2849 aeeepit,
1654 2777 1836 2833 etereditnm
1851 2783 1881 2832 et
1902 2777 2096 2848 hypothecam
2118 2779 2240 2834 amittet.

380 2851 434 2927 τὰς
455 2851 852 2935 προσφόρουςάγωγόιςκατά
868 2861 925 2916 τῶν
942 2853 1176 2928 συναλλαξάντισν
1192 2856 1290 2929 αὐτοῖς
1330 2861 1449 2929 Reliqui
1471 2867 1567 2916 ornem
1590 2877 1706 2930 omnes,
1742 2863 1791 2932 qui
1820 2878 1910 2934 supra
1931 2861 2003 2918 dicti
2024 2866 2109 2933 sunt,
2143 2862 2241 2918 aetio-

381 2935 535 3018 οἰκσνόμων
556 2943 598 3014 (v.
620 2935 843 3017 othmdpmr)i⁸)
866 2943 912 2999 καλ
934 2943 1077 3018 διοικητῶν
1099 2938 1231 3004 δόνιινται
1251 2966 1289 3002 κι-
1331 2960 1385 3000 nes
1408 2943 1509 3018 (sihi)
1532 2951 1729 3016 competentes
1757 2963 1875 3002 movere
1902 2947 2026 3018 possunt
2057 2951 2159 3002 contra
2186 2961 2241 3004 oe-

381 3035 436 3085 νεῖν
455 3027 501 3082 καλ
522 3019 556 3083 τό
577 3019 692 3101 ἀζήμιον
713 3027 821 3094 ἑαυτοῖς
839 3037 997 3101 περιποιεῖν.
1019 3024 1053 3085 od
1072 3022 1208 3086 κωλύεται
1228 3025 1290 3087 edn-
1331 3041 1483 3102 conomos,
1506 3029 1555 3098 qui
1577 3046 1642 3085 oum
1665 3031 1739 3100 ipsis
1762 3037 1980 3104 contraxerunt,
2007 3037 2036 3087 et
2049 3032 2241 3086 administra-

381 3110 422 3188 γλς
445 3110 487 3170 (v.
509 3103 622 3186 εὐαγής)
647 3103 722 3178 οἶκος
744 3108 786 3184 (ν.
808 3105 895 3183 οἶκος)
906 3107 952 3185 3⁹)
975 3111 1019 3169 ε’πλ
1047 3109 1190 3189 γενικῇω)
1221 3109 1289 3172 ὑπο·
1331 3120 1410 3169 tores
1432 3117 1462 3167 et
1483 3113 1701 3170 indemnitatem
1723 3115 1836 3188 (inde)
1864 3117 1980 3171 sibimet
2009 3117 2083 3188 ipsis
2112 3129 2240 3171 servare.

381 3187 511 3269 θὴκηΗ)
534 3191 720 3263 δανείζεσθαι.
745 3191 760 3252 ό
788 3193 918 3270 διηνεκῶς
945 3189 1188 3272 ε’μφυτευσάμενυς
1215 3199 1288 3256 ε’κπί-
1332 3198 1398 3256 Non
1420 3197 1591 3268 prohibetur
1612 3200 1790 3255 venerahilis
1812 3201 1924 3272 doinus,
1945 3202 2100 3270 quominus
2113 3198 2168 3256 sub
2181 3215 2240 3274 ge-

381 3297 460 3336 πτων
481 3281 532 3335 τοῦ
553 3272 734 3354 πράγματσς,
755 3279 815 3353 μίνι
838 3278 880 3356 (v.
900 3275 987 3355 μίνει)
997 3277 1044 3355 ⁴²)
1066 3284 1107 3354 τῷ
1129 3275 1224 3340 κανόνι
1238 3285 1288 3355 τῆς
1331 3281 1422 3337 nerali
1451 3281 1618 3352 hypotheca
1651 3289 1779 3339 mutuam
1807 3283 2006 3358 (pecuniam)
2036 3289 2141 3344 sanat.
2184 3284 2240 3353 Qui

277 3415 283 3431 ,
382 3355 577 3439 ἐμφντεόσεως
598 3361 727 3438 διηνεκῶς
747 3357 925 3438 ὑποκείμενος
933 3360 988 3436 ⁴³).
1018 3361 1208 3442 όταβελλίων
1228 3376 1288 3435 τοῖς
1328 3367 1551 3436 inperpetuum
1573 3369 2110 3440 emphyteusinaeoepit,ipsamrem
2125 3369 2242 3441 amittit,

381 3447 530 3524 εἰρημένοις
551 3440 734 3523 ὑπουργήσας
744 3442 790 3522 ⁴⁴)
813 3441 1041 3525 συνστλλάγμασιν
1070 3445 1214 3526 άειρσγείιγ
1237 3449 1286 3524 (ε.
1329 3457 1357 3506 et
1379 3455 1476 3506 manet
1497 3453 1602 3506 canoni
1625 3453 1887 3523 emphyteuticario
1901 3455 1931 3509 in
1951 3461 2123 3524 ηιτιηιοιιιιιιιι
2146 3453 2242 3509 obno-

381 3525 575 3607 dnnaytffl)
591 3529 733 3607 ζημιοῦται
741 3529 796 3601 ⁴⁶),
809 3530 877 3608 μηδὲ
891 3534 920 3589 ε’νι
934 3533 1020 3590 θείων
1034 3528 1183 3608 adamati)
1199 3555 1288 3612 προσ·
1331 3535 1409 3592 xius.
1430 3535 1572 3606 Tabellio,
1585 3537 1636 3606 qui
1648 3537 1684 3591 ad
1699 3543 1866 3594 contractus
1878 3537 2002 3612 (snpra)
2016 3538 2110 3600 dictos
2124 3553 2242 3609 operam

770 3605 780 3626 Ἰ

381 3613 471 3672 δοκῶν
492 3607 691 3688 ε’πάνοδον4θ).
713 3618 742 3673 σι’
760 3625 892 3693 αρχοντες
913 3621 1030 3676 τοιαῦτα
1057 3614 1291 3696 όπαγσρευίληναι
1333 3635 1415 3675 suam
1437 3619 1676 3693 accommodavit,
1698 3622 1788 3678 exilio
1809 3628 1949 3693 perpetuo
1968 3619 2133 3692 muletatur,
2152 3639 2189 3678 ne
2203 3627 2242 3679 'ex

381 3691 399 3772 ἢ
420 3693 611 3775 πραχθῆναι)
631 3695 677 3772 ⁴⁹)
700 3696 768 3775 παρ’
791 3697 888 3768 αὐτοῖς
908 3695 1096 3778 ἀνασχόμενοι
1109 3699 1156 3777 ³⁰)
1185 3697 1290 3780 συμβό-
1333 3704 1427 3760 sacris
1442 3705 1557 3774 quidem
1573 3706 1675 3760 lormis
1686 3707 1810 3762 reditum
1825 3713 2010 3778 exspectans.
2031 3707 2241 3781 Magistratus,

374 3782 457 3852 aaa,
478 3776 566 3858 ἀρχῆς
577 3778 662 3857 12³¹)
675 3788 723 3840 καὶ
734 3779 870 3860 ddlaest)
893 3785 1073 3845 ἐκπίπτουσιν
1081 3783 1127 3862 ⁶³)
1141 3787 1188 3845 καλ
1201 3791 1235 3864 τῇ
1243 3785 1290 3863 ⁵⁴)
1334 3789 1383 3859 qui
1406 3789 1477 3844 talia
1499 3790 1692 3845 instrumenta
1713 3790 1829 3863 dictari,
1851 3793 1898 3846 vel
1915 3793 1991 3847 netis
2011 3792 2102 3847 inseri
2116 3791 2194 3862 apud
2208 3807 2242 3846 se

381 3858 514 3942 δημεύσει
522 3863 568 3940 ⁵⁵)
597 3861 866 3944 καθιπσβάλλονται
881 3865 935 3941 ⁶⁰).
976 3863 1014 3928 τὰ
1041 3863 1102 3948 νέρσί
1133 3865 1216 3947 σκεύη·
1244 3872 1290 3930 ἐπὶ
1333 3873 1415 3944 passi
1436 3879 1514 3944 sulit,
1536 3879 1566 3928 et
1585 3875 1788 3948 magistratum
1809 3880 1838 3930 et
1860 3877 2033 3950 dignitatem
2055 3877 2191 3932 amittunt
2211 3881 2243 3930 et

380 3943 452 4026 μόνη
460 3947 505 4021 ⁵⁷)
529 3943 663 4027 άνσιρόσει
684 3949 726 4026 (v.
748 3945 914 4030 άνσιρρόσει)
925 3948 971 4030 ⁵⁸)
993 3949 1179 4032 αγμσιλάτων
1199 3959 1288 4014 ε’κπσι·
1330 3958 1531 4013 confiscationi
1550 3957 1724 4032 (bonorum)
1745 3960 1951 4015 subiiciuntnr.
1989 3962 2073 4016 Vasa
2097 3975 2183 4016 saara
2203 3959 2243 4014 ad

380 4033 476 4092 είσθω
485 4030 540 4106 ³⁸),
562 4037 619 4092 τῶν
627 4033 673 4110 ⁰⁰)
697 4029 932 4113 παραβαινόντων
953 4049 1016 4108 ταῖς
1036 4038 1203 4114 natrano)
1220 4037 1288 4098 ὑπο·
1330 4042 1421 4098 solam
1449 4045 1631 4113 captivorum
1660 4044 1885 4115 redemptionem
1907 4045 2085 4113 alienantor,
2114 4045 2242 4117 119,οαὶ

380 4116 560 4194 βαλλομένων
580 4121 631 4194 τῆς
652 4119 779 4188 Λέοντος
800 4114 1017 4196 διατάξεωςθλ).
1048 4115 1084 4181 τίκ
1106 4127 1136 4182 ἐκ
1156 4128 1207 4190 τῆς
1228 4125 1286 4181 δια·
1329 4127 1406 4182 hano
1424 4127 1520 4216 legem
1541 4128 1678 4202 migrant,
1699 4129 1811 4200 poenis,
1833 4127 1942 4203 (uuae)
1970 4133 2001 4186 iu
2028 4129 2138 4186 Leonis
2166 4145 2243 4184 oon-

381 4194 487 4272 τάξεως
506 4201 681 4280 κεκωλυμένα
703 4199 767 4262 οὐδὲ
787 4199 835 4262 διὰ
855 4211 1050 4284 πραγματικοῦ
1072 4201 1216 4284 adnoto)
1240 4202 1287 4266 dd·
1332 4211 1485 4266 stitutione
1507 4211 1661 4286 (delinitae
1683 4211 1778 4286 sunt),
1800 4213 2003 4269 subiiciendis.
2046 4215 2128 4282 Quae
2149 4213 2241 4288 (hac)

1332 4295 1541 4352 constitutione
1549 4297 1822 4372 prohihitnsunt,ne
1833 4313 1886 4370 per
1898 4299 2110 4372 pragmaticam
2124 4298 2243 4370 quidem

449 4403 494 4464 97)
519 4405 649 4453 Auernis
672 4404 732 4473 περὶ
753 4399 854 4456 amala
869 4416 952 4468 nsque
973 4407 1005 4454 nd
1022 4403 1205 4473 ἀρχιτεκτόνων
1222 4411 1310 4458 emula
1327 4411 1421 4459 desunt
1438 4413 1505 4473 apnd
1523 4413 1678 4478 Fabrotnm,
1704 4415 1747 4476 nni
1763 4416 1802 4463 sic
1818 4413 1939 4463 exhibet!
1961 4407 1976 4462 ὁ
2001 4407 2067 4482 ὑπὲρ
2091 4409 2192 4462 τούτων
2215 4411 2245 4461 ἐν

380 4473 437 4528 τοῖς
453 4469 546 4528 τόποις
562 4470 752 4552 ἀρχιτεκτονεῖν.
788 4475 831 4522 a'ic
849 4479 875 4520 et
893 4475 999 4522 hetrnol.
1050 4475 1096 4531 99)
1112 4476 1163 4522 τῶν
1185 4476 1261 4524 deest
1277 4481 1303 4525 tn
1326 4477 1433 4527 codice.
1485 4480 1532 4536 99)
1555 4478 1647 4529 Codex
1669 4481 1754 4530 πέντε.
1812 4480 1840 4540 1)
1862 4481 1954 4530 Codex
1976 4479 2037 4540 dvo,
2060 4482 2192 4532 Fahrotns
2208 4478 2244 4544 γλ.

380 4543 411 4596 a)
427 4539 517 4588 Codex
535 4539 618 4595 οἶκος,
635 4541 714 4589 saar.
732 4527 807 4597 σλκσς.
842 4541 873 4597 8)
889 4541 941 4590 Ρι·9
957 4541 1084 4589 τοιοῦτον
1104 4543 1180 4592 11999.
1202 4541 1335 4593 τοσούτων.
1354 4547 1398 4594 Sic
1415 4552 1443 4594 et
1458 4546 1565 4596 Lerrncl.
1600 4547 1629 4602 4)
1647 4547 1740 4597 09999
1755 4547 1908 4616 κίγρηοθσιι.
1950 4547 1979 4607 d)
1998 4549 2077 4598 11999.
2096 4545 2245 4612 οἰκοδομήν.

381 4612 410 4668 9)
427 4607 520 4656 Codex
535 4603 730 4676 εὑρισκομένοις.
764 4608 793 4668 7)
811 4607 864 4656 Pro
881 4610 936 4664 τοῖς
953 4608 1042 4658 Codex
1059 4607 1178 4666 hahet?
1211 4609 1239 4672 Θ)
1256 4612 1334 4664 Fnhr.
1353 4611 1483 4680 ἐρειπίοις.
1536 4615 1566 4672 9)
1582 4617 1651 4664 Ante
1675 4613 1905 4665 turnandmmom
1922 4616 1994 4665 addit
2016 4613 2174 4672 ostendente
2192 4617 2247 4665 119-

381 4676 489 4733 hrotos,
506 4687 572 4738 norae
589 4675 685 4724 dosunt
700 4679 727 4724 in
744 4675 852 4726 codiee.
871 4675 939 4724 Vide
959 4684 1015 4726 not.
1029 4675 1068 4724 11.
1105 4674 1151 4737 10)
1169 4679 1247 4728 Febr.
1265 4681 1381 4743 κινητῶν.
1397 4681 1469 4730 ldem
1487 4682 1519 4730 od
1537 4679 1814 4747 ιιικτς.1σ.ἀκινν)των.
1850 4681 1895 4740 11)
1908 4684 1961 4732 Pro
1978 4681 2137 4749 πραγμάτοιν
2151 4685 2246 4734 Codex

380 4743 460 4791 99991
477 4757 669 4811 πραγματιτυν.
711 4745 751 4792 ad
770 4746 914 4806 marginem
933 4740 962 4799 ς’.
981 4743 1042 4810 περὶ
1058 4745 1108 4792 ταῦ
1124 4742 1160 4810 μὴ
1173 4745 1364 4796 συνάπτεσθαι
1381 4751 1436 4804 τοῖς
1451 4745 1543 4805 αὐτοῖς
1558 4746 1607 4806 τὰς
1630 4747 1804 4810 ίμφυτεύσεις.
1858 4749 1903 4810 12)
1920 4751 2013 4800 Codex
2036 4748 2161 4808 διατάξις.
2199 4752 2248 4811 18)

380 4809 472 4859 Codex
489 4807 717 4877 σι’νσσυσορουκτος.
753 4813 793 4860 Ad
809 4823 893 4872 marg.
911 4810 972 4878 περὶ
989 4809 1207 4880 σιἰσσιιφρσάκτσιι.
1244 4814 1290 4872 14)
1306 4813 1439 4864 1199991119
1456 4813 1665 4884 οὐυοάωρουκτον
1682 4815 1811 4882 ἱερατικὸν
1828 4817 1964 4882 λαμβάνων
1980 4819 2097 4886 πρᾶγμα.
2134 4822 2179 4878 id)
2189 4819 2247 4870 Pro

381 4875 468 4942 ἕτερον
484 4877 576 4928 09999
594 4879 670 4926 99991
687 4877 767 4948 ἑτερο.
819 4879 863 4939 16)
880 4879 933 4928 Pro
950 4878 1152 4948 προσιλωριλσθω
1168 4880 1260 4930 09999
1278 4882 1354 4932 habet
1370 4871 1420 4966 αρ’
1436 4882 1585 4951 δωρείσθω,
1603 4884 1733 4935 1199991119
1749 4887 1859 4952 πρᾶγμα
1883 4885 2024 4952 δυιρτλσιλω.
2058 4889 2109 4936 sed
2132 4905 2154 4940 ιτ
2170 4889 2247 4948 σῖγμα

380 4948 446 4994 satia
463 4945 601 4994 commode
618 4957 652 4992 ex
667 4948 713 5002 ila,
732 4959 799 5009 qliae
815 4948 988 5006 antecedunt,
1012 4951 1093 4996 tacito
1110 4949 1281 5010 supplebitur.
1339 4951 1386 5010 17)
1409 4951 1501 5002 Codex
1524 4953 1628 5001 οέπτον.
1659 4954 1792 5004 l'ahrottrs
1814 4949 1896 5002 αὐτὸν
1919 4957 2026 5003 omittit.
2080 4953 2124 5017 18)
2150 4907 2249 5006 done:

380 5009 519 5079 ἀγορᾶσαι.
574 5013 617 5064 iot
635 5012 726 5062 Codox
742 5012 914 5079 τιμημάτων,
932 5015 1009 5064 onor.
1028 5013 1187 5076 τιμημάτων.
1222 5019 1266 5065 Sto
1283 5021 1310 5066 91
1326 5019 1426 5080 ltologa
1445 5021 1542 5068 Leonis
1560 5023 1598 5069 111.
1617 5019 1660 5070 24.
1683 5033 1741 5082 cap.
1766 5022 1783 5068 8
1843 5022 1890 5081 20)
1911 5018 2110 5090 πιπρασκόντων
2132 5024 2247 5084 1191999.

380 5079 429 5137 ei)
446 5075 522 5128 l'alir.
541 5075 687 5138 οἰκονόμων.
722 5085 767 5131 sio
784 5089 812 5131 et
829 5081 937 5144 lainga.
989 5083 1035 5142 22)
1053 5084 1131 5132 l'nor.
1148 5099 1187 5132 τε.
1236 5085 1283 5142 29)
1300 5083 1394 5147 incipit
1411 5087 1457 5135 iol.
1475 5086 1517 5135 37.
1533 5089 1565 5136 Α.
1601 5087 1662 5136 Vox
1679 5081 1722 5136 νἀλ
1738 5090 1815 5138 deest
1831 5091 1859 5137 in
1876 5089 1983 5139 Codice.
2033 5089 2082 5148 24)
2105 5089 2150 5138 καὶ
2166 5092 2250 5142 deest

381 5149 407 5194 io
427 5145 532 5206 Ecloga.
584 5147 630 5206 29)
647 5147 700 5197 Pro
718 5147 856 5206 διατάξεως
872 5147 963 5197 Codex
987 5150 1064 5198 99991
1087 5149 1154 5199 daur.
1213 5151 1258 5210 26)
1283 5151 1374 5200 Codex
1396 5149 1445 5221 πρὸ
1469 5149 1498 5209 τὸ
1525 5155 1619 5214 habet,
1644 5157 1700 5205 Eoi.
1722 5153 1788 5224 πρὸς
1812 5158 1857 5218 τῷ.
1915 5154 1963 5216 87)
1985 5155 2077 5206 Codex
2100 5154 2248 5208 ἀπολῦσαι.

380 5209 427 5272 28)
444 5213 497 5260 Pro
515 5212 697 5281 παραπλήσιον
715 5217 806 5266 Codex
823 5201 1063 5280 99991παπλησιον.
1115 5217 1162 5274 28)
1179 5218 1232 5267 Pro
1249 5215 1406 5269 ἀποδίδωσιν
1424 5221 1479 5270 aot.
1497 5227 1525 5270 91
1541 5223 1620 5272 Fabr.
1640 5225 1737 5273 habent
1754 5221 1891 5273 ἀποδόσει.
1926 5227 1970 5273 Sic
1987 5232 2015 5272 et
2040 5225 2150 5274 999991.
2193 5226 2251 5284 80)

381 5275 706 5347 1·ιιιιε.κατ’ἐναλλανην.
739 5287 784 5332 9119
800 5289 829 5331 91
846 5281 898 5330 idei.
951 5285 999 5339 81)
1018 5284 1071 5332 hol.
1089 5283 1133 5333 uad
1150 5281 1173 5333 d.
1225 5284 1272 5346 ³2)
1290 5288 1345 5335 ool.
1363 5285 1502 5337 ἀποδώσει.
1542 5289 1590 5348 88)
1607 5290 1700 5340 Codex
1716 5290 1864 5354 ἐνπίσηται.
1881 5295 1926 5342 sm
1942 5297 1971 5342 91
1986 5292 2095 5342 bennoi.
2129 5291 2177 5353 84)
2190 5293 2250 5344 Pro

382 5344 465 5411 ι’δικην
481 5348 572 5398 Codex
594 5333 688 5414 δικηλυ
711 5351 798 5398 99991.
848 5347 972 5427 8910199
995 5347 1140 5400 ἐκπεσεῖται
1165 5352 1258 5402 Codex
1282 5355 1360 5404 habet
1381 5354 1509 5406 ἐκπίπτει.
1567 5360 1615 5416 88)
1637 5359 1730 5408 Codex
1752 5349 1892 5426 npoaepnn‘.
1949 5354 1998 5418 87)
2020 5359 2112 5409 Codex
2136 5377 2250 5418 παντες.

380 5412 428 5472 88)
446 5417 496 5463 oro
514 5414 652 5476 οἰκονόμων
669 5418 759 5467 Codex
778 5415 855 5464 hahet
871 5403 941 5476 atad,
958 5418 1038 5466 F'tthr.
1056 5415 1204 5477 οἰκονόμων.
1254 5419 1300 5482 89)
1317 5423 1395 5471 0991.
1414 5419 1429 5471 9
1446 5420 1542 5488 odardo,-
1557 5413 1634 5481 οἶκος.
1668 5429 1712 5475 Sic
1728 5434 1756 5474 91
1775 5427 1868 5476 Codex
1884 5427 1919 5476 X.
1953 5427 2002 5483 40)
2019 5427 2072 5476 Pro
2089 5427 2176 5494 γτνικγ)
2187 5428 2253 5478 Co-

380 5483 433 5530 dex
450 5483 527 5533 hahet
543 5485 638 5548 γενική.
689 5483 737 5542 41)
755 5483 845 5534 Codex
863 5477 915 5532 ὑπὸ
934 5482 1013 5550 θήκη.
1040 5483 1085 5544 42)
1102 5485 1181 5535 Fahr.
1199 5488 1277 5546 μίνει.
1315 5491 1403 5538 Verha
1420 5492 1490 5549 κίνει
1508 5505 1594 5554 usque
1611 5495 1644 5542 ad
1662 5492 1827 5550 ὑποκείμενος
1843 5497 1938 5544 desunt
1961 5495 2039 5557 plane
2062 5495 2129 5555 spod
2151 5495 2254 5544 henu-

380 5549 503 5599 clavium.
554 5549 599 5612 48)
615 5552 668 5600 Pro
685 5546 850 5610 ὑποκείμενος
866 5551 957 5601 Codex
975 5553 1052 5600 99991
1068 5543 1199 5612 duanam.
1252 5553 1300 5616 44)
1319 5557 1409 5608 Codex
1432 5553 1606 5628 ιλπουργησοις.
1663 5559 1713 5623 49)
1739 5561 1829 5610 Codex
1851 5559 1894 5611 del
1917 5565 2030 5621 φυγεῖα,
2059 5562 2193 5611 1911999199
2216 5570 2256 5614 et

343 5627 347 5636 ’
380 5615 446 5666 099.
470 5618 505 5667 Χ.
522 5615 655 5680 ἀειφυγίᾳ.
706 5618 752 5679 ro)
769 5621 822 5668 Pro
840 5615 977 5682 ζημιοῦται
994 5618 1059 5668 099.
1077 5621 1111 5669 Χ.
1131 5622 1208 5672 99991
1224 5621 1311 5678 ἔξεισι.
1352 5625 1399 5679 47)
1417 5625 1511 5676 Codex
1527 5627 1561 5676 X.
1580 5625 1606 5674 da
1624 5627 1702 5676 θελου
1724 5625 1820 5678 τόπου.
1871 5629 1918 5684 411)
1940 5629 2005 5678 Post
2022 5627 2153 5689 ,ἐπάνοδον
2176 5630 2253 5680 099.

379 5685 415 5733 X.
432 5686 504 5736 addit
518 5686 638 5735 τουτέστι
655 5680 699 5733 διὰ
720 5688 768 5750 τῆς
790 5686 944 5742 πενταετίας
960 5684 1160 5755 ἐπανέρχεσθαι.
1211 5691 1260 5747 49)
1283 5691 1335 5741 Pro
1353 5695 1510 5760 πραχθῆναι
1527 5695 1618 5745 Codex
1636 5696 1714 5745 99991
1734 5699 1882 5782 πραγθνγνρ.
1933 5699 2026 5761 incipit
2058 5697 2103 5745 191.
2137 5698 2183 5746 81.
2215 5703 2254 5749 Β.

379 5749 429 5814 80)
445 5753 498 5802 Pro
514 5749 686 5813 ἀνασχόμενοι
709 5753 799 5804 Codex
816 5755 895 5804 99991
910 5751 1047 5814 άνοισχομι.
1065 5755 1157 5805 Codex
1173 5755 1207 5804 X·
1226 5753 1417 5821 ἀνασχομίνοις.
1454 5763 1532 5810 Febr.
1564 5759 1722 5824 ἀνεχόμενοι.
1757 5767 1802 5812 Sic
1818 5769 1846 5812 91
1886 5765 1992 5814 bennoi.
2043 5763 2090 5826 91)
2107 5765 2186 5814 Febr.
2204 5783 2254 5818 τι.

383 5817 417 5868 Ta
435 5819 513 5870 deest
525 5825 553 5870 lu
571 5821 636 5870 cod.
654 5820 689 5868 Χ.
730 5822 775 5884 92)
792 5824 845 5871 Pro
862 5820 937 5878 ἀξίας
953 5822 1031 5871 Faba.
1050 5823 1128 5872 tranet
1144 5821 1268 5881 ἐξουσίας.
1321 5825 1369 5889 oo)
1387 5829 1465 5878 l'ahr.
1484 5827 1646 5879 ἐκπίπτωσι.
1699 5830 1875 5897 14))199τῇ
1896 5834 1974 5883 deest
1996 5833 2063 5894 apud
2087 5835 2254 5884 llahrotnm.

380 5883 428 5946 99)
444 5890 535 5938 Verba
552 5885 596 5936 καὶ
611 5888 645 5952 τῇ
663 5886 783 5950 δημεύσει
800 5887 1049 5953 καθυπσβάλλονται
1066 5892 1161 5940 desunt
1177 5895 1204 5940 ln
1222 5889 1286 5942 Cod.
1304 5894 1338 5943 X.
1390 5893 1436 5958 99)
1454 5896 1544 5946 (lodex
1561 5900 1818 5960 κσθυπυβαλλσνται.
1870 5901 1918 5959 oo)
1941 5902 2002 5950 Vox
2026 5899 2093 5968 μόνη
2115 5903 2193 5950 deest
2217 5907 2257 5954 in

380 5943 446 6005 099.
468 5957 496 6004 11.
548 5955 596 6016 es)
615 5952 855 6023 119911σίναρ1ρλάσει.
891 5957 937 6011 dil)
955 5957 1046 6007 Codex
1061 5957 1228 6008 ἐκποιεισθω.
1261 5959 1327 6009 099.
1347 5963 1373 6009 Β.
1391 5960 1555 6015 denotatam».
1575 5966 1640 6016 099.
1658 5967 1693 6015 X.
1710 5965 1925 6017 tanoolnoonoer.
1960 5969 2007 6025 90)
2024 5964 2118 6020 Codex
2137 5969 2172 6018 X.
2190 5972 2260 6020 τῶν

271 6063 274 6071 ,
380 6020 416 6070 ot.
458 6021 771 6084 coenomanensis
822 6023 867 6080 tid)
885 6025 977 6076 Codex
993 6023 1139 6082 διαταξιως.
1156 6027 1210 6076 Pro
1227 6028 1319 6077 xerhis
1335 6029 1382 6089 τῆς
1397 6029 1512 6090 Λέοντος
1526 6033 1618 6085 Codex
1636 6035 1661 6082 li·
1680 6035 1758 6084 99991
1774 6033 1823 6083 τοῦ
1839 6034 1965 6093 Adranon.
1983 6037 2074 6090 Verba
2094 6039 2142 6101 τῆς
2158 6037 2256 6088 Δέον·

380 6105 425 6147 τος
442 6087 580 6150 διατάξεως
594 6091 691 6142 desunt
705 6094 735 6144 in
751 6089 816 6144 099.
833 6091 868 6142 X.
919 6091 966 6157 99)
982 6093 1036 6146 Pro
1052 6089 1140 6145 τόπου
1156 6093 1248 6148 Codex
1261 6095 1340 6147 hahet
1355 6091 1433 6148 ιλπνυ.
1461 6108 1477 6143 ι

1791 6252 1839 6312 ’τι
