4790 7064
941 578 984 648 .C
1006 528 1038 648 A
1060 583 1088 648 P
1112 583 1140 654 U
1163 583 1192 648 'l
1235 583 1274 649 V.
1941 612 2052 660 uxnuv

319 766 474 850 Quartam
503 765 647 832 codicum
676 765 965 852 manuscriptorum
995 769 1144 836 familiam
1172 770 1254 836 bauo
1282 789 1360 836 esse
1388 769 1503 857 video,
1539 771 1692 858 11111111
1721 773 1896 842 Basiliaui.
1911 778 2051 860 praebiti
2118 797 2125 818 ·

193 877 415 956 argumentum
437 867 583 934 retertur.
626 867 664 932 lu
686 886 726 932 eo
747 887 878 934 numero
901 867 1060 934 habentur
1080 869 1185 936 codex
1207 871 1446 955 manuscriptus
1468 873 1679 940 bibliothecae
1699 873 1848 940 Senatus
1866 876 2052 961 Lipsiensis

193 973 276 1058 Rep.
305 971 330 1034 l.
358 989 443 1036 num.
472 965 595 1034 66.11
622 967 726 1034 codex
752 967 952 1034 Bodleianus
981 991 1111 1036 numero
1140 967 1257 1036 3399.
1286 973 1446 1056 signatus.
1490 976 1668 1061 Utriusque
1696 975 1817 1040 codicis
1843 977 1876 1042 iu
1905 979 2050 1046 oratioue

194 1071 366 1140 Athanasii
389 1068 597 1156 carstigandu,
631 1075 668 1132 ut
695 1085 756 1134 nec
777 1068 862 1134 leuis
884 1075 937 1134 est
958 1073 1153 1154 auctoritas,
1186 1071 1233 1135 ita
1255 1079 1366 1148 111111
1389 1091 1429 1138 ea
1449 1073 1481 1136 in
1502 1073 1627 1140 lacunis
1648 1076 1841 1161 supplendis
1863 1078 1931 1142 sere
1952 1077 2049 1144 nulla.

192 1175 301 1242 Habet
328 1179 435 1238 autem
463 1179 599 1256 uterque
628 1169 731 1236 codex
759 1169 917 1236 lectiones
951 1191 971 1236 1
1004 1171 1127 1236 codicis
1163 1171 1359 1236 l’arisieusis
1391 1170 1504 1238 1381.
1537 1173 1600 1240 lide
1629 1177 1786 1242 abeuntes
1797 1197 1918 1263 ,quas
1944 1183 2051 1242 utrum

193 1272 440 1360 compilatoris'
432 1273 581 1358 ingenio,
616 1289 658 1335 an
680 1289 744 1336 neu
722 1271 899 1354 ligentiac
921 1272 1116 1360 debeamus,
1143 1275 1225 1338 satis
1250 1273 1404 1338 incertum
1427 1281 1489 1338 est.
1532 1274 1615 1342 lllud
1636 1277 1780 1367 quidem
1784 1280 1874 1344 11111
1896 1279 2050 1344 hocloco

192 1374 398 1462 praedicare,
430 1371 470 1438 ad
504 1372 614 1436 horum
642 1371 807 1486 librorum,
848 1373 901 1458 qui
928 1374 1101 1438 manifesta
1131 1391 1235 1458 caque
1265 1375 1451 1438 rer'enter
1444 1395 1605 1458 impressa
1625 1378 1765 1444 babeant
1787 1380 2049 1474 interpolatorum

191 1476 353 1559 vestigia,
388 1473 613 1538 auctoritatem
632 1473 761 1538 nonnisi
783 1491 916 1557 perraro
944 1474 1020 1538 mibi
1043 1473 1144 1539 luisse
1167 1471 1437 1538 descendendum.
1482 1473 1680 1564 Quamquam
1702 1481 1883 1566 scripturae
1905 1481 2051 1548 varieta-

190 1579 288 1646 tem
279 1597 313 1640 rn
336 1577 422 1642 notis
444 1573 523 1638 dili<r
501 1579 617 1657 genter
638 1571 805 1639 adnotavi.

275 1681 354 1766 llis,
375 1695 458 1763 quae
479 1675 687 1750 enumerari,
707 1672 862 1738 subsidiis
883 1674 1075 1758 1111111111,
1097 1673 1194 1738 ido
1152 1674 1224 1758 egi,
1244 1681 1280 1738 ut
1303 1675 1477 1742 Athanasii
1498 1680 1693 1766 orationem,
1715 1679 1799 1765 quod
1821 1681 1891 1746 eius
1912 1699 1971 1765 per
1989 1699 2053 1746 eo·

192 1781 297 1848 dicum
326 1777 612 1861 manuscriptorum
642 1793 836 1840 consensum
867 1775 998 1862 liceret,
1032 1795 1142 1860 puram
1171 1777 1409 1860 genuinamque
1437 1797 1669 1861 expromerem.
1712 1781 1750 1846 lu
1781 1798 1842 1866 quo
1864 1789 1970 1848 tamen
1993 1781 2048 1846 vel

77 1947 87 1974 0
191 1882 333 1948 maxime
353 1878 396 1944 ad
418 1877 539 1943 codicis
561 1875 761 1941 l'arisicusis
783 1896 914 1942 numero
940 1873 1055 1940 1381.
1078 1877 1200 1958 signati
1221 1876 1447 1942 auctoritatem
1470 1885 1538 1942 tota
1555 1898 1611 1943 res
1630 1881 1801 1946 1111111111
1822 1881 2049 1946 conformanda

191 2001 280 2049 esse.
323 1980 359 2044 ls
379 1979 463 2044 enim
485 1965 564 2042 11111
586 1983 621 2042 11
640 1975 821 2060 scriptume
840 1977 1031 2062 antiquitate
1053 1975 1145 2042 facile
1158 1976 1290 2060 reliquis
1304 1983 1464 2064 praestat,
1485 1987 1531 2066 ct,
1552 1981 1635 2064 quod
1649 2003 1709 2064 ego
1731 1985 1843 2068 seiam,
1865 2001 1908 2047 ex
1929 2003 2048 2047 reeen-

191 2083 327 2149 tioribus
346 2079 427 2144 iuris
441 2079 548 2144 civilis
562 2077 712 2164 lontibus,
734 2078 945 2161 interpolatus
964 2097 1028 2142 nou
1043 2083 1110 2163 est,
1133 2079 1196 2142 uisi
1211 2097 1284 2142 raro
1296 2079 1476 2144 admodum.
1513 2080 1627 2166 ltaque
1639 2083 1711 2146 eius
1725 2080 1844 2148 codicis
1857 2083 2048 2168 scripturam

191 2189 228 2249 et
249 2181 298 2247 sie
312 2182 344 2245 in
359 2180 512 2246 orationis
526 2184 681 2244 contextu
694 2178 863 2261 collocavi,
884 2177 938 2242 ubi
951 2179 1077 2264 reliqui,
1099 2199 1179 2264 quos
1195 2199 1292 2264 supra
1304 2179 1383 2266 dixi,
1404 2181 1511 2246 sontes
1532 2183 1703 2264 genuinam
1724 2183 1899 2248 Athanasii
1919 2203 2049 2250 manum

191 2285 317 2350 reterre
339 2280 443 2346 uideri
464 2284 623 2365 poterant.
666 2277 749 2358 Quin
772 2284 822 2363 et,
843 2281 895 2344 ubi
918 2288 1049 2365 propter
1074 2281 1234 2362 insignes,
1257 2281 1370 2364 quibus
1383 2282 1490 2346 scriba
1504 2281 1723 2367 calligraphus
1743 2291 1886 2350 nostrum
1905 2285 2048 2350 codicem

190 2381 390 2469 inquinavit,
424 2379 623 2464 corruptelas
645 2397 701 2466 ea,
736 2397 819 2464 quae
839 2381 933 2446 buius
955 2379 1075 2446 codicis
1098 2387 1167 2466 est,
1187 2383 1348 2464 scriptura
1367 2383 1424 2447 vix
1445 2401 1485 2448 ac
1507 2402 1548 2448 ne
1569 2385 1628 2450 vix
1649 2384 1777 2470 quidem
1799 2383 1927 2452 delendi
1949 2404 2048 2471 posse

190 2485 379 2570 videbatur,
413 2482 507 2547 malui
529 2488 637 2546 tamen
659 2480 691 2545 11
713 2480 774 2546 hoc
795 2483 1000 2568 antiquitatis
1029 2481 1120 2566 quasi
1149 2481 1308 2566 quoddam
1336 2481 1437 2546 instar
1459 2483 1692 2570 imaginemque
1721 2488 1857 2574 intueri,
1891 2507 1983 2574 quam
2005 2485 2047 2552 ad

189 2585 384 2670 reliquorum
414 2581 556 2646 codicum
580 2581 867 2666 manuscriptorum
894 2583 1119 2649 auctoritatem
1147 2583 1329 2666 coningere.
1372 2583 1447 2646 Non
1478 2583 1632 2672 dcerunt,
1666 2588 1719 2672 qui
1746 2589 1801 2654 vel
1831 2588 1892 2654 boc
1920 2589 2047 2654 11111111

188 2707 244 2755 me
263 2681 563 2772 reprehendendum
583 2701 661 2749 esse
682 2682 897 2773 arbitrentur3
931 2703 1059 2768 verum,
1088 2691 1124 2748 ut
1145 2685 1282 2766 ingenue
1304 2684 1426 2771 dicam,
1455 2685 1538 2770 quod
1560 2688 1683 2776 sentio,
1704 2687 1799 2754 maloi
1821 2690 1853 2754 in
1875 2707 2046 2774 paucorum

188 2787 353 2854 hominum
374 2785 449 2850 odia
468 2786 648 2870 incurrere,
685 2801 780 2868 quum
811 2791 927 2851 metam
954 2785 1029 2850 mibi
1059 2787 1254 2870 propositum
1286 2785 1382 2870 polone
1404 2805 1468 2851 nou
1495 2788 1668 2871 attingere.
1712 2789 1857 2854 lnnotis
1879 2787 2046 2874 adipsum

186 2887 365 2954 Athanasii
387 2885 562 2952 orationem
583 2883 723 2950 adiectis
745 2882 939 2970 reliquorum
962 2885 1174 2952 subsidiorum
1197 2887 1388 2972 scripturam
1410 2887 1563 2971 religiose
1579 2887 1750 2978 adnotavi3
1772 2890 1931 2976 corruptis
1953 2889 2046 2954 brrius

186 2991 263 3056 libri
292 2986 373 3052 locis
404 3004 464 3072 per
490 2985 697 3052 coniecturae
724 2983 851 3052 modum
878 2985 1066 3052 medicinam
1094 2988 1251 3054 adbibere
1281 2988 1408 3076 studui,
1443 3009 1505 3054 non
1537 3009 1598 3075 quo
1620 2997 1721 3056 totam
1743 2993 1900 3056 orationis
1927 2991 2056 3056 seriem·

186 3097 400 3173 tenoremque
422 3085 644 3151 emendatione
666 3086 865 3172 inquinarem
885 3105 973 3170 mea,
995 3087 1071 3175 sed,
1091 3093 1128 3152 ut
1149 3089 1266 3154 leviter
1287 3097 1439 3175 corrupta
1459 3092 1492 3156 in
1507 3091 1666 3175 integrum
1681 3093 1904 3178 restituerem,
1925 3091 2047 3176 ipsius-

186 3211 254 3279 que
275 3187 481 3274 eorruptelae
503 3187 658 3272 originem
679 3188 791 3274 paucis
812 3186 1076 3254 demonstrarem.
1120 3189 1158 3256 ld
1179 3197 1215 3254 ut
1235 3191 1280 3255 ita
1302 3191 1459 3277 iacerem,
1498 3198 1532 3256 et
1553 3193 1743 3278 amicorum,
1762 3195 1817 3277 qui
1838 3211 1889 3258 me
1910 3209 2046 3276 meaque

184 3300 339 3378 tuentur,
369 3289 444 3353 mihi
466 3289 630 3374 persuasit
649 3291 843 3376 auctoritas,
865 3295 899 3355 et
921 3290 1161 3354 celeberrimum
1183 3289 1396 3356 lururouuclia
1422 3291 1582 3376 1111111111,
1605 3293 1686 3374 regii
1708 3292 1794 3378 apud
1815 3291 2046 3358 Beroliuenses

185 3391 407 3482 professoris,
428 3389 626 3476 exemplum,
647 3389 701 3475 qui
723 3387 758 3456 in
780 3389 917 3454 Graecis
938 3390 1151 3474 scriptoribus
1173 3391 1373 3474 castigandis
1394 3399 1429 3457 et
1449 3393 1490 3458 ad
1520 3393 1650 3460 codices
1671 3394 1908 3477 manuscriptos
1931 3409 2046 3457 emen-

184 3495 308 3563 dandis
337 3490 488 3578 eandem,
519 3509 614 3576 quam
641 3509 739 3576 supra
768 3490 948 3576 posuimus,
982 3491 1138 3556 rationem
1167 3493 1281 3557 tenuit.
1325 3491 1475 3578 Denique
1510 3489 1680 3558 Gualuoua
1715 3493 1916 3578 Hueueliaa,
1952 3492 2046 3558 dulce

184 3598 336 3664 columen
358 3593 522 3678 decusque
542 3611 664 3679 meum,
700 3587 959 3656 duomuiour'bus
981 3589 1208 3678 11111ιὶ1111111,
1230 3594 1284 3678 qui
1305 3594 1404 3679 vulgo
1424 3593 1627 3677 glossatores
1648 3593 1799 3682 audiunt,
1827 3613 1927 3679 nuper
1949 3592 2046 3660 editis

184 3697 443 3781 demonstravit,
478 3699 630 3780 quantum
651 3693 732 3760 baec
753 3688 913 3756 1111111111
935 3691 1095 3756 tractandi
1116 3693 1200 3758 ratio
1221 3694 1355 3780 reliquis
1377 3701 1571 3780 prraestaret.
1614 3697 1690 3760 Non
1713 3702 1819 3760 11111
1841 3696 2046 3769 committen-

182 3801 265 3868 dum
287 3797 416 3884 putavi,
436 3797 518 3860 1111
540 3794 712 3862 manifesto
734 3790 941 3880 calligraphi,
961 3792 1014 3878 qui
1036 3792 1179 3860 codicem
1202 3794 1419 3860 l’arisicnsem
1442 3795 1590 3884 scripsit,
1611 3815 1721 3864 errore
1742 3801 1777 3862 et
1797 3797 2046 3864 hallucinatione

184 3923 208 3970 a
230 3901 426 3986 reliquorum
447 3897 591 3964 codicum
620 3895 739 3962 11111111
767 3911 818 3960 11
845 3894 1058 3982 abstinerem,
1093 3895 1284 3980 praesertim
1312 3915 1383 3962 cum
1411 3898 1493 3962 satis
1521 3899 1641 3964 multae
1662 3899 1695 3964 in
1716 3898 1770 3964 illo
1792 3898 1903 3964 codice
1926 3897 2046 3983 depres-

184 4003 374 4071 beudantur
399 3999 552 4084 lacunae,
586 4016 670 4086 quae
699 4015 742 4064 111
777 3995 912 4081 reliquis
938 3994 1029 4059 libris
1061 3995 1157 4062 facilc
1194 3996 1343 4082 nulloque
1377 3996 1471 4082 plane
1506 3999 1637 4084 negotio
1672 3999 1800 4084 expleri
1834 4004 1965 4084 queant.
2007 3997 2046 4064 ln

185 4100 435 4172 Alexandrinae
462 4097 593 4164 dialecti
621 4098 771 4184 vestigiis
799 4095 955 4162 rimandis
986 4095 1108 4162 codicis
1128 4097 1329 4164 Parisieusis
1356 4099 1547 4184 scripturam
1569 4121 1692 4166 summa
1714 4117 1784 4164 cum
1806 4101 1962 4183 religione
1982 4117 2046 4164 ex-

182 4205 317 4296 pressi,
353 4209 445 4268 ratus
465 4200 551 4266 ab''
529 4219 588 4287 ns,
624 4217 708 4286 quae
729 4197 963 4284 antiquitatis
954 4198 1125 4282 imaginem
1145 4199 1309 4286 reserant,
1341 4217 1383 4266 ne
1405 4199 1538 4283 digitum
1560 4199 1686 4285 quidem
1707 4219 1785 4266 esse
1807 4199 2047 4268 discedendum.

181 4309 279 4376 idem
302 4305 365 4372 et
356 4324 390 4370 ru
410 4301 475 4368 illis
495 4301 594 4388 locis,
614 4301 668 4386 qui
682 4300 784 4384 magis
805 4299 962 4366 incertam
983 4299 1077 4366 huius
1098 4301 1147 4366 rei
1169 4300 1290 4366 babent
1310 4299 1593 4384 significationem,
1616 4299 1851 4366 observandum
1873 4319 1950 4368 esse
1971 4301 2048 4368 exi·

182 4407 333 4476 stimavi.
374 4402 544 4470 Eiusmodi
565 4403 666 4468 verba
673 4447 684 4489 ,
705 4399 826 4468 additis
847 4399 1086 4486 parentheseos
1108 4401 1228 4488 signis,
1256 4401 1367 4468 littera
1388 4421 1422 4468 v.
1443 4397 1526 4491 (111
1548 4408 1602 4467 est
1621 4399 1744 4488 111191)
1766 4403 1984 4488 praescripta,
2004 4401 2047 4466 ad

179 4513 243 4589 τῆς
265 4505 374 4582 κοινῆς
393 4505 562 4568 διαλέκτου
582 4501 740 4566 rationem
760 4519 890 4588 semper
911 4501 1027 4587 ubique
1049 4501 1220 4588 revocavi,
1255 4520 1380 4588 11111,
1413 4504 1466 4588 qui
1489 4500 1638 4568 Graecae
1659 4503 1791 4587 linguae
1812 4501 1989 4570 discendae
2011 4506 2046 4570 et

177 4603 437 4698 cognoscendae
459 4621 523 4669 non
544 4603 590 4668 ita
610 4602 742 4668 multum
763 4621 883 4688 operae
905 4601 1083 4688 dederunt,
1103 4601 1277 4668 commodis
1297 4601 1493 4687 utilitatique
1515 4603 1743 4670 inserviturus.

314 4707 393 4792 Mag
373 4723 466 4772 vnum
488 4722 567 4770 esse
588 4705 675 4791 eius,
708 4705 763 4791 qui
785 4703 956 4772 Theodoro
978 4649 1164 4770 Balsa’moni
1186 4703 1282 4768 tribui
1304 4703 1407 4790 solet,
1439 4706 1584 4790 corporis
1605 4705 1710 4820 legum
1732 4707 1873 4775 civibum
1894 4702 2047 4790 tripertiti

177 4818 220 4882 in
241 4809 401 4899 prioribus
422 4806 525 4872 tribus
545 4805 762 4872 Athanasiani
782 4805 855 4870 libri
876 4804 979 4872 titulis
1002 4809 1037 4870 et
1058 4803 1268 4870 emendandis
1290 4812 1324 4870 et
1344 4803 1387 4872 ud
1400 4807 1573 4889 genuinam
1587 4805 1658 4871 cius
1679 4807 1847 4892 scriptoris
1869 4806 2046 4872 orationem

177 4909 381 4983 revocandis
401 4908 470 4975 vim
490 4913 587 4992 alque
604 4907 849 5022 auctoritatem,
881 4906 1029 4991 numquis
1050 4911 1123 4994 est,
1156 4923 1249 4992 quem
1265 4897 1391 4990 tugiuti
1435 4903 1562 4974 Contuli
1584 4915 1709 4995 autem,
1730 4927 1823 4993 quam
1844 4905 1947 4991 potui,
1970 4902 2048 4970 11111-

179 5015 379 5104 gentisaime
401 5008 562 5076 Graecam
583 5009 655 5074 eius
675 5007 747 5072 libri
769 5009 961 5096 orationem,
996 5027 1018 5074 a
1041 5005 1158 5074 Carolo
1181 5006 1342 5074 Annibale
1363 5007 1505 5074 Fabroto
1534 5006 1674 5094 editam,
1710 5009 1843 5092 eiusque
1865 5006 2047 5089 scripturae

179 5118 235 5187 ab
270 5113 491 5182 Athanasiano
525 5109 605 5176 libro
638 5107 923 5193 discrepantiam
914 5129 948 5174 11
975 5109 1062 5174 notis
1090 5109 1201 5176 addito
1229 5109 1324 5194 siguo
1356 5107 1515 5195 „naorr‘
1542 5108 1598 5176 vel
1626 5103 1821 5195 „bobrot.“
1851 5103 2043 5188 significavi.

176 5215 333 5288 Acuunt
357 5221 465 5280 autem
493 5212 590 5278 etiam
617 5208 772 5275 Iohannis
801 5209 981 5274 Leunclavi
1018 5213 1203 5278 versionem
1231 5209 1380 5276 Latinam
1410 5211 1532 5296 primae
1564 5211 1729 5278 editionis.
1773 5206 1865 5286 uuae
1891 5206 1946 5270 ubi
1973 5225 2044 5272 cum
2064 5257 2079 5286 .

175 5318 329 5389 Graecis
348 5313 482 5383 Fabroti
503 5307 667 5377 codicibus
689 5309 786 5394 plane
807 5309 1013 5396 conveniret,
1041 5317 1098 5376 aut
1119 5311 1216 5376 etiam
1237 5311 1277 5375 ab
1300 5309 1414 5377 iisdem
1437 5312 1664 5398 aliquantulum
1684 5305 1910 5394 recederet,
1901 5325 1934 5372 rn
1957 5308 2045 5374 notis

175 5423 284 5507 signo
313 5410 503 5506 ,1111111111
528 5409 628 5490 -vel,
630 5407 855 5494 ,Leuucloui“
886 5410 997 5477 addito
1028 5411 1234 5497 designanda
1255 5415 1328 5480 visa
1355 5421 1417 5482 est.
1459 5411 1604 5480 Euotavi
1625 5430 1694 5477 eam
1722 5427 1865 5496 quoque,
1898 5429 1981 5494 quae
2003 5411 2047 5476 ab

175 5523 304 5593 eodem
325 5511 554 5584 beunclavio
545 5529 577 5574 rn
599 5508 689 5574 libris
710 5509 933 5578 Notatorum
924 5513 1004 5579 ruris
1027 5515 1144 5600 publici
1166 5515 1254 5581 iacta
1276 5521 1329 5582 est
1336 5517 1547 5604 ,scripturae
1561 5513 1766 5588 varietatem,
1788 5509 1935 5576 baustum
1957 5510 2044 5576 illam

175 5621 316 5713 quidem
337 5639 381 5686 ex
402 5615 533 5702 iisdem,
562 5609 675 5696 quibus
696 5609 738 5677 ad
759 5613 910 5680 Latinam
931 5614 1118 5682 versionem
1139 5615 1358 5682 adornandam
1378 5637 1458 5682 usus
1480 5621 1552 5700 est,
1579 5609 1742 5676 codicibus
1764 5613 2001 5698 manuscriptis.
2046 5601 2079 5645 '¹

313 5721 523 5818 Reliquorum
545 5708 687 5778 codicum
708 5717 1012 5806 manuscriptorum,
1033 5735 1165 5802 quorum
1187 5718 1219 5784 in
1241 5718 1301 5784 hoc
1322 5717 1403 5784 libro
1425 5709 1621 5782 1111111111
1643 5731 1721 5778 usus
1742 5712 1821 5794 luit,
1842 5711 2047 5799 scripturam,

171 5831 210 5898 si
235 5822 317 5913 quid
337 5839 358 5888 a
379 5811 442 5888 h'de
463 5809 661 5900 exemplaris
681 5812 881 5886 Parisiensis
911 5837 1044 5886 numero
1077 5813 1192 5884 1381.
1221 5819 1341 5904 signati
1368 5817 1486 5900 abiret,
1520 5813 1553 5878 in
1582 5813 1668 5880 notis
1696 5813 1960 5894 commemoravi,
1993 5833 2044 5902 ac,
