4784 7068
376 544 455 614 138
990 542 995 555 ’
1115 541 1542 616 ATHANASII

377 732 474 814 αείας)
501 730 583 812 παρά
611 731 663 814 τὴν
697 735 843 815 άθίμητον
878 737 919 816 (v.
946 735 1098 817 ἀθέμιτον)
1126 731 1212 797 νόθοι
1238 760 1288 798 κα·
1330 736 1391 792 alia
1411 735 1618 793 coniunctione
1639 734 1719 812 (nali
1741 734 1826 809 sunt]
1849 745 1965 808 praeter
1992 737 2152 812 incestam,
2182 757 2235 798 na-

377 821 499 882 Zofirwi.
533 816 585 902 χρὴ
601 820 751 896 tibridem,
772 817 817 884 ὅτι
838 821 898 884 ἀντὶ
920 819 1034 884 πάντων
1054 827 1111 884 τῶν
1132 824 1195 898 περὶ
1215 818 1219 900 Ι
1240 821 1287 900 73)
1329 821 1440 878 rurales
1461 825 1613 878 vocantur.
1656 822 1777 891 Oportet
1798 827 1894 877 oilleili
1916 823 2003 893 scire,
2031 839 2084 896 pro
2106 825 2235 883 omnibus

377 911 434 966 τῶν
463 899 561 966 νόθων
591 902 810 986 διαχορευόντων
837 903 930 986 νόμων
960 928 991 968 τε
1016 909 1063 968 καὶ
1090 903 1242 978 διατάξεων
1269 904 1287 985 ᾗ
1329 905 1448 978 legibus
1476 911 1505 960 et
1527 905 1802 978 constitutionibus,
1833 921 1909 976 quae
1938 907 1975 962 de
1996 909 2179 965 naturalibus
2198 911 2235 966 li-

378 995 515 1066 παροῦσα
541 983 614 1067 μόνη
642 985 759 1080 dorion
794 987 927 1063 διάταξις.
976 987 1093 1052 δόναται
1131 989 1146 1052 ό
1181 986 1287 1072 πατὴρ,
1329 989 1408 1046 beris
1441 989 1617 1064 loquuntur,
1658 995 1841 1062 praesentem
1877 992 1969 1047 sulam
2002 995 2234 1052 constitutionem

378 1075 424 1132 καὶ
445 1067 539 1152 pist)
563 1067 603 1134 ῶν
623 1070 788 1154 βουλευτής,
815 1079 929 1154 χνησίας
955 1071 1083 1154 ὑπσόσης
1110 1080 1192 1156 γονῆς
1220 1074 1287 1147 τοὺς
1330 1076 1518 1132 autiecturam
1546 1089 1623 1130 esse.
1666 1077 1768 1130 Potest
1788 1079 1888 1150 pater,
1919 1082 1949 1132 et
1977 1077 2004 1132 si
2032 1079 2153 1134 curialis
2184 1095 2235 1136 nou

377 1153 486 1230 νόθους
507 1155 595 1220 αότοῦ
616 1161 737 1232 παῖδας,
759 1165 785 1219 ελ
802 1163 848 1218 καὶ
869 1156 1022 1238 ίλοόστριοι
1044 1161 1084 1240 (υ.
1099 1157 1285 1240 ἐλλοόστριοι)
1330 1159 1385 1232 sit,
1412 1159 1577 1230 habeatque
1604 1159 1767 1232 legitimam
1795 1161 1920 1233 prolem,
1957 1163 2106 1218 naturales
2132 1163 2235 1220 liberos

378 1245 462 1315 εἰσίν,
491 1255 578 1303 ποιεῖν
599 1245 727 1321 γνησίους
748 1239 795 1324 δτι)
815 1249 865 1320 τῆς
892 1249 930 1315 εἰς
957 1241 991 1306 τὸ
1013 1239 1209 1325 βουλευτήριον
1230 1249 1286 1304 ἐπι·
1329 1259 1416 1317 81108,
1444 1244 1501 1300 8181
1528 1244 1659 1300 illustres
1680 1247 1764 1316 Silili,
1786 1243 1881 1300 1118108
1909 1246 2010 1302 faeere
2039 1263 2091 1318 pel·
2112 1247 2235 1304 01118118-

380 1321 502 1400 δόσεως,
537 1333 667 1406 θεωρῶν
700 1323 909 1406 άχομένωνῖῧ),
945 1323 962 1406 ό)
997 1332 1046 1390 καλ
1079 1331 1124 1390 ἐπ)
1157 1324 1287 1405 πράξεως
1330 1344 1394 1384 uem
1421 1328 1537 1400 curiae,
1575 1344 1641 1384 eum
1675 1329 1846 1398 spectacula
1873 1335 2023 1404 aguntur,
2059 1331 2124 1386 sive
2152 1334 2235 1388 etiam

379 1407 593 1490 ὑπομνημάτων.
637 1417 664 1472 εί
691 1413 721 1472 δὲ
751 1415 798 1472 καλ
819 1418 847 1474 ἐν
878 1409 1002 1492 διαθήκη
1028 1412 1207 1493 ἐχραψενῖθ)
1235 1409 1286 1472 τὸν
1329 1428 1382 1483 μοι
1402 1417 1553 1486 gestorum
1574 1413 1797 1468 coniectionem.
1840 1414 1894 1470 Sin
1915 1419 2012 1470 autern
2034 1417 2123 1471 etism
2145 1417 2175 1472 in
2191 1421 2237 1472 le-

379 1491 470 1556 νόθον
502 1491 653 1574 βουλευτὴν
686 1501 833 1575 γενέσθαι,
862 1495 988 1569 κάκεῖνσς
1004 1501 1050 1571 ⁷⁷)
1081 1494 1223 1569 ἐξεδέξατο
1239 1496 1284 1572 ⁷⁸)
1330 1502 1475 1554 stameuto
1502 1497 1622 1568 scripsit
1651 1497 1813 1552 naturalem
1841 1497 1965 1572 (lilium)
1999 1500 2139 1555 curialem
2167 1501 2238 1569 ieri,

380 1575 431 1660 την
452 1575 576 1660 χραφόν,
597 1577 677 1640 ἔσται
698 1578 713 1640 ὁ
736 1587 863 1654 τοιοῦτος
884 1578 1042 1661 βουλευτάς.
1070 1582 1152 1654 εἰδὲ,
1173 1584 1288 1661 χνησίας
1330 1586 1419 1652 alque
1440 1581 1492 1638 ilie
1513 1582 1688 1652 scripturam
1710 1582 1927 1654 comprobavit,
1954 1583 2024 1638 talis
2045 1583 2161 1657 (tilius)
2183 1601 2236 1640 cu-

380 1669 464 1746 χονῆς
490 1662 529 1742 μη
557 1659 699 1742 όποόσης,
726 1662 798 1744 μετά
824 1663 874 1744 τὴν
901 1664 1032 1745 τελευτὴν
1059 1671 1111 1728 τοῦ
1139 1662 1287 1745 πατρόςό
1330 1665 1413 1722 riolis
1441 1667 1506 1722 erit.
1562 1667 1615 1722 Sin
1645 1670 1757 1738 autem,
1785 1681 1850 1722 cum
1877 1667 2011 1740 legitima
2037 1669 2154 1726 soboles
2182 1685 2237 1726 non

380 1743 471 1820 νόθος
491 1760 559 1820 παῖς
580 1752 714 1810 ἐπέδωκεν
734 1745 849 1824 εἀυτόν,
877 1747 957 1812 ἔσται
978 1748 1089 1830 χνόσιος
1109 1754 1156 1810 καὶ
1177 1752 1288 1828 βουλευ·
1331 1751 1465 1824 adesset,
1489 1755 1556 1822 post
1585 1750 1676 1821 patris
1702 1755 1824 1806 mortem
1852 1753 1995 1808 naturalis
2024 1753 2103 1808 illius
2130 1761 2239 1809 semet-

380 1829 438 1912 τὴς.
481 1835 705 1911 σημείωσαιῖδ),
728 1828 773 1895 ότι
793 1833 809 1894 ὁ
831 1836 880 1914 μὲν
900 1831 1012 1914 πατήρ,
1040 1839 1087 1896 καὶ
1108 1837 1222 1914 γνησίας
1244 1825 1289 1894 od-
1331 1835 1427 1907 ipsum
1441 1835 1556 1908 obtulit,
1577 1836 1674 1892 iustus
1688 1833 1801 1908 (lilius)
1814 1835 1870 1890 erit
1879 1841 1907 1891 et
1917 1837 2046 1892 curialis.
2075 1838 2164 1909 Nota,
2184 1854 2239 1909 pa-

381 1941 433 1996 σης
453 1923 551 1997 χονῆς,
586 1912 702 1978 δόναται
730 1913 777 1979 διά
805 1925 862 1980 τῶν
883 1925 1029 1998 εἰρημένων
1050 1915 1203 1981 ἐπιδόσεων
1223 1916 1290 1988 rubr
1331 1925 1422 1988 bem,
1464 1921 1521 1976 etsi
1543 1919 1678 1993 legitima
1699 1919 1815 1975 soboles
1837 1920 1865 1976 ei
1886 1921 1942 1994 sit,
1973 1937 2026 1992 per
2045 1921 2170 1996 (supra)
2192 1923 2239 1978 di-

379 1997 487 2072 νόθους
515 2013 602 2062 ποιεῖν
629 2005 773 2081 γνησίους,
801 2001 992 2076 όδλνόθος,
1029 2008 1142 2084 γνησίας
1163 1999 1289 2081 όποόσης
1331 2011 1395 2061 ctas
1417 2005 1581 2061 oblationes
1610 2004 1760 2059 naturales
1787 2004 1930 2078 (liberos)
1962 2007 2062 2062 iacere
2082 2022 2172 2078 posse
2193 2007 2239 2062 le-

381 2089 478 2167 χοιῆς,
507 2083 540 2146 οό
562 2081 678 2146 δόναται
704 2084 777 2164 μετά
806 2086 856 2166 τὴν
877 2085 1005 2166 τελευτὴν
1027 2084 1207 2166 τοῦπατρὸς
1228 2093 1288 2147 tao·
1331 2089 1469 2162 gitimos3
1498 2088 1661 2145 naturalem
1683 2094 1780 2144 autern
1802 2089 1942 2162 (lilium),
1978 2091 2005 2146 si
2031 2092 2167 2164 legitima
2189 2106 2239 2146 so-

381 2167 431 2232 τόν
453 2159 680 2244 έπιδιδόναι,8ιαλ
702 2166 747 2232 ότι
768 2177 796 2232 οἱ
814 2169 899 2234 νόθοι
920 2169 1076 2250 άξιιόμασιν
1093 2169 1288 2250 κοσμοόμενοι,
1331 2173 1413 2230 boles
1441 2173 1535 2246 adsit,
1564 2189 1621 2230 nun
1648 2187 1737 2244 posse
1765 2177 1832 2244 post
1860 2181 1980 2230 mortem
2009 2177 2102 2246 patris
2130 2182 2240 2231 semet-

381 2257 558 2336 βουλευτικῆς
589 2251 819 2318 ἀπαλλάττουσιν
846 2253 945 2337 τόχης,
980 2257 1031 2318 cria
1059 2260 1228 2318 έπιδίδονται
1249 2261 1288 2324 είς
1330 2258 1425 2330 ipsum
1448 2260 1561 2327 ollerre,
1582 2262 1612 2313 et
1631 2257 1780 2314 naturales
1802 2257 1957 2332 (liberos),
1977 2260 2016 2314 iis
2037 2260 2242 2334 dignitatibus,

377 2335 577 2438 βουλευτήριον
595 2340 651 2416 ⁸⁰).
699 2337 715 2400 ὁ
745 2344 1079 2420 Κωνσταντινουπολίτης
1093 2341 1140 2418 ⁸¹)
1177 2343 1224 2402 καλ
1240 2339 1288 2416 8²)
1330 2358 1406 2414 quae
1428 2358 1447 2398 a
1468 2341 1572 2398 curiali
1593 2343 1710 2398 lurtum
1731 2341 1873 2416 liberant,
1904 2347 2034 2414 ornatos,
2061 2345 2162 2400 euriae
2185 2359 2240 2400 nun

381 2423 587 2501 Ρωμαῑος83),
615 2429 653 2496 είς
674 2419 707 2501 ἢν
728 2419 913 2503 palmeam)
941 2422 1130 2506 μητρόπολιν,
1157 2421 1223 2496 τους
1244 2419 1289 2486 νό-
1332 2428 1439 2484 ollerri.
1488 2425 1829 2496 constantinopolitanus
1856 2431 1892 2482 et·
1912 2429 2079 2502 Romanus,
2117 2430 2149 2484 in
2185 2445 2242 2500 qun

380 2516 455 2579 θσυς
481 2503 635 2570 έπιδιδοότιο
658 2507 700 2586 (v.
720 2505 892 2582 ἐπιδιδότω)
914 2513 1032 2583 παῖδας,
1062 2513 1110 2571 καὶ
1140 2501 1173 2588 ἧς
1194 2505 1289 2589 βοόλε-
1332 2513 1396 2568 vult
1417 2511 1579 2583 metropoli,
1601 2511 1750 2566 naturales
1768 2511 1879 2568 liberos
1900 2515 2013 2584 oilertu,
2035 2517 2064 2569 et
2077 2513 2164 2586 illias,
2187 2530 2242 2570 cu-

380 2616 428 2656 ται
458 2589 659 2672 μητροπόλεως
684 2591 902 2671 βσυλεόταῑςθῦ)
937 2590 991 2666 τάς
1026 2600 1195 2675 θυγατέρας.
1216 2593 1220 2666 Ι
1240 2595 1289 2671 ⁸⁸>
1330 2596 1379 2654 ius
1401 2597 1465 2652 vult
1491 2596 1660 2667 metropolis
1682 2595 1860 2668 curialibus,
1888 2597 1920 2652 in
1942 2598 2125 2654 matrimonio
2147 2599 2242 2654 cullu-

380 2675 397 2739 ό
428 2677 457 2738 δὲ
484 2673 631 2756 άλαχόθεν
660 2677 701 2754 (v.
730 2673 906 2758 ἀλλαχόθεν)
930 2674 1102 2758 όρμάμενος,
1131 2675 1148 2757 ν)
1178 2685 1217 2751 εἰς
1238 2675 1290 2756 τὴν
1331 2685 1407 2738 cato.
1449 2681 1506 2748 Qui
1527 2685 1624 2736 auteur
1646 2679 1765 2735 aliunde
1785 2681 1930 2755 originem
1951 2681 2051 2756 trahit,
2073 2683 2171 2738 autin
2189 2698 2243 2738 sua

382 2765 455 2824 ι’δίαν
482 2757 572 2841 πάλην
600 2763 641 2840 (v.
665 2765 738 2824 ἐδίαν
758 2757 866 2842 πόλιν),
893 2759 910 2841 ἢ
938 2762 991 2839 ὑφ’
1015 2759 1104 2843 aium)
1125 2765 1212 2836 τελεῖ,
1241 2759 1291 2842 τὴν
1331 2765 1428 2836 ipsius
1449 2765 1572 2820 civitate
1593 2765 1696 2820 autin
1717 2779 1762 2836 ea,
1784 2765 1833 2821 cui
1853 2766 2007 2822 subiectus
2030 2770 2093 2840 est,
2114 2767 2244 2824 oblatio-

385 2849 511 2908 ἐπίδοσιν
531 2850 672 2908 ποιείσθω
680 2847 736 2923 s⁸).
780 2847 1006 2927 appennino),
1034 2841 1080 2910 ότι
1106 2850 1153 2908 καὶ
1175 2847 1191 2908 ὁ
1215 2843 1290 2909 πάνι-
1332 2865 1398 2906 nem
1420 2849 1520 2906 facito.
1562 2850 1650 2922 Nota,
1678 2853 1709 2904 et
1735 2849 1772 2904 ab
1793 2865 1850 2906 avo
1872 2855 1901 2905 et
1922 2851 1959 2906 ab
1981 2851 2173 2907 ulterioribus
2192 2851 2244 2906 cd·

382 2954 436 3002 νιος
466 2932 512 2990 καλ
541 2936 569 2992 οἱ
594 2934 718 2992 ἐπέκεινα
738 2927 915 3008 άνιόντεςδθ)
937 2928 1069 2994 δόνανται
1096 2929 1163 3004 τοὺς
1183 2928 1291 2992 κατιόν-
1332 2933 1541 2990 scendeutibus
1583 2933 1797 2990 descendentes
1829 2935 1958 3006 ipsorum
2001 2935 2103 2992 curiae
2145 2935 2246 2992 οιίοιιί

382 3039 436 3090 τας
467 3013 561 3076 αὐτῶν
590 3011 741 3078 ἐπιδιδόναι
775 3022 815 3092 τῷ
845 3019 1041 3096 βουλευτηρίῳ.
1084 3015 1100 3078 ό
1128 3023 1157 3078 ἐκ
1192 3013 1292 3094 δοόλης
1333 3034 1432 3090 posse.
1472 3019 1514 3092 ls,
1535 3018 1586 3089 qui
1608 3034 1646 3074 ex
1666 3033 1755 3074 serva
1775 3024 1864 3075 natus
1885 3025 1941 3092 est,
1962 3025 2070 3092 potest,
2091 3025 2248 3092 postquam

383 3103 494 3180 τεχθεὶς
521 3095 638 3162 δόναται
664 3096 737 3177 μετά
765 3098 816 3178 τὴν
837 3103 1001 3180 ἐλευθερίαν
1028 3105 1066 3173 είς
1086 3095 1190 3181 βουλίην
1210 3095 1292 3180 παρά
1333 3103 1497 3159 libertatem
1519 3106 1696 3158 consecutus
1718 3107 1775 3176 est,
1795 3103 1896 3159 curiae
1917 3121 1936 3158 a
1955 3109 2039 3175 patre
2055 3119 2109 3160 suo
2129 3104 2246 3175 offerri3

383 3189 435 3245 τοῦ
456 3181 568 3264 πατρός
589 3186 769 3263 ἐπιδοθῆναι,
797 3181 914 3246 δόναται
935 3188 981 3258 δέ,
1010 3181 1049 3266 μὴ
1071 3179 1158 3264 οόσης
1179 3189 1292 3265 χνησίας
1333 3191 1431 3261 potest
1452 3191 1566 3258 autem,
1599 3187 1627 3242 si
1653 3187 1789 3261 legitima
1816 3189 1933 3244 soboles
1953 3204 2012 3244 uon
2033 3187 2127 3260 adsit,
2156 3189 2249 3245 etiarn

376 3273 481 3350 μονῆς,
515 3271 562 3328 καὶ
582 3265 683 3330 ἐαυτὸν
704 3267 777 3348 μετά
798 3266 848 3372 rip
868 3265 997 3350 τελευτὴν
1018 3275 1121 3332 ἐκείνου
1143 3273 1291 3332 ἐπιδοῦναι
1334 3273 1523 3343 semetipsum
1549 3275 1616 3342 post
1635 3270 1718 3327 illius
1739 3277 1866 3328 mortem
1880 3275 1994 3328 ollerre.
2036 3275 2093 3341 Qui
2113 3289 2170 3344 per
2192 3274 2249 3329 ob-

361 3351 399 3410 .ό
428 3349 475 3413 διόι
504 3358 556 3432 τῆς
590 3348 741 3424 ἐπιδόσεως
768 3377 912 3434 χευομενος
943 3349 1055 3433 χνὴσιος
1088 3357 1292 3434 κληρονομείτον
1335 3357 1474 3413 lationem
1503 3355 1601 3412 iustus
1622 3354 1735 3430 (lilius)
1757 3357 1856 3412 iactus
1878 3361 1933 3430 est,
1956 3357 2060 3414 haeres
2082 3363 2146 3415 esto
2170 3359 2251 3429 pratri

384 3431 435 3500 τόν
455 3442 567 3518 πατέρα
589 3442 618 3498 ἐκ
640 3433 780 3518 διαθήκης
800 3437 899 3512 καλέξ
920 3436 1091 3512 άδιαθέτου,
1117 3441 1165 3500 καλ
1186 3433 1292 3518 δωρεάν
1335 3457 1373 3498 ex
1394 3435 1569 3498 testamento
1590 3445 1620 3496 et
1641 3441 1678 3496 ab
1699 3441 1855 3514 intestato,
1885 3447 1914 3498 et
1935 3442 2120 3498 donationem
2150 3444 2192 3498 ab
2215 3459 2251 3498 en

384 3520 457 3602 παρ’
487 3519 575 3583 αὐτοῦ
602 3525 779 3602 λαμβανέτω,
813 3519 853 3602 μὴ
882 3518 1033 3600 δυνάμενος
1060 3526 1145 3585 πλέον
1170 3521 1291 3603 egaram)
1335 3527 1448 3598 capilo,
1469 3526 1513 3582 ita
1534 3529 1646 3594 tamen,
1674 3529 1709 3582 ut
1725 3524 1795 3597 'plus
1817 3526 1926 3582 habere
1947 3543 2004 3583 non
2027 3529 2135 3600 possit,
2160 3543 2250 3598 quam

384 3603 497 3686 trigo)
525 3611 582 3668 τῶν
603 3611 720 3685 γνησίων
740 3611 850 3668 παίδων
870 3613 921 3669 τοῦ
943 3604 1032 3685 roffi)
1055 3603 1202 3688 ἐλάχιστον
1220 3605 1292 3687 ἔχον-
1334 3627 1411 3672 uuus
1433 3626 1471 3666 ex
1492 3609 1579 3666 iustis
1600 3609 1717 3682 liberis,
1746 3610 1797 3680 rpri
1824 3611 1972 3667 minimum
2001 3612 2117 3668 habeat.
2163 3613 2253 3685 Lege

383 3712 439 3761 τος.
482 3685 680 3770 άνάχνωθιθδ)
713 3687 765 3768 τὴν
799 3693 864 3772 περὶ
893 3696 949 3754 τῶν
975 3694 1133 3772 βουλευτῶν
1158 3689 1293 3764 διάταξιν,
1334 3695 1581 3764 constitutionem,
1602 3709 1678 3765 quae
1700 3693 1737 3748 de
1756 3695 1916 3750 curialibus
1932 3695 1994 3751 lala
2010 3703 2064 3768 est,
2086 3695 2178 3752 cuius
2201 3699 2253 3754 lu-

385 3765 418 3854 ἦς
439 3772 457 3853 ἡ
479 3771 553 3854 άρχὴ
575 3773 746 3854 καλῆςθό)
769 3773 854 3856 ἡμῖν
881 3779 1175 3856 νομοθεσίαςδθ).
1210 3771 1292 3837 όνό-
1334 3780 1419 3836 ilium
1442 3777 1532 3852 (hoc)
1555 3783 1601 3834 est
1621 3779 1798 3854 „Polclrrae
1818 3779 2147 3852 nodmieyialuliunia.“
2196 3782 2255 3838 Fi-

383 3867 442 3932 θος
469 3871 551 3932 παῖς,
579 3853 659 3931 ἅπαξ
682 3855 905 3938 καταδεξάμενος
926 3856 976 3940 τὴν
996 3865 1135 3938 ἐπίδοσιν,
1157 3860 1191 3922 uri
1212 3859 1292 3922 δόνα·
1334 3865 1393 3920 lius
1414 3863 1567 3936 naturalis,
1588 3863 1639 3934 qui
1660 3863 1752 3918 semel
1772 3863 1948 3920 oblationem
1969 3865 2158 3938 acceptavit,
2195 3881 2255 3922 cu-

384 3967 432 4004 ται
459 3937 650 4016 eruedinum)
677 3937 728 4022 τὴν
749 3939 933 4041 βουλευτοιόχν
959 3941 1043 4027 τόχην
1069 3944 1214 4026 προηάσει
1241 3948 1293 4006 τοῦ
1334 3949 1437 4006 rialenr
1464 3949 1610 4004 fortunam
1632 3950 1766 4021 elingere
1792 3963 1850 4004 uon
1878 3955 1976 4020 potest
2002 3951 2058 4006 troc
2079 3956 2256 4022 praetextu,

384 4025 547 4106 ἀποστῆναι
576 4032 627 4107 τῆς
653 4049 792 4106 πατρῳας
824 4031 1010 4109 κληρονομίας
1037 4027 1055 4110 ἢ
1082 4037 1139 4092 τῶν
1159 4033 1293 4108 δωριθέν·
1335 4033 1411 4104 quod
1433 4049 1451 4093 a
1471 4037 1594 4104 preterca
1614 4031 1798 4088 haereditate
1826 4048 1860 4088 aa
1881 4034 2043 4108 abstineat,
2065 4039 2116 4090 aut
2139 4035 2182 4089 nb
2206 4036 2257 4091 liis
2367 4071 2368 4080 ε

386 4133 443 4172 των
464 4112 506 4184 (v.
528 4113 726 4191 δωρηθέντων)
753 4111 832 4188 αὐτῷ
853 4111 935 4193 παρά
955 4119 1006 4176 τοῦ
1027 4111 1147 4194 πατρός.
1192 4112 1293 4194 ἐξάρ·
1334 4116 1473 4192 (rebus),
1503 4116 1658 4187 quaesibi
1679 4132 1698 4171 a
1719 4122 1802 4188 patre
1823 4117 1949 4174 donatae
1970 4123 2048 4174 sunt.
2088 4119 2140 4176 Ab
2165 4119 2257 4175 initio

386 4201 437 4276 χῆς
464 4191 761 4277 δὲπαραιτησάμενος
789 4195 840 4278 τὴν
861 4201 1000 4272 ἐπίδοσιν,
1034 4195 1147 4271 οόδενός
1166 4195 1293 4260 άπολαό·
1335 4211 1433 4258 autem
1461 4201 1487 4256 ai
1516 4201 1692 4257 oblationem
1718 4202 1886 4274 recusavit,
1924 4203 2005 4258 nulla
2032 4219 2070 4260 ex
2097 4203 2137 4258 iis
2161 4205 2260 4260 rebus

387 4301 431 4340 σει
464 4284 520 4340 τῶν
555 4285 607 4340 τοῦ
634 4283 881 4360 καταλειφθέντων
917 4279 973 4344 όπό
1007 4289 1059 4345 τοῦ
1087 4279 1206 4363 πατρός.
1251 4287 1293 4343 ἐκ·
1335 4288 1461 4358 fruetur,
1482 4299 1557 4355 quae
1578 4285 1637 4358 ipsi
1658 4301 1677 4340 a
1697 4291 1781 4356 patre
1801 4286 1923 4343 relictae
1944 4293 2029 4344 sunt:
2071 4288 2158 4346 curia
2175 4290 2260 4345 euim

388 4357 492 4443 δικάσει
529 4359 583 4445 χάρ
618 4359 694 4426 αὐτόν
711 4363 716 4446 Ι
736 4367 782 4442 ⁹⁸)
812 4363 866 4445 [ἡ]
894 4363 981 4446 βουλῆ
993 4367 1048 4446 ⁰⁹).
1091 4363 1198 4428 τούτων
1226 4389 1294 4448 κρα·
1336 4386 1388 4426 eas
1409 4369 1589 4440 vindicabit3
1618 4369 1667 4426 his
1688 4370 1855 4426 valentibus
1877 4377 1936 4428 tarn
1957 4371 1988 4428 in
2009 4371 2175 4448 masculis,
2207 4373 2262 4444 qul

386 4443 508 4508 τοόντων
535 4452 649 4510 irrina
678 4451 718 4526 (ι.
747 4454 797 4512 ἐπί
820 4451 864 4525 τι)
894 4450 1018 4530 άρρένων
1045 4451 1239 4530 ἐπιδιδομένων
1259 4457 1295 4531 τῇ
1336 4455 1437 4512 curiae
1458 4457 1634 4528 otieruntur,
1663 4470 1749 4525 quam
1771 4454 1802 4510 in
1822 4455 1958 4528 feminis,
1987 4471 2063 4528 quae
2084 4458 2261 4514 curialibus

385 4534 481 4612 βουλῇ,
503 4535 553 4594 ἐπί
569 4555 616 4593 ται
638 4533 680 4609 (r.
701 4537 750 4594 ἐπί
766 4533 809 4609 τι)
833 4537 956 4614 θηλειῶν
976 4537 1138 4614 βουλευταῖς
1159 4543 1294 4616 χαμηθει-
1336 4545 1506 4611 nupserunt
1548 4540 1654 4610 Neque
1668 4539 1744 4595 enim
1759 4539 1809 4595 lex
1827 4539 2020 4597 differentiam
2034 4541 2163 4616 inducit,
2189 4543 2264 4598 sive

387 4622 452 4678 σῶν.
495 4614 560 4678 odoi
587 4613 641 4698 γάρ
673 4613 776 4697 είοάχει
803 4615 943 4700 διαφοράν
969 4617 985 4680 ό
1017 4615 1120 4698 νόμος,
1155 4619 1226 4682 atbar
1254 4621 1296 4698 (υ.
1337 4624 1559 4698 perurasculos
1580 4624 1689 4680 llberos
1710 4623 1810 4680 curiae
1831 4639 1952 4680 munera
1973 4626 2182 4698 scienterve
2205 4641 2264 4698 per

385 4697 455 4776 εἴτε)
478 4697 520 4760 δι’
543 4698 667 4782 άρρένων
687 4698 815 4782 βσυλεόσι
825 4703 852 4780 ¹)
875 4706 997 4777 παίδων,
1026 4703 1088 4792 εἴτε
1102 4707 1149 4766 καλ
1171 4702 1218 4766 διά
1239 4712 1296 4770 τῶν
1337 4723 1465 4783 generos
1487 4723 1567 4764 suos.
1608 4709 1655 4782 ls,
1681 4709 1732 4780 qui
1759 4723 1813 4780 per
1840 4725 1929 4780 supra
1950 4709 2044 4766 dictos
2072 4711 2182 4768 modos
2207 4711 2264 4766 iu-

386 4788 492 4846 υίκείων
513 4788 653 4865 ηοιμβρῶν.
696 4784 712 4847 ὁ
740 4783 786 4848 διό
807 4793 863 4850 τῶν
884 4791 1031 4868 είρημένων
1051 4785 1166 4869 τρόπων
1186 4785 1295 4870 χενόμι·
1337 4799 1402 4850 stus
1430 4793 1509 4851 iilius
1530 4793 1628 4850 iactus
1656 4797 1717 4867 est,
1746 4795 1991 4866 contemplatione
2020 4795 2111 4867 patria
2135 4801 2265 4852 tarrtum

386 4891 433 4940 νος
460 4863 573 4948 γνήσιος
607 4865 681 4950 πρὸς
707 4865 793 4950 μόνον
819 4868 869 4933 τόν
896 4874 1007 4952 πατέρα
1015 4869 1044 4950 ²)
1083 4877 1206 4954 κρίνεται
1232 4871 1295 4955 χνὴ-

453 5135 499 5194 78)
517 5137 569 5188 Pro
586 5137 646 5207 περὶ
663 5137 755 5190 Codex
772 5129 974 5202 1οοοινί,ιιοιι
991 5143 1144 5192 inusitatam
1162 5143 1325 5192 Graecorum
1342 5147 1440 5194 ιιοιτιιι.
1475 5145 1570 5208 incipit
1592 5145 1638 5194 lul.
1663 5145 1721 5196 iol.
1746 5148 1793 5195 ll.·
1871 5143 1919 5208 ri)
1935 5145 1988 5196 Pru
2004 5141 2040 5211 μὴ
2059 5147 2099 5194 tit
2116 5144 2145 5193 8.
2169 5153 2268 5208 purat.

387 5205 413 5262 s.
432 5208 458 5254 e.
477 5203 491 5254 δ
509 5202 545 5271 μὴ
563 5208 668 5256 habeut.
770 5209 820 5266 7⁵)
837 5207 929 5258 Codex
951 5213 991 5258 stc
1014 5212 1100 5260 liniret.
1141 5211 1170 5260 ln
1187 5211 1256 5260 Nov.
1274 5213 1317 5260 88.
1336 5225 1393 5274 ουρ.
1419 5215 1447 5262 8.
1465 5215 1532 5263 ιικεο
1549 5216 1684 5278 leguntur:
1718 5213 1762 5261 καὶ
1778 5215 1859 5262 τοῦτο
1875 5211 1943 5263 αὐτὸ
1961 5209 2096 5262 svesaim
2113 5211 2192 5261 κατὰ
2214 5213 2269 5280 riv

386 5271 464 5322 ἐκεῖσε
483 5275 560 5324 θίαν.
628 5274 674 5337 76)
691 5275 744 5325 Pro
763 5273 874 5338 ἔγραψεν
898 5275 989 5326 Codex
1006 5277 1085 5328 habet
1102 5269 1167 5360 dyj‘.
1235 5279 1283 5337 77)
1304 5279 1395 5329 Codex
1411 5285 1533 5338 κακεῖνος.
1601 5281 1647 5344 ’78)
1666 5280 1757 5331 Codex
1773 5279 1917 5338 ἐξαδίξατο.
1974 5279 2019 5342 79)
2036 5280 2089 5330 Pr‘o
2106 5281 2269 5340 οημείωσοιι

386 5340 475 5390 Codex
494 5341 655 5412 11111181ὶῖἷηῖἰ
720 5341 767 5404 80)
784 5343 875 5392 Codex
892 5342 1084 5412 δουλευτὴριον.
1153 5344 1200 5408 81)
1218 5345 1307 5394 Codex
1324 5347 1629 5412 ιιιινοιαντόνουπολίτης.
1687 5349 1843 5411 89)1”θι·118
1858 5349 1902 5398 aui
1917 5344 2043 5408 Ῥωμαῖος
2059 5351 2099 5398 tit.
2117 5349 2146 5395 8.
2169 5357 2270 5410 panii.

386 5408 413 5465 S.
432 5411 458 5458 d.
477 5410 581 5458 desunt.
666 5409 714 5471 83)
738 5409 830 5460 Codex
853 5410 984 5478 ῥιομαλοις.
1069 5411 1117 5472 84)
1134 5413 1186 5462 Ριο
1203 5410 1239 5470 εἰς
1256 5411 1288 5478 ἢν
1304 5413 1426 5476 βούλεται
1444 5415 1534 5466 Codex
1552 5417 1630 5466 babet
1646 5413 1711 5465 ιόοὶν
1727 5416 1875 5477 βουλευταί.
1960 5415 2007 5480 Sd)
2024 5416 2077 5465 Pro
2093 5417 2271 5476 βουλευταῖς

385 5475 478 5524 Codex
496 5479 572 5526 lrabet
587 5475 719 5541 βούλεται.
840 5478 889 5542 86)
905 5477 1001 5540 luciplt
1017 5479 1062 5528 iol.
1082 5480 1139 5528 loo.
1159 5483 1189 5528 il.
1292 5482 1337 5542 87)
1361 5483 1454 5532 Codex
1470 5481 1547 5548 ὑμήν.
1648 5483 1694 5545 88)
1711 5485 1763 5534 Tit.
1780 5485 1806 5532 8.
1824 5489 1911 5546 purat.
1929 5483 1954 5544 S.
1972 5487 1998 5534 d.
2017 5485 2115 5532 liabent
2130 5483 2271 5534 ποιεότοι.

385 5541 431 5604 89)
451 5543 541 5594 Codex
558 5545 612 5613 Rq]
702 5545 749 5609 90)
764 5545 818 5594 Pro
838 5543 863 5594 ον’
880 5543 997 5595 &uiarum
1014 5545 1130 5602 ἀνιόντες
1147 5547 1238 5596 Codex
1259 5549 1337 5598 habet
1354 5549 1379 5598 οό
1395 5548 1439 5600 ἐπ’
1458 5549 1542 5601 iutra
1559 5547 1682 5605 άνιονιις.
1772 5550 1818 5611 91)
1836 5551 1928 5602 Codex
1944 5550 2020 5612 ἔχειν.
2122 5551 2180 5612 92)
2201 5554 2275 5600 Vox

386 5607 542 5666 inbelles.
561 5617 646 5662 οσιιιιι.
666 5614 795 5662 odacar.
896 5612 944 5677 88)
961 5614 1014 5662 Pro
1031 5615 1079 5662 rari
1096 5611 1127 5662 τό
1144 5615 1238 5664 Codex
1254 5618 1333 5666 labet
1348 5619 1438 5669 τοῦτο.
1541 5617 1588 5682 84)
1605 5617 1697 5667 Codex
1713 5614 1804 5679 ἀναχν.
1889 5617 1936 5678 tle)
1953 5619 2046 5668 Codex
2062 5617 2142 5666 babet
2160 5618 2271 5684 τιοιλής.

286 5689 296 5713 ·
386 5679 433 5738 86)
451 5679 542 5728 Codex
559 5683 727 5740 νομοθεσιος.
762 5683 930 5745 Significatum
956 5687 1042 5730 nutem
1060 5682 1129 5730 Nor.
1149 5682 1220 5744 roi,
1248 5697 1316 5746 quae
1336 5686 1404 5746 apud
1422 5687 1593 5737 Athanasium
1611 5688 1651 5734 ιιι.
1669 5689 1696 5735 8.
1721 5690 1807 5735 coust
1825 5687 1852 5735 o.
1870 5688 1988 5735 liabetur.
2091 5683 2137 5746 87)
2161 5685 2276 5738 codex

387 5745 615 5796 11111181ιδιοιδυύιιν
634 5761 683 5808 pro
701 5747 839 5798 διαδόνιιν.
873 5750 941 5798 Nov.
959 5751 1003 5800 89.
1022 5761 1078 5811 cap.
1097 5753 1123 5798 9.
1142 5749 1185 5797 καὶ
1201 5752 1249 5816 τῆς
1265 5750 1346 5814 τύχης
1362 5749 1512 5822 άνσιχοιρεῖν.
1607 5751 1653 5814 98)
1671 5751 1766 5814 incipit
1783 5754 1828 5802 iol.
1848 5754 1907 5804 loo.
1925 5756 1954 5802 B.
1988 5753 2051 5802 Vox
2068 5748 2084 5817 ν)
2102 5755 2127 5802 lti
2150 5753 2277 5805 codice

387 5811 471 5862 deest.
547 5813 592 5877 99)
605 5814 696 5864 Codex
713 5814 803 5879 βουλε).
873 5817 901 5880 1)
918 5817 971 5867 Pro
989 5813 1109 5880 βουλεύου
1127 5816 1218 5866 Codex
1235 5821 1476 5884 1ι811ιιιβουλιυιαι.
1511 5820 1581 5870 Nor.
1599 5821 1641 5868 89.
1660 5832 1717 5882 erip.
1735 5823 1761 5870 9.
1779 5821 1849 5899 832.
1873 5821 1924 5872 rita
1940 5819 1978 5870 δι’
1997 5818 2110 5890 άρρίνοιν
2125 5819 2178 5877 τός
2198 5825 2275 5884 βου-

386 5892 457 5946 ledor
473 5894 582 5960 παίδων,
600 5897 644 5948 ubl
661 5905 739 5955 vetus
755 5901 903 5963 interpres:
933 5915 1049 5952 munera
1066 5901 1159 5952 στινὶαι
1175 5903 1253 5966 aqut.
1346 5903 1375 5966 8)
1392 5903 1445 5955 Pro
1465 5903 1567 5972 πατέρα
1585 5901 1675 5954 Codex
1692 5905 1771 5956 babet
1787 5923 1852 5976 προ.
