4784 7068
559 667 564 676 ι
636 559 1480 636 nov.1usr1a.·r1r.xv111.
1594 535 1598 545 ’
1919 567 1997 640 εον

160 753 333 837 παραπλήσια
361 751 465 836 φόκτα.
507 752 728 834 παρακελεόεται
758 757 788 818 oi
814 751 880 829 νοός
900 762 931 820 ἐκ
951 752 1051 837 διαφό-
1094 757 1181 816 lubet
1199 763 1296 816 antero
1318 773 1378 831 eoa,
1400 757 1463 832 qni,
1486 771 1551 816 cum
1572 773 1611 816 ex
1632 757 1760 817 diversis
1780 761 1911 834 praediis
1932 763 1997 819 ori-

160 840 259 920 ρανὸθ)
289 840 469 922 ὁρμωμένους
497 845 605 923 χωρίων
634 839 740 924 γάμους
768 838 840 922 πρὸς
868 839 988 922 ἇλὴλους
1010 844 1050 919 (v.
1090 845 1194 918 glum
1226 844 1358 916 trahant,
1399 859 1493 914 usqne
1531 844 1569 899 ad
1601 844 1698 916 ipsius
1735 848 1998 920 promulgationem

162 924 299 1005 ἀλλήλους)
312 923 510 1005 συμβαλόντας
521 931 601 1008 μίγρι
614 933 664 1008 τῆς
680 925 768 987 αὐτοῦ
782 922 963 1006 ἐκφοιὴσεως
981 926 1052 988 δασ-
1094 930 1212 999 nuptias
1233 928 1310 984 inter
1332 943 1400 984 sese
1422 933 1645 1001 contraxerunt,
1673 944 1731 986 non
1752 932 1865 1004 vexari,
1886 945 1922 986 ao
1944 946 2000 988 neo

160 1007 394 1090 λυπραγμονὴτους
412 1008 417 1092 Ι
438 1011 483 1087 ⁰⁰)
507 1009 583 1084 alana,
611 1016 657 1072 καλ
685 1011 753 1090 μηδὲ
774 1008 920 1072 δύνασθαι
939 1009 989 1073 τόν
1010 1015 1051 1073 δι·
1092 1027 1180 1086 posse
1201 1011 1362 1086 (rusticos)
1382 1013 1440 1068 iam
1460 1013 1554 1086 [inter
1570 1013 1621 1087 se)
1644 1014 1816 1070 coniunctos
1837 1014 1998 1070 secundnm

161 1092 311 1173 οπότηνθῑ)
339 1097 516 1175 amanam)
543 1093 609 1168 noio
635 1099 721 1168 ίδίσυς
751 1096 791 1174 (ν.
812 1097 965 1176 ίδίονς)63)
988 1119 1051 1159 συν·
1094 1096 1350 1169 consuetudinem,
1372 1111 1447 1168 quae
1460 1101 1547 1153 antea
1567 1099 1694 1172 valebat,
1715 1098 1865 1154 ndomlno
1886 1099 1999 1172 divelli,

160 1183 296 1260 αφθίντας
325 1176 400 1242 κατόι
432 1176 466 1241 τό
500 1177 639 1262 πρότερον
672 1186 819 1261 κρατῆσαν
829 1181 875 1261 t¹⁴)
910 1180 995 1258 ἔθος,
1031 1177 1049 1262 ἢ
1095 1187 1146 1238 aut
1168 1182 1246 1256 cogi,
1267 1189 1301 1237 nt
1323 1187 1427 1237 terram
1449 1181 1487 1236 ad
1508 1197 1542 1238 se
1562 1184 1755 1254 pertinentem
1767 1183 1875 1256 colant,
1896 1199 1999 1239 verum

158 1260 349 1345 προσήκουσαν
361 1263 458 1336 αότοίς
474 1271 524 1345 γῆν
536 1261 826 1346 προσαναγκάζεινθδ)
839 1261 955 1338 τοότους
967 1289 1050 1348 γεωρ-
1094 1279 1150 1322 nec
1171 1281 1189 1322 a
1209 1265 1379 1338 parentibus
1399 1265 1507 1322 liberos
1533 1271 1687 1338 praetextu
1708 1267 1884 1324 conditionis
1904 1268 2000 1323 rusti-

158 1362 218 1430 γείν,
250 1345 324 1410 oilla
353 1348 421 1428 μηδὲ
447 1356 503 1410 τῶν
531 1354 630 1423 γονέων
657 1347 847 1429 ἀφαιρεῖσθαι
870 1345 964 1429 hilm)
986 1349 1052 1422 τοὺς
1094 1365 1186 1407 canae
1216 1350 1327 1422 abripi,
1361 1350 1429 1422 sed,
1467 1351 1582 1422 siquid
1608 1353 1667 1407 tale
1687 1353 1797 1408 tactum
1826 1354 1880 1424 sit,
1908 1350 1999 1426 (hoo)

158 1437 252 1504 παῖδας
271 1429 416 1512 προφάσει
436 1429 520 1513 τόχης
548 1441 711 1516 γευργικῆς,
739 1431 808 1494 ἀλλ’
832 1434 864 1495 εί
877 1457 904 1495 τι
925 1441 1052 1496 τοιοῦτον
1094 1435 1214 1508 corrigi,
1236 1439 1275 1504 et,
1298 1435 1363 1490 sive
1378 1435 1546 1510 contigerit,
1566 1441 1600 1493 ut
1620 1435 1704 1492 liberi
1719 1438 1832 1507 abrepti
1844 1437 1912 1506 sint,
1934 1436 2000 1492 sivo

157 1523 260 1598 γέγονεν,
280 1523 523 1597 ἐπανορθωθῆναι
545 1521 600 1594 κα),
621 1519 692 1580 εἷται
713 1517 752 1596 (v.
761 1515 828 1595 είτε)
850 1522 954 1591 παῖδας
966 1519 1049 1598 apaa-
1093 1520 1242 1592 mulieres,
1263 1519 1316 1576 tros
1327 1519 1496 1590 parentinus
1512 1522 1595 1578 reddi
1612 1523 1675 1577 snis
1690 1527 1742 1578 aut
1756 1522 1943 1595 coniugibus,
1956 1521 2000 1576 ita

158 1608 268 1680 ρεθῆναι
289 1605 470 1682 συμβίβηκεν,
498 1602 553 1664 εἴτε
580 1615 711 1684 γυναῖκας
719 1601 780 1684 ⁶⁷),
807 1600 925 1675 τοότους
946 1603 1050 1666 ἄποδα·
1092 1609 1126 1660 ut
1147 1605 1178 1678 λλ,
1201 1605 1251 1675 φιλ
1272 1603 1392 1674 praedia
1413 1606 1643 1680 acquisiverunt,
1666 1607 1837 1662 coniunctos
1859 1611 1910 1662 aut
1931 1605 2001 1662 inde

157 1693 236 1764 θῆναι
261 1699 321 1758 τοῖς
348 1689 426 1756 ι’δίοις
454 1685 494 1764 (ν.
524 1686 615 1768 ἰδίοις)
646 1693 770 1768 γονεῦσιν
790 1683 807 1766 ἢ
830 1692 981 1762 συνοίκοις,
1016 1687 1050 1749 osi
1092 1693 1177 1746 natos
1205 1689 1313 1744 liberos
1341 1689 1513 1744 abstrahere
1547 1707 1605 1747 non
1633 1691 1757 1762 possint.
1799 1691 1875 1747 Nam
1905 1691 1932 1746 si
1961 1705 1999 1746 ex

158 1773 304 1848 δυναμένων
324 1777 381 1832 τῶν
401 1767 437 1832 τόι
458 1775 547 1852 χωρία
555 1773 601 1852 ⁶⁸)
623 1775 785 1851 κεκτιμίνων
807 1771 847 1850 (v.
867 1773 1050 1853 κεκτημένων)
1091 1774 1139 1829 hie
1170 1771 1281 1844 ailquid
1314 1774 1414 1829 faeere
1445 1779 1601 1848 conentur,
1635 1776 1671 1830 de
1707 1776 1771 1846 ipso
1798 1774 1929 1846 praedio,
1950 1773 1999 1830 cui

158 1853 275 1932 όφίλκειν
295 1851 361 1926 τοὺς
383 1852 593 1929 συναλόξαντας
620 1857 660 1932 (ν.
682 1854 924 1936 συναλλάξαντας)
946 1854 963 1937 ἢ
984 1854 1051 1930 τοὺς
1090 1859 1218 1914 rusticos
1251 1857 1402 1914 vindicare
1435 1865 1592 1933 conamur,
1623 1860 1835 1932 periclitantur.
1876 1861 2000 1930 Scripta

159 1945 278 1999 ἐντεῦθεν
305 1944 458 2019 τεχθέντος
486 1945 591 2013 παῖδας
604 1943 659 2020 ⁶⁹).
701 1945 758 2002 τῶν
784 1940 837 2022 γὰρ
865 1937 998 2003 τοισίαων
1023 1965 1052 2004 τι
1092 1943 1297 2000 circuiendis
1324 1943 1418 2000 Μσίίε
1437 1945 1556 2016 imperti
1582 1945 1748 2002 lattiniani
1767 1959 1850 2002 anno
1928 1949 1999 2016 port
2033 1965 2041 1979 ·

159 2022 254 2102 πρᾶξαι
265 2029 434 2103 πειρομίνονν
447 2023 489 2104 (v.
503 2022 754 2106 aerompiamv)⁸⁹¹')
769 2029 833 2108 περὶ
848 2023 919 2087 αὐτὸ
930 2027 976 2106 ⁷⁰)
997 2049 1051 2088 κιν·
1093 2029 1281 2086 consulatum
1915 2057 1918 2064 Δ

158 2104 253 2169 laria
278 2105 312 2170 τό
340 2113 455 2189 χωρίον,
491 2101 631 2204 ᾦδδῆθεν
660 2116 790 2193 πειρᾶται
817 2107 885 2182 τοὺς
912 2107 1052 2192 γεωργοὺς

159 2195 268 2254 ἐκδικεῖν.
309 2191 392 2274 Ἐγρ
419 2197 549 2256 καλαν,
577 2197 705 2257 Μαίων
726 2191 836 2274 ις’.“)
857 2198 1052 2276 βασιλείας

157 2273 409 2340 ’λουστινιανοῦ
430 2278 475 2356 (v.
498 2278 777 2359 Ἰσοστινιανοῦ)
798 2277 874 2342 τό..
891 2281 936 2360 ¹²)
957 2274 1050 2359 μετόι

160 2357 216 2440 τὴν
234 2360 414 2424 ὑπατείαν
502 2363 557 2442 ⁷³).

249 2543 286 2634 ζ’.
296 2547 342 2628 ⁷⁴)
375 2543 540 2647 περὶτῶν
548 2549 833 2648 χαμεορετῶνλλ)
852 2551 1000 2649 βρεφῶν.
1192 2543 1317 2623 Conso.
1344 2545 1379 2618 ⁷.
1430 2545 1487 2622 De
1511 2544 1698 2622 infantibus
1724 2544 1907 2646 expositio.

231 2731 260 2795 Ὁ
279 2727 366 2804 αὐτὸς
392 2729 522 2815 βασιλεὺς
539 2731 677 2814 Ἡλίιγλθ)
707 2730 819 2818 ἐπάρχῳ
831 2733 876 2813 ⁷⁷)
905 2738 956 2796 τοῦ
981 2733 1048 2797 Ἰλυ-
1172 2735 1253 2792 idem
1279 2735 1436 2808 imperator
1462 2737 1547 2794 litiae
1583 2736 1733 2810 praelecto
1758 2735 1882 2808 Illyrici.
1925 2735 1998 2796 Crt-
2014 2734 2074 2779 nov.
2092 2731 2147 2777 ¹⁵³·

160 2822 228 2897 ραοῦ
249 2819 287 2896 (v.
306 2816 474 2898 Ἰλλυρικοῦ)
484 2819 538 2898 ⁷⁸).
576 2814 751 2901 Ἐγκλημα
771 2827 813 2900 τῇ
822 2844 836 2892 ς
863 2818 1048 2902 όνθρααί-
1089 2835 1157 2878 rnen
1179 2839 1200 2880 α
1220 2837 1310 2880 aenan
1329 2821 1461 2880 humano
1481 2825 1621 2880 αίλεηιιπι.

162 2927 213 2981 της
236 2897 370 2984 γνώμης
391 2901 600 2984 ἀλλότριον.

237 3033 278 3100 Τὰ
305 3033 385 3117 παρὰ
410 3037 608 3118 deonanti)
637 3041 801 3118 ἐκτιθίμενα
827 3041 915 3119 βρίφη
942 3043 980 3110 είς
1001 3033 1047 3119 ῥό·
1171 3043 1316 3098 Praesens
1338 3043 1430 3097 torma
1451 3042 1634 3115 pragmatica
1654 3042 1801 3115 infantes,
1831 3041 1881 3112 qul
1902 3057 1920 3096 a
1941 3040 1998 3097 δο-

158 3122 259 3203 μοςθθ)
288 3118 305 3203 ἢ
333 3124 477 3202 ἐκκλησίας
505 3119 652 3201 ἢλτέρους
678 3119 786 3196 τόπους
813 3126 940 3204 δονλικῆς
960 3145 1046 3184 κατα·
1088 3125 1176 3183 minis
1192 3125 1222 3180 in
1241 3124 1318 3182 vicis
1339 3132 1390 3182 aut
1411 3127 1548 3182 ecclesiis
1570 3127 1785 3183 autaliislocis
1804 3131 1997 3198 exponuntur,

161 3203 276 3280 στόσαος
301 3205 527 3284 caesaraeam)
563 3203 701 3288 ελεόθερα
721 3211 883 3289 παραυτίκα
904 3207 972 3269 εἶναι
993 3231 1046 3268 πα·
1088 3211 1114 3264 si
1136 3211 1253 3266 servilis
1275 3211 1450 3267 conditionis
1472 3213 1548 3282 sint,
1569 3211 1668 3266 statim
1690 3212 1797 3267 liberos
1819 3211 1882 3266 iteri
1904 3211 1996 3281 iubet,

159 3289 321 3370 ρακελεόεται
348 3289 363 3353 ὁ
394 3287 488 3371 παρόν
518 3289 559 3368 (v.
580 3288 749 3371 παρώφθη
778 3289 973 3372 πραγματικός
1000 3289 1045 3352 τό·
1088 3295 1145 3350 etsi
1173 3301 1254 3350 actor
1286 3296 1471 3352 manifestam
1499 3297 1605 3352 habeat
1629 3297 1843 3367 probationem,
1882 3299 1915 3350 nt
1946 3301 1997 3349 ta·
2023 3325 2026 3340 ·

158 3399 215 3448 πος,
233 3373 281 3437 aiv
299 3371 416 3456 όκριβης
428 3399 470 3448 τις
479 3373 526 3454 ⁸³)
548 3373 685 3448 σόστασις
705 3373 783 3456 όιιόρ
803 3375 808 3459 l
828 3377 873 3456 ⁸⁴)
888 3377 927 3450 ξεν
948 3375 1045 3454 sotii)
1087 3379 1145 3436 lem
1172 3394 1325 3450 personam
1346 3381 1377 3436 in
1406 3395 1459 3436 suo
1487 3379 1613 3436 dominio
1641 3396 1709 3436 esse
1730 3380 1874 3436 ostendat.
1917 3380 1997 3436 Nota

157 3460 268 3540 διάγοντι
288 3466 325 3532 είς
345 3457 378 3522 τὸ
400 3459 487 3532 δεῖξαι
512 3457 545 3522 τό
575 3467 701 3522 τοιοῦτον
727 3457 883 3542 πρόσωπον
908 3465 1048 3542 διαφέρειν
1090 3467 1119 3518 et
1141 3465 1224 3536 hinc,
1252 3463 1413 3536 dominum,
1442 3465 1492 3534 qni
1520 3479 1637 3522 servum
1659 3481 1743 3522 auum
1765 3467 1917 3538 aegrotum
1939 3479 1996 3520 ne-

158 3549 190 3622 τῇ
215 3544 295 3607 αι’τοῦ
325 3547 487 3622 δεσποτεία.
528 3543 737 3624 σημείωσαιθθ)
764 3549 811 3608 καλ
831 3551 975 3618 ίντεῦθεν,
1004 3537 1049 3608 ότι
1071 3549 1202 3622 .gligat,
1230 3549 1295 3604 elus
1317 3549 1474 3605 dominium
1503 3549 1652 3622 amittere,
1681 3555 1711 3606 et
1738 3565 1819 3622 eum,
1848 3548 1898 3618 qui
1921 3549 1996 3604 haec
2104 3551 2112 3564 “

159 3635 321 3710 περιφρονῶν
335 3627 352 3690 ό
365 3626 504 3708 δεσπότης
517 3628 711 3701 ἀσθενοῦντος
724 3636 775 3692 τοῦ
790 3632 944 3709 canaan)
960 3628 1049 3691 αὐτοῦ
1090 3639 1197 3708 patret,
1218 3633 1328 3692 ultimis
1349 3633 1514 3689 subiectum
1536 3649 1602 3689 esse
1625 3634 1740 3706 poenis,
1763 3639 1792 3691 et
1812 3637 1997 3705 praesentem
2074 3683 2087 3708 ,

159 3717 272 3775 ἐκπίπτει
284 3721 335 3792 τῆς
349 3712 397 3775 ἐπ’
412 3712 489 3790 αὐτῷ
503 3717 675 3787 δεσποτείας,
695 3717 743 3774 καλ
764 3707 809 3776 ότι
829 3711 960 3795 ἐσχάταις
980 3710 1050 3778 ὑπό·
1090 3721 1303 3793 pragmaticam
1331 3719 1467 3790 termam,
1496 3733 1561 3774 cum
1593 3719 1782 3793 generalibus
1813 3717 1913 3772 verbis
1940 3731 1997 3772 usa

158 3821 239 3858 κειται
250 3800 392 3879 τιμωρίαις
405 3796 421 3859 ό
436 3794 593 3876 τοότοιςθθ)
608 3797 936 3880 ἐνγειρῶν(ν.ἐγγειρῶν>,
950 3802 996 3859 καὶ
1005 3791 1050 3860 ότι
1093 3803 1146 3874 ελί,
1176 3819 1227 3876 pro
1249 3805 1317 3878 lege
1344 3803 1447 3860 mento
1469 3802 1599 3860 habitum
1619 3804 1666 3860 iri.
1707 3804 1778 3861 Dat.
1800 3803 1905 3860 Idibus
1926 3803 1995 3857 De·-

159 3879 281 3964 όπαρόνν
296 3879 489 3963 πραγματικός
500 3879 589 3954 τόπος
608 3895 723 3962 γευστοῖς
741 3881 916 3966 χρησάμενος
929 3880 1052 3964 ῥήμασιν
1091 3889 1200 3948 camir.
1229 3889 1348 3962 imperii
1381 3887 1546 3945 lacrimam·
1576 3903 1658 3946 anno
1693 3890 1742 3946 15.
1771 3886 1885 3946 Basilio
1918 3901 1995 3945 eon-

158 3961 235 4043 νόμος
251 3963 360 4040 εἰκότως
381 3963 562 4047 νοηθὴσεται
589 3967 659 4034 εἶς’.
682 3964 739 4030 ιδ’.
761 3972 930 4050 Δεκεμβρ.
952 3971 1051 4048 βασι·
1092 3973 1165 4031 aule.

159 4051 249 4124 λείας
268 4052 528 4114 Ἱσυστινιανοῦ
556 4050 596 4132 (v.
621 4050 905 4134 ’1ουστινιάνοθ)
937 4049 977 4114 τό
1001 4047 1050 4114 ιε’.

157 4133 327 4211 ὑπατείας
353 4137 566 4200 Βασιλείαν.

247 4276 347 4421 δ’δ’)
377 4317 462 4422 περὶ
486 4324 559 4394 τῶν
583 4319 864 4417 seraptenas.
1190 4321 1315 4401 Consi.
1341 4321 1376 4397 8.
1415 4323 1474 4400 De
1497 4321 1573 4415 his,
1598 4321 1656 4422 qui
1681 4331 1845 4398 castrant

229 4506 260 4572 ‘0
283 4504 371 4580 αότός
391 4505 522 4590 βασιλεὺς
543 4507 745 4592 maantam)
766 4505 919 4590 κόμητιθῐ)
947 4505 1047 4592 πριβό-
1171 4513 1252 4570 Idem
1273 4514 1430 4588 imperator
1450 4511 1627 4571 Marthama
1647 4511 1747 4572 comiti
1773 4529 1870 4570 rerum
1891 4509 1996 4584 priva·
2012 4532 2070 4575 sav.
2091 4525 2146 4573 rra.

158 4591 360 4742 ρεηρκόηίὲῖδ)
387 4589 487 4674 παρὰ
520 4598 587 4656 τῶν
614 4591 683 4676 πρὸ
714 4593 870 4676 ἡμῶν93)
904 4595 1047 4676 βεβασι-
1087 4601 1221 4743 mist
1236 4599 1321 4669 Quae
1349 4601 1388 4658 οδ
1419 4599 1473 4676 iio,
1501 4601 1554 4673 qui
1581 4603 1652 4658 ante
1681 4615 1736 4658 noa
1762 4601 1922 4682 imperinm
1947 4602 1997 4655 te-

250 4927 527 5002 remoraremur.
596 4929 644 4992 ω)
661 4929 752 4986 Codex
768 4928 1051 5002 όπολυπραγμυνήτον.
1085 4935 1183 4998 lneipit
1199 4934 1247 4984 iol.
1265 4933 1322 4984 179.
1340 4937 1375 4984 Α.
1456 4937 1502 4997 or]
1520 4939 1573 4990 l’ro
1590 4931 1743 4988 verberor
1760 4927 1888 4994 δεσπότην
1904 4927 1996 4979 Cortex

158 4993 234 5042 habet
247 4999 291 5045 τιίν
307 4997 446 5048 δεσποτῶν.
515 4999 562 5058 99)
579 4999 669 5051 Codex
687 4999 731 5052 διὰ
747 5005 801 5052 πᾶν
818 5001 897 5050 habet
913 5013 961 5062 pro
978 5014 1046 5050 voce
1063 5001 1185 5054 διασπᾶν.
1219 5003 1287 5052 Νον.
1314 5003 1370 5052 ian.
1395 5016 1452 5067 cap.
1477 5005 1502 5054 1.
1526 5005 1648 5058 διασπᾶν.
1723 5003 1769 5060 69)
1786 5003 1840 5050 Pro
1857 4995 1937 5052 ἰδίους
1954 4997 1995 5046 le-

155 5063 263 5122 gendnm
277 5064 457 5116 vitietur’esse
473 5059 532 5131 ἤδη.
567 5069 633 5118 Nov.
651 5069 709 5118 int.
728 5067 786 5132 oapi
803 5067 828 5118 1.
845 5065 906 5124 τοὺς
925 5063 971 5132 ἤδη
990 5072 1178 5128 συναφθέντος.
1237 5071 1284 5128 oi)
1303 5069 1393 5120 Codex
1410 5071 1549 5140 κρατῆσαν.
1606 5075 1652 5128 tid)
1669 5070 1734 5121 cod.
1751 5065 1816 5137 πρὸς
1832 5060 1994 5126 ἀναγκάζετ’·

155 5129 203 5186 66)
225 5128 306 5196 Vari
325 5137 403 5182 arceis
419 5147 435 5182 a
450 5145 495 5196 pne
512 5137 617 5185 inclusa
633 5142 682 5198 est,
700 5139 769 5202 qrrla,
787 5149 838 5200 qno
854 5139 997 5198 pertineat,
1014 5149 1068 5186 non
1084 5141 1149 5188 satis
1167 5145 1281 5187 constat.
1315 5139 1398 5188 Deest
1415 5145 1442 5189 ei
1458 5144 1488 5190 in
1504 5141 1572 5190 Nor.
1589 5139 1647 5190 iot.
1665 5151 1723 5200 cap.
1741 5136 1766 5186 1.
1838 5135 1885 5192 67)
1903 5131 1995 5182 0⁰⁶0!

154 5189 260 5256 γιααιῗ.
300 5201 353 5260 ’98)
370 5201 424 5250 Pro
442 5213 508 5252 voce
522 5203 603 5272 χοιρία
622 5203 687 5254 Cod.
702 5203 787 5272 χορός.
840 5203 886 5262 99)
903 5203 968 5252 cod.
985 5203 1089 5260 παιδος.
1141 5207 1205 5266 oen)
1221 5205 1460 5276 Ιιεμειρῶμινσς.
1511 5208 1557 5267 70)
1575 5208 1628 5256 Pro
1645 5206 1705 5274 περὶ
1721 5199 1788 5254 oiri
1805 5201 1872 5252 Ceti.
1888 5197 1996 5268 πριατό.

155 5265 218 5312 Noe.
238 5265 292 5316 tot.
310 5281 368 5332 cap.
386 5267 411 5333 1.
445 5269 490 5318 καλ
506 5271 566 5337 περὶ
582 5268 648 5320 αὐτὸ
666 5269 822 5320 κινδυνεύσει
838 5269 869 5319 τό
884 5270 986 5340 χοιρίον.
1053 5273 1099 5333 71)
1119 5273 1209 5324 Codex
1226 5273 1257 5331 ις’
1275 5275 1362 5338 hebet,
1380 5276 1449 5339 qaod
1467 5279 1552 5324 tamen
1570 5275 1604 5324 ad
1621 5275 1771 5323 litterarum
1788 5267 1824 5326 ιζ’
1842 5267 1997 5318 similitudi-

154 5343 210 5380 nem
227 5335 339 5384 neocdat.
373 5335 488 5386 Videtur
505 5337 681 5388 demonstrari
699 5343 762 5387 nota
778 5337 865 5402 „CP.“
882 5341 933 5388 hoo
950 5345 992 5388 est
1010 5339 1253 5406 Constantinopoli.
1321 5344 1367 5402 79)
1385 5346 1458 5394 liaeo
1475 5345 1570 5392 lacuna
1588 5346 1616 5392 in
1633 5337 1733 5390 Cotioe
1750 5351 1804 5389 non
1821 5339 1995 5398 conspicitur.
2096 5393 2101 5406 ι

154 5397 197 5458 79)
212 5402 281 5452 Finis
298 5404 501 5466 sarbacriptionts
518 5406 601 5454 deest.
636 5407 667 5456 ln
684 5405 783 5455 Codice
800 5407 866 5456 liaeo
883 5407 980 5456 lactura
997 5413 1088 5458 notata
1106 5422 1158 5458 non
1177 5412 1226 5458 est.
1260 5412 1429 5474 Sortmgerne
1451 5409 1483 5458 ad
1501 5423 1599 5459 anniam
1621 5411 1680 5458 aaa.
1702 5410 1770 5458 lano
1787 5408 1875 5469 legem
1894 5404 1995 5453 rendit.

154 5467 231 5524 ticam
247 5477 333 5520 tamen
351 5473 504 5534 opinionem
522 5473 618 5522 falsam
635 5485 696 5523 esso
713 5478 741 5523 et
757 5475 886 5524 Biencrus
904 5477 931 5522 in
950 5476 1062 5526 historia
1079 5477 1250 5528 Novellarunr
1267 5493 1293 5540 p.
1316 5480 1375 5528 929.
1398 5479 1558 5540 observavit,
1576 5483 1604 5527 cn
1620 5477 1795 5536 Athanasius,
1829 5476 1875 5536 qni
1897 5483 1996 5522 annum

154 5535 249 5596 imperii
266 5543 408 5601 notaverit,
425 5541 506 5589 tacite
524 5541 694 5592 demonstrat.
762 5543 809 5601 7-1)
826 5543 869 5592 Ad
887 5547 1033 5606 marginem
1050 5543 1123 5608 ρμβ.
1191 5545 1238 5602 75)
1255 5545 1346 5596 Codex
1374 5562 1470 5613 γαμερι
1488 5547 1547 5595 τῶν.
1582 5543 1674 5594 Codex
1692 5545 1720 5592 9.
1735 5543 1905 5608 χααιβρίτιιν.
1941 5537 1996 5587 Co-

153 5600 201 5649 dex
216 5605 245 5654 z.
260 5617 355 5656 rocem
372 5609 422 5658 τῶν
440 5611 547 5657 omittit.
614 5608 914 5668 ancaranulam.
988 5611 1034 5670 77)
1053 5612 1143 5662 Codex
1160 5613 1239 5664 habet
1257 5617 1356 5664 ίαοίιιια
1374 5611 1449 5682 inan.
1530 5613 1576 5670 78)
1594 5611 1659 5660 cod.
1677 5614 1705 5660 B.
1722 5608 1869 5676 Ἠλαρικσῦ.
1904 5605 1996 5656 Codex
2083 5630 2093 5655 .

153 5667 228 5721 Ml
312 5676 332 5722 “.
433 5675 480 5734 79)
499 5675 563 5726 Coti.
581 5677 609 5724 B.
628 5675 766 5728 δεσπόταιν.
802 5677 867 5728 (lod.
885 5681 917 5727 Z.
934 5679 985 5730 τῶν
1002 5678 1140 5730 δεσποτῶν.
1242 5679 1287 5738 ffl)
1311 5679 1375 5730 Cori.
1393 5681 1422 5728 fl.
1439 5677 1528 5748 (λήμας.
1631 5680 1677 5738 81)
1701 5679 1766 5730 cod.
1784 5679 1813 5725 u.
1831 5669 1997 5726 καθεστῶτα.
2068 5696 2091 5720 ιι
2114 5688 2136 5710 ··

152 5735 230 5795 OEJc
277 5755 295 5790 x
311 5743 341 5790 li.
358 5743 456 5812 πειρῶν.
524 5745 571 5804 89)
588 5745 641 5796 Pro
658 5763 698 5800 τις
716 5745 805 5795 Codex
823 5747 901 5795 nabet
918 5735 955 5811 ἧς.
992 5745 1055 5797 Cod.
1074 5749 1103 5795 B.
1121 5747 1168 5803 τίς.
1235 5747 1584 5810 et)1ncrpitroi.tro.u.
1651 5749 1697 5806 8³)
1715 5748 1768 5796 Pro
1786 5746 1821 5808 τῷ
1836 5743 1929 5794 Codex
1945 5742 1996 5790 lra-

152 5802 194 5853 oea
209 5807 245 5858 τό.
343 5810 390 5870 Sti)
408 5811 498 5864 Cortex
515 5813 569 5882 ipa.
673 5813 719 5872 87)
737 5813 827 5864 Codex
844 5811 953 5866 ολιιτοῦ.
1043 5817 1090 5874 88)
1108 5815 1198 5866 Codex
1215 5817 1328 5872 τοῦσοις.
1430 5817 1477 5872 89)
1496 5815 1586 5864 Codex
1605 5813 1673 5881 (σμγ’.
1690 5816 1723 5866 ad
1740 5815 1888 5876 marginem
1906 5811 1994 5858 nabet.

150 5871 195 5931 ⁰⁰]
210 5873 296 5931 Codex
306 5876 456 5950 Μαρθαιῇ.
542 5865 587 5941 it)
606 5879 695 5932 Codex
711 5883 742 5932 Β.
759 5879 864 5946 culpan.
950 5883 997 5942 97)
1015 5884 1066 5934 Pro
1084 5882 1114 5934 at
1131 5883 1221 5934 Codex
1237 5883 1316 5934 habet
1332 5877 1357 5948 ι).
1393 5881 1484 5933 Codex
1502 5885 1530 5932 9.
1548 5884 1627 5934 λεαίνει
1644 5881 1674 5934 εἰ.
1776 5884 1824 5940 99)
1848 5879 1938 5932 Codex
1964 5877 1994 5925 n.

146 5945 271 6014 προημῶτ.
