4748 7074
976 555 1210 626 earur
1264 557 1325 624 111.
1893 544 1902 559 '
1998 559 2074 630 aar

224 741 370 830 nomine,
391 758 513 828 σοηοο,
548 759 611 826 qua
632 746 742 806 aetate
762 745 875 808 noster
896 739 1107 810 Basilicarum
1129 743 1290 830 interpres
1312 741 1412 822 vixit,
1443 739 1586 830 Digesto
1606 747 1662 810 nut
1683 739 1799 812 Codex
1826 745 1860 811 in
1882 745 2080 816 Graeesmm

222 845 436 930 interpretum
463 843 608 908 manibus
637 842 771 908 luerunt.
825 842 917 907 vixit
939 845 1039 931 enim,
1072 851 1106 910 ut
1134 863 1178 910 ex
1198 845 1424 929 imperatorum
1444 843 1596 909 Novellis
1618 843 1670 910 hic
1691 845 1757 910 illic
1779 845 1918 914 laudatis
1940 855 2081 938 constat,

221 945 355 1010 saecuto
385 964 415 1030 p.
440 941 522 1008 Chr:
539 947 646 1008 natum
674 943 840 1010 undecimo
870 943 923 1009 vel
951 944 1064 1030 elapso
1092 945 1146 1012 vel
1172 953 1263 1010 certe
1291 944 1333 1010 ud
1361 943 1453 1010 linem
1479 940 1705 1036 vergenteq,
1738 947 1852 1032 quibus
1884 949 2080 1034 temporibus

220 1045 344 1110 nullum
372 1045 476 1110 tuisse
497 1043 706 1126 Digestorum
738 1043 930 1130 Codicisque
958 1065 1017 1129 per
1038 1051 1140 1110 totum
1160 1045 1323 1130 imperium
1345 1041 1515 1110 Orientale
1544 1067 1634 1112 usum
1663 1053 1739 1134 post
1760 1046 1895 1112 Bieneri
1916 1067 2081 1134 meamque

217 1145 473 1230 disputationem
494 1163 586 1208 neruo
609 1145 775 1230 quisquam
798 1139 1013 1234 turbinatior).
1057 1145 1213 1229 Numquis
1233 1149 1341 1210 autem
1363 1146 1485 1234 eredat,
1507 1144 1648 1232 Digesta
1670 1145 1884 1234 codicemque
1905 1155 1988 1230 tum,
2010 1168 2081 1214 eum

215 1265 257 1312 ue
275 1248 466 1330 legerentur
482 1245 620 1330 quidem,
640 1247 877 1312 commentariis
893 1246 993 1311 luisse
1009 1238 1200 1312 illustrata?
1223 1283 1262 1294 -—
1286 1245 1433 1310 Transeo
1450 1246 1492 1311 ad
1509 1249 1592 1314 alias
1613 1266 1749 1314 caussas
1763 1247 1960 1336 reddendas,
1981 1267 2080 1334 quare

217 1345 387 1412 Conrrreai
406 1346 490 1414 tides
512 1353 667 1430 suspecta
697 1365 774 1412 esse
802 1346 963 1412 videatur.
1015 1345 1178 1412 Laudavit
1206 1345 1330 1430 Baplrii
1355 1347 1561 1412 iureconsulti
1590 1351 1834 1415 commentarios
1863 1347 1904 1414 de
1926 1349 2080 1416 Basilieis

217 1441 436 1537 scriptos³),
463 1452 596 1512 secutus
623 1444 778 1512 uidelicet
803 1447 951 1512 Suaresii
980 1447 1159 1533 opinionem
1172 1443 1225 1532 ⁴),
1252 1449 1306 1534 qui
1333 1445 1500 1532 lluplriunt
1525 1447 1777 1518 iureconsultum
1804 1451 1907 1516 luisse
1929 1449 2079 1516 dixisset.

211 1549 251 1616 ld
280 1551 421 1615 nominis
442 1547 526 1612 inter
547 1542 636 1624 ἅπαξ
657 1544 810 1628 λεγόμενα
831 1548 1034 1614 referendum
1056 1555 1119 1613 est.
1163 1547 1337 1632 Reperitur
1359 1549 1391 1613 in
1414 1549 1625 1614 Basilicarum
1648 1551 1701 1626 lib.
1727 1547 1791 1616 ao.
1814 1552 1863 1616 tit.
1886 1548 1967 1638 48,
1989 1551 2080 1616 cuius

209 1649 265 1714 hie
302 1655 356 1715 est
383 1647 509 1713 titulusr
551 1643 649 1727 νόμος
677 1646 801 1730 Φάβιος
827 1651 896 1734 περὶ
924 1645 1203 1732 ἀνδραποδιστῶν,
1245 1649 1344 1714 them.
1366 1646 1402 1712 4.
1423 1649 1525 1714 schol.
1544 1670 1575 1734 ρ.
1604 1657 1678 1714 torn.
1706 1651 1781 1714 vti.
1802 1671 1834 1736 p.
1859 1649 1947 1716 787.
1975 1647 2078 1742 ΙΝ),

209 1751 267 1816 ubi
300 1748 503 1816 manifestum
525 1754 600 1834 est,
630 1765 688 1833 pro
714 1749 850 1835 Βορίου
872 1750 1092 1832 corrigendum
1120 1767 1197 1814 esse
1227 1748 1372 1832 Φαβίου,
1416 1749 1476 1815 boc
1504 1758 1557 1816 est
1583 1751 1667 1836 legis
1695 1751 1836 1838 Fabiae,
1878 1771 1960 1838 quae
1986 1759 2019 1818 et
2046 1755 2080 1816 iu

206 1853 272 1930 iis,
322 1868 405 1936 quae
432 1847 600 1936 postmodo
636 1848 723 1914 dieta
760 1853 854 1936 suut,
896 1845 914 1912 ὁ
944 1848 1068 1932 Φάβιος
1082 1845 1119 1938 ⁰)
1148 1847 1245 1915 audit.
1309 1850 1382 1916 lloe
1409 1853 1494 1916 enim
1522 1851 1735 1918 Basilicarum
1763 1851 1957 1916 scholiastes
1985 1851 2080 1919 dicit:

206 1955 287 2018 noti
319 1953 459 2034 arirarr',
497 1949 600 2034 qrrod,
636 1967 711 2014 συιιι
739 1947 950 2031 viperinam
976 1951 1202 2036 srapnrenlarn
1231 1946 1268 2014 6.
1303 1949 1357 2039 (in
1385 1949 1519 2016 Fabroti
1541 1951 1693 2016 Basilicis
1715 1958 1768 2018 est
1789 1953 1887 2020 them.
1910 1948 1969 2042 7.)
1998 1954 2080 2037 lepis

205 2049 353 2118 Fabiae
376 2049 582 2115 crinnnalenn
599 2066 743 2132 poerrarn
764 2067 837 2115 esre
857 2050 965 2136 dicat,
999 2053 1232 2135 pecuniae-ianr
1260 2067 1328 2114 non
1356 2051 1448 2136 ilem,
1488 2049 1551 2116 boc
1579 2055 1688 2118 tamen
1716 2051 1939 2118 Basilicarum
1968 2051 2078 2118 ίίιοοιιι

206 2151 330 2246 [quod
352 2151 436 2236 apud
458 2151 631 2214 Fabrotum
652 2167 782 2216 nurnero
804 2146 841 2214 4.
864 2152 1023 2234 signatum
1046 2147 1121 2240 est)
1147 2152 1379 2235 pecuniariam
1398 2169 1540 2234 poenam
1567 2155 1638 2218 eine
1665 2155 1746 2238 lepis
1766 2173 1839 2219 ease
1860 2153 1969 2238 dicul,
2005 2172 2079 2218 σιιιιι

203 2255 415 2340 praesertim
436 2252 470 2315 et
489 2253 594 2336 iprum
615 2249 725 2314 theoria
746 2249 783 2314 1.
805 2250 852 2314 ad
872 2251 973 2335 lepem
994 2250 1138 2318 Fabiano
1155 2253 1333 2336 pertineat.
1378 2249 1666 2317 Seterraumenim
1688 2272 1777 2340 erre,
1800 2255 1862 2341 ait,
1884 2253 1947 2318 lroc
1968 2251 2075 2318 llari-

206 2359 356 2424 b'cararn
377 2351 505 2437 theona,
527 2353 590 2416 etei
609 2349 656 2414 ad
676 2351 779 2435 leyen
800 2349 944 2417 Fabiano
962 2356 1146 2440 pertineat,
1169 2355 1205 2418 ιἰι
1225 2350 1376 2434 Dipeattr
1396 2351 1494 2416 aliter
1515 2356 1707 2438 conceptura
1728 2372 1800 2420 aare
1821 2357 1920 2440 atque
1942 2355 1977 2420 in
1999 2353 2073 2420 lla-

209 2459 319 2524 n'lr'eie
348 2451 521 2522 habeatur.
574 2452 690 2537 ltaque
719 2450 761 2517 ad
789 2453 861 2516 τοῦ
889 2455 1044 2530 ι’νδιιιος
1078 2453 1361 2518 ἀνολουδιιόιν
1388 2451 1448 2518 boc
1476 2459 1529 2518 est
1556 2453 1599 2519 ad
1626 2457 1833 2520 contractura
1860 2452 2076 2538 Dipeatorurn

211 2561 403 2624 amionem
424 2554 633 2640 provocavit,
654 2553 706 2617 uhi
727 2553 828 2618 verba
849 2551 1055 2637 Digestorum
1078 2555 1218 2638 genuina
1239 2559 1330 2620 reete
1352 2553 1512 2620 translata
1533 2554 1700 2621 hahentur.
1742 2553 1797 2620 Ex
1815 2554 1878 2642 bis,
1897 2561 1933 2618 ut
1954 2557 2078 2643 opinor,

221 2659 304 2726 satis
326 2658 441 2742 liquet,
474 2671 567 2739 quam
589 2673 652 2718 uon
674 2660 764 2718 reete
786 2648 968 2718 Comnenus
990 2653 1114 2738 Bnpbii
1134 2653 1340 2720 iureconsulti
1367 2655 1491 2720 scholia
1518 2653 1560 2720 ad
1593 2655 1804 2722 Basilicarum
1832 2656 1931 2720 libros
1953 2656 2077 2740 scripta

224 2756 434 2842 allegaverit.
455 2792 498 2803 -
518 2755 621 2820 Porro
643 2753 727 2820 idem
751 2751 940 2818 Cornnerrur
962 2757 1085 2822 scholia
1105 2755 1289 2820 Attaliatae
1310 2759 1344 2822 ct
1366 2755 1534 2840 Stephani
1554 2755 1596 2822 nd
1615 2755 1773 2842 Eulogam
1795 2757 1899 2842 legum
1920 2775 1941 2820 a
1961 2755 2077 2820 Leone

229 2867 261 2926 ct
285 2857 500 2924 Constantino
522 2857 702 2922 contectam
729 2850 929 2942 laudavit7).
978 2853 1064 2943 Sed,
1096 2857 1180 2942 quod
1205 2875 1290 2942 paee
1311 2857 1450 2922 virorum
1471 2857 1634 2924 doctorum
1653 2858 1808 2932 dixerim,
1842 2857 1894 2922 hie
1914 2856 2077 2922 falsarium

230 2961 319 3024 istum
340 2959 373 3022 in
394 2959 555 3042 flagranti,
575 2965 611 3022 ut
632 2957 732 3036 aiunt,
753 2955 1034 3040 deprehendimus.
1082 2957 1122 3020 ln
1143 2957 1363 3041 confingendis
1385 2959 1469 3022 enim
1491 2955 1656 3041 Stephani
1676 2959 1922 3044 Atlatialaeque
1943 2955 2077 3021 scholiis

231 3081 301 3126 usus
321 3065 373 3126 cst
394 3059 575 3124 Leunclavi
598 3058 739 3123 editione
766 3057 900 3140 eclogae
927 3058 1151 3140 imperatorum
1174 3057 1297 3122 Leonis
1319 3066 1352 3124 et
1377 3057 1598 3146 Constantini,
1621 3061 1673 3146 qui
1695 3060 1777 3124 liber
1796 3059 1837 3124 ab
1859 3060 1929 3144 ipso
1951 3057 2077 3122 editore

230 3181 268 3226 cx
288 3159 408 3226 duobus
430 3159 533 3242 legum
556 3156 753 3242 compendiis
774 3157 885 3222 mirum
909 3158 942 3220 in
963 3156 1090 3222 modum
1111 3159 1267 3224 eonllatus
1290 3165 1353 3224 est.
1387 3160 1519 3224 l’riores
1541 3161 1625 3226 enirn
1647 3161 1759 3225 decem
1780 3161 1865 3224 tituli
1886 3178 1929 3224 ex
1951 3175 2077 3242 epaun-

229 3281 304 3346 goge
324 3260 457 3346 Basilii,
493 3260 631 3345 Leonis,
663 3257 852 3326 ,Alexandri
879 3256 1018 3322 derivati
1047 3265 1143 3340 sunt,
1185 3257 1300 3344 reliqui
1332 3279 1375 3326 ex
1403 3261 1526 3326 Leonis
1555 3268 1590 3326 et
1624 3258 1831 3326 Constantini
1868 3259 1982 3342 ecloga
2010 3257 2071 3321 de·

227 3357 384 3451 promti⁸].
430 3361 473 3427 Ut
494 3359 627 3445 proinde
650 3358 832 3424 Comnenus
854 3357 935 3444 iste,
970 3358 1145 3426 Leunclavi
1165 3358 1294 3424 insidiis
1316 3361 1569 3438 circumuentus,
1598 3361 1671 3444 ipse
1691 3380 1804 3426 manus
1825 3360 1904 3425 dure
1927 3365 2070 3443 cogatur.

227 3463 378 3550 Numquid
401 3469 509 3528 autem
538 3460 751 3546 impudentius
777 3459 853 3543 tingi
881 3465 991 3544 potest
1023 3465 1078 3524 aut
1110 3460 1237 3526 omnino
1271 3461 1468 3548 excogitari,
1511 3479 1603 3546 quarn
1635 3459 1831 3528 Graecorum
1865 3461 2071 3544 interpretum

228 3563 339 3630 scholia
364 3563 406 3630 ad
435 3562 671 3629 eos·lihrorum
700 3560 811 3626 titulos
839 3559 1043 3646 themataque
1071 3561 1229 3647 recitare,
1271 3560 1312 3627 ad
1340 3579 1422 3648 quae
1454 3580 1496 3628 nc
1524 3567 1696 3646 potuerunt
1724 3561 1852 3648 quidem
1880 3551 2000 3627 scribi‘l
2031 3597 2071 3606 -

229 3791 601 3807 m

362 3953 391 4012 1)
408 3955 569 4001 assemanus
591 3952 712 4002 biblioth.
734 3953 801 4002 turis
826 3949 972 4002 orientialis
989 3953 1035 4000 lib.
1052 3953 1087 4001 11.
1105 3964 1162 4016 cap.
1182 3953 1224 4002 20.
1244 3953 1358 4003 tamn.
1376 3967 1401 4016 p.
1419 3951 1479 4002 547.
1516 3952 1670 4018 Ttpaeitum
1686 3955 1790 4004 saeculi
1805 3954 1840 4002 x.
1857 3951 2070 4002 iureconsultum

231 4045 281 4084 esse
296 4037 390 4096 valuit,
421 4037 593 4098 codicemque
615 4039 774 4086 Vaticanum
796 4037 856 4084 853.
877 4037 979 4084 saeculi
1003 4035 1136 4084 undecimi
1157 4041 1344 4100 antiquitatem
1368 4039 1506 4100 praeferre
1527 4040 1574 4086 att.
1614 4039 1687 4101 Ergo
1711 4051 1745 4088 ne
1768 4039 1836 4101 legit
1859 4037 1963 4100 quidem
1987 4041 2070 4084 totum

229 4117 271 4168 boc
285 4119 368 4182 legum
386 4131 493 4183 eorpus.
531 4119 604 4167 Idem
625 4121 653 4168 ln
671 4120 773 4168 codicis
790 4123 878 4168 aetnae
895 4119 1043 4168 delinienda
1061 4124 1172 4184 egregie
1189 4129 1272 4172 errat.
1313 4123 1361 4170 liat
1378 4125 1448 4170 enirn
1466 4121 1655 4185 bombycinus,
1673 4125 1700 4170 et
1717 4124 1819 4171 saeculi
1835 4123 1908 4170 xlv.
1926 4121 2070 4181 antiquita-

229 4205 275 4250 tem
290 4205 375 4252 relert.
493 4205 525 4262 2)
547 4204 616 4253 Vide
636 4205 744 4252 Bieneri
766 4203 877 4252 librum:
905 4203 956 4253 Die
975 4203 1131 4253 Geeelrtcbta
1147 4204 1197 4254 der
1214 4203 1344 4254 Nouellen
1368 4219 1394 4267 p.
1413 4204 1574 4266 tto—tor„
1603 4211 1631 4254 et
1654 4206 1751 4254 librom
1768 4206 1985 4254 observationum
2004 4203 2071 4252 iuris

231 4283 459 4337 Graeco-Romani
476 4301 564 4338 meum
580 4301 606 4349 p.
623 4287 743 4336 21-27.
860 4287 890 4344 5)
908 4289 989 4348 Resp.
1007 4288 1032 4336 a.
1049 4291 1115 4336 sect.
1132 4283 1160 4335 a.
1177 4301 1203 4350 p.
1220 4289 1293 4338 372:
1320 4290 1368 4338 aad
1391 4291 1449 4338 tres
1472 4301 1507 4338 ια
1531 4289 1645 4339 Graecis
1666 4292 1841 4354 οιιοσινιιαί,
1868 4289 1961 4338 Baetes
1984 4285 2072 4335 Cono-

229 4370 339 4434 ιίοιιίιιι,
362 4371 483 4436 Raphiae
499 4371 582 4420 τίιιίισ
603 4371 660 4422 Vati
688 4373 733 4434 (tn
756 4371 838 4422 ισίισί.
864 4371 901 4420 ad
924 4371 969 4420 tto.
987 4369 1016 4420 4.
1040 4371 1153 4420 Basilia.
1176 4373 1258 4421 sebai.
1277 4371 1345 4434 ³7.)
1369 4374 1396 4422 et
1415 4371 1613 4436 Theophilttzes
1631 4373 1768 4422 lt'omtcus.
1897 4372 1927 4430 4)
1944 4373 1974 4420 ln
1992 4371 2069 4418 notit.

229 4451 479 4517 antipxxxix.
497 4453 752 4520 ed.t>ontt,p.1au.
878 4457 908 4514 5)
926 4451 975 4520 Μὴ
995 4453 1156 4522 θαυμάσῃς,
1181 4459 1250 4518 noir,
1275 4456 1323 4504 τοῦ
1347 4456 1434 4510 πίλους
1458 4457 1506 4504 τοῦ
1530 4453 1567 4512 ς’.
1583 4475 1637 4514 nep.
1662 4453 1834 4514 άναφανιδιὸν
1851 4451 2072 4524 transponimur

229 4532 266 4584 ἐπί
280 4539 324 4588 τοῦ
341 4537 440 4602 Φαβίου
458 4535 539 4597 νόμου
555 4533 590 4602 μὴ
608 4527 675 4588 ιίναι
690 4534 851 4609 χρηματιιὴν
867 4536 974 4604 ποινήν,
991 4535 1073 4604 μόνην
1091 4537 1117 4586 δὲ
1135 4536 1319 4604 ἐγκληματικην
1336 4536 1494 4593 laeditur-oon
1511 4541 1577 4602 ἐχειν
1594 4537 1659 4604 πρὸς
1675 4535 1706 4588 τί
1724 4540 1910 4604 πλημμέλημα,
1937 4533 1969 4586 τὸ
1986 4530 2071 4604 παρὸν

226 4620 295 4668 τοῦτο
315 4620 451 4680 κεφάλαιον
474 4621 535 4692 περὶ
555 4624 713 4688 χρηματικῆς
736 4625 828 4688 ποινῆς
851 4621 997 4684 διαλίγεται
1020 4620 1047 4670 ἐν
1068 4623 1119 4672 τῶν
1140 4623 1189 4672 τοῦ
1207 4621 1311 4679 Βαφίου
1334 4623 1402 4686 (leg.
1427 4623 1540 4685 Φαβίου)
1562 4621 1681 4690 ῥημάτων
1699 4619 1729 4672 ὂν
1746 4625 1790 4673 ναὶ
1806 4621 1882 4694 adro.
1917 4616 1975 4669 ἀλλ’
2002 4618 2069 4676 taen

230 4697 364 4768 draconino,
382 4703 406 4756 εί
422 4705 465 4756 καί
482 4703 509 4753 ἐν
525 4706 576 4753 τῶν
592 4705 641 4754 τοῦ
660 4705 764 4765 Βαφίου
782 4709 849 4772 (leg.
868 4707 982 4771 Φαβίου)
999 4705 1119 4776 ῥημάτων
1137 4703 1220 4767 ἐστίν,
1243 4703 1303 4756 ἀλλ’
1322 4704 1516 4772 ἐκαινοτομηδη
1538 4702 1591 4756 ὑπὸ
1610 4709 1658 4756 τοῦ
1677 4706 1827 4758 Βασιλιιιοῡ.
1862 4705 1889 4754 ἐν
1906 4699 1955 4772 γὰρ
1972 4703 2005 4768 τῇ
2022 4701 2071 4750 τοῦ

227 4785 311 4846 ἐνίαις
325 4787 484 4854 άιισλσυδιίᾳ
502 4785 620 4849 teitaun
637 4790 704 4854 (leg.
722 4787 873 4850 ι’σαζὸμινα)
896 4791 994 4850 μᾶλλον
1018 4791 1056 4859 uqi
1076 4790 1144 4840 τέλιι
1160 4791 1209 4838 τοῦ
1227 4789 1262 4846 ς’.
1282 4788 1332 4852 διγ.
1350 4789 1470 4860 καὶπερὶ
1491 4792 1614 4856 τιμωρίας
1636 4788 1821 4855 ἐγκληματινῆς
1843 4786 1895 4837 ἐκεῖ
1915 4786 2069 4847 διαλέγεται.

227 4863 299 4930 οὗτος
312 4869 359 4943 γάρ
375 4870 466 4930 αὐτοῖς
483 4869 580 4942 ῥήμασι
597 4873 808 4944 ίγιιατίστροιται,·
827 4873 872 4924 ἐάν
886 4881 929 4931 ’τις
945 4872 1081 4938 ἐλεγχθείη
1098 4869 1130 4930 οίς
1147 4871 1263 4935 φυγάδας
1279 4871 1430 4942 ἀλλοτρίους
1448 4869 1648 4938 ὑποδεξάμενος,
1666 4875 1710 4924 καί
1727 4870 1893 4939 ἀποκρύψας,
1913 4867 1944 4919 οὐ
1962 4867 2071 4918 δύναται

227 4953 321 5006 τὸτοῦ
341 4957 440 5022 Φαβίου
463 4957 575 5022 ἔγκλημα
597 4955 731 5020 διαφυγεῖν
756 4955 885 5026 προφάσει
906 4959 954 5008 τοῦ
977 4954 1129 5014 δικάζεσθαι
1152 4957 1212 5024 περὶ
1236 4956 1386 5014 δεσποτείας
1408 4961 1456 5008 τοῦ
1479 4955 1581 5008 δούλου.
1715 4951 2066 5015 aspernanter-1·

227 5053 252 5100 p.
267 5039 320 5088 781.
334 5042 374 5104 Α,
393 5037 407 5091 ὁ
426 5038 524 5104 Φάβιος
539 5054 565 5102 p.
582 5041 641 5089 788.
659 5043 703 5103 Δ,
720 5057 746 5104 p.
763 5043 823 5090 789.
841 5041 880 5102 0.,
897 5055 922 5104 p.
939 5039 999 5090 791.
1016 5042 1050 5089 Δ.
1140 5041 1170 5098 7)
1188 5041 1269 5103 aesp.
1288 5043 1313 5090 5.
1331 5046 1399 5090 sect.
1416 5044 1441 5092 5.
1459 5057 1485 5106 p.
1502 5043 1561 5092 28¹2.
1580 5043 1618 5092 b.:
1637 5043 1768 5104 idipsam
1785 5053 1821 5089 ια
1838 5041 1939 5088 noento
1955 5039 2070 5088 δοσιιιτο

225 5121 361 5175 Attollatee
376 5125 423 5186 (in
441 5126 514 5173 notia
529 5125 566 5174 ad
582 5125 701 5188 Eetopen
718 5126 751 5174 L.
769 5126 824 5176 Leo
840 5127 867 5174 et
885 5124 977 5174 Const-
995 5122 1026 5172 A.
1045 5123 1078 5173 A.
1096 5125 1134 5174 art
1150 5123 1239 5174 176.
1257 5139 1285 5173 n.
1302 5126 1328 5174 2.
1351 5125 1417 5188 lira
1435 5125 1477 5190 ot,
1503 5123 1550 5177 τὸν
1571 5123 1685 5195 ἄρχοντα
1707 5123 1752 5178 ἔξω
1773 5125 1820 5187 τῆς
1840 5121 1965 5190 ἐπαρχίας
1985 5119 2070 5172 αὐτοῦ

227 5201 321 5272 ίδιιίτην
336 5197 410 5266 τίνοι,
429 5203 471 5257 ὅτι
489 5205 516 5256 dv
532 5208 568 5274 τῇ
584 5205 695 5277 ἐπαρχίᾳ
713 5206 779 5276 μόνη
795 5205 970 5258 πολιτεύεται.
989 5209 1063 5267 Quae
1080 5207 1185 5269 quidem
1200 5209 1370 5259 manifestum
1387 5215 1429 5260 est
1446 5215 1581 5274 pertinere
1598 5209 1630 5258 ad
1640 5208 1769 5270 Eelogam
1787 5207 1829 5253 ed.
1846 5207 1958 5255 Leunel.
1975 5207 2020 5256 vl.
2033 5207 2069 5268 2.,

221 5291 263 5340 abl
278 5293 338 5344 liaeo
355 5295 496 5356 leguntur:
520 5286 636 5360 ὁᾶρχοιν
652 5288 720 5341 κατά
735 5289 817 5354 μάνην
833 5287 882 5356 τὴν
899 5287 968 5340 ι’δίαν
985 5289 1113 5358 ἐπαρχίαν
1128 5281 1178 5357 τὴν
1194 5290 1312 5349 ἐξουσίαν
1330 5294 1390 5356 iper.
1416 5295 1461 5352 ἴξιν
1473 5292 1523 5364 γάρ
1541 5289 1638 5354 ταύτης
1656 5288 1758 5353 ίδιοίτης
1782 5288 1860 5339 ἐστίν.
1878 5315 1911 5324 -
1945 5293 2026 5353 neap.
2044 5292 2068 5337 6.

219 5381 279 5426 tect.
294 5377 318 5424 7.
335 5391 360 5438 p.
376 5376 452 5426 404:
470 5375 694 5439 quentudnrodum
716 5377 817 5426 arserit
838 5377 920 5425 etiam
942 5387 978 5424 τοι
996 5376 1100 5424 nostris
1116 5376 1182 5425 ante
1204 5375 1351 5428 Antoniam
1375 5380 1531 5442 Staprbanar
1548 5374 1632 5424 aare
1648 5377 1674 5425 et
1690 5374 1822 5438 mapieler
1839 5374 1885 5435 (tn
1901 5376 1983 5426 τσίιοί.
2001 5377 2069 5434 (sic)

218 5460 253 5508 οσ
266 5474 379 5524 compen.
398 5459 464 5523 Lep.
483 5457 565 5508 Leon.
583 5461 610 5508 et
628 5458 720 5508 Currat.
738 5459 776 5508 ad
793 5461 835 5509 ttt.
852 5457 904 5508 26.
922 5462 951 5508 tn
965 5456 1037 5522 tina)
1060 5471 1121 5508 αισι
1143 5459 1175 5508 de
1198 5463 1389 5512 eonarretndr'ne
1415 5459 1640 5522 philosophatus,
1663 5453 1695 5507 τὸ
1713 5457 1789 5520 ἴσος,
1812 5459 1866 5520 nit,
1887 5457 1930 5508 ναὶ
1953 5455 1984 5507 τὸ
2007 5460 2067 5508 ἐθι-

220 5557 263 5596 ιισν
278 5543 433 5612 διαφέρουσι.
460 5537 492 5590 τὸ
508 5537 559 5610 γάρ
576 5544 680 5609 πρῶτον
696 5543 798 5603 γτνιιιίς
820 5538 868 5609 τὴν
885 5539 1031 5607 συνήθειαν
1048 5541 1184 5606 σημαίνει,
1201 5537 1232 5592 τὸ
1250 5540 1275 5591 δ’
1293 5542 1379 5613 ἕτερον
1395 5539 1443 5607 τὴν
1460 5539 1606 5606 συνήθειαν
1623 5535 1675 5592 ὑπὸ
1694 5540 1759 5588 λαοῦ
1776 5536 2070 5605 άιι·ηφητί·είσινιγδτι”-
2162 5562 2166 5571 ·

223 5635 271 5674 σαν.
299 5626 339 5676 καί
355 5619 425 5690 αὕτη
442 5622 554 5694 μάρτυσι
576 5625 740 5693 στεριοῦται,
763 5621 811 5676 τάν
827 5626 870 5676 ναί
886 5623 922 5694 μὴ
939 5623 1065 5695 ἐνάρκσις,
1089 5619 1131 5675 ὅτι
1149 5622 1246 5696 φανερά
1263 5627 1306 5676 nai
1323 5622 1548 5690 ἀναμφισβήτητος
1565 5628 1620 5682 τοῖς
1636 5625 1882 5692 πολυπραγμονοῦσι
1899 5625 1958 5690 περὶ
1975 5625 2067 5690 αὐτῆς.

224 5703 285 5764 duae
302 5709 403 5772 quidem
421 5709 590 5758 manifestum
608 5713 649 5757 est
665 5711 801 5770 pertinere
817 5711 850 5759 ad
868 5713 908 5760 ttt.
925 5709 1023 5760 xxti.
1042 5710 1159 5772 Eulogae
1176 5711 1277 5760 Leonis
1295 5711 1337 5758 ed.
1355 5710 1476 5771 Leunoi,
1494 5711 1570 5758 ouius
1587 5709 1631 5759 bie
1649 5715 1691 5758 est
1713 5709 1819 5759 titulus:
1843 5708 1903 5778 περὶ
1919 5707 2064 5780 μαρτύρων.

223 5785 246 5846 ⁸)
260 5794 324 5844 Vide
341 5792 459 5844 ilduardi
473 5794 634 5866 ¹zrocbartuei
652 5794 801 5857 fragmenta
818 5795 951 5845 versionis
968 5793 1089 5846 Graecae
1105 5795 1208 5858 Legum
1225 5795 1352 5846 Rotbarts
1369 5807 1395 5856 p.
1412 5791 1517 5843 o-ta.
