4784 7068
1033 579 1520 650 'A'l'llANASIl

632 1121 706 1206 TI
714 1116 809 1208 ΤΛ
821 1121 903 1206 ΟΣ
932 1107 1036 1194 ⁶2⁰¹)
1577 1103 1885 1194 ninellus
1933 1107 1987 1191 X.

422 1343 525 1430 Περὶ
545 1337 683 1428 γάμων
703 1345 775 1410 eei
797 1345 1018 1428 ῥεπουδίων
1045 1345 1114 1409 καὶ
1135 1366 1243 1430 προι-
1371 1337 1428 1406 De
1449 1341 1576 1425 nuptiis
1597 1359 1639 1406 oo
1659 1340 1809 1425 repudiis
1830 1343 1864 1406 ei
1882 1342 2112 1410 instrumentis
2132 1344 2195 1412 do-

422 1425 525 1494 κόων
546 1435 592 1510 [v.
613 1426 838 1515 προικῴων)
866 1433 936 1494 καὶ
956 1434 1244 1515 προγαμιιιιόιν
1411 1421 1531 1490 toiibttt
1560 1427 1593 1490 ei
1612 1428 1691 1490 onie
1711 1428 1848 1510 napitas
1869 1423 2103 1492 dormitoruim
2123 1432 2156 1494 el

507 1515 662 1599 δωρεῶν
690 1518 758 1579 καὶ
788 1516 969 1597 γαμικῶν
995 1514 1158 1600 κερδῶν.
1612 1510 1716 1575 mnu
1743 1508 1956 1595 nuptialibus.

481 1697 525 1774 α’.
575 1696 658 1802 περὶ
689 1705 757 1774 τοῦ
787 1699 968 1800 patine)
1003 1697 1288 1790 incltyeoinffi')
1432 1693 1557 1772 Consi.
1584 1695 1619 1770 l.
1658 1699 1718 1771 De
1743 1694 1822 1787 hoc,
1846 1704 1884 1769 ut
1909 1696 2124 1793 (mulieres),
2149 1721 2239 1795 quae

381 1795 449 1892 τάς
475 1799 811 1903 δευτερογαμοάσας
842 1797 902 1875 κατ’
935 1797 1018 1902 περὶ
1043 1797 1158 1874 ἄλλων
1184 1829 1289 1902 uapu-
1331 1795 1506 1872 secundas
1538 1797 1677 1897 nuptias
1708 1797 1843 1887 ineunt,
1884 1821 1952 1872 non
1993 1799 2140 1898 amplius
2175 1799 2238 1873 lia-

381 1903 503 1977 λαίαν.
1332 1899 1435 1974 beant
1460 1897 1677 1992 electionem,
1703 1908 1739 1974 et
1764 1897 1810 1973 de
1835 1897 1915 1972 aliis
1940 1899 2112 2000 capitulis

255 2093 316 2142 xm.
331 2092 356 2141 tt.
463 2070 663 2154 Αὐτοκράτωρ
681 2068 877 2144 Ἱονστινιανάς
899 2070 940 2150 (v.
961 2067 1170 2154 Ἰουστινιανός)
1190 2071 1291 2154 Ἑρμο·
1413 2073 1575 2146 Imperator
1601 2071 1783 2129 Iustinianus
1806 2071 1984 2146 Hermogeni
2005 2073 2157 2148 magistro.
2200 2075 2239 2136 iit

381 2161 627 2241 γένειμιιγίστρω.
668 2159 741 2218 Καὶ
768 2169 850 2230 τοῖς
876 2152 949 2236 πρὸ
978 2153 1289 2239 ήμῶννενάμοθε·
1331 2155 2060 2236 iit,qniuntenorieqestuierunt,Bouiania

380 2248 509 2308 νικῶσι
570 2243 617 2320 (ν.
638 2238 974 2322 νενομοθετηκόσι)
995 2241 1185 2323 Ῥομαίοις
1208 2241 1289 2322 (Ῥω

382 2324 581 2408 μαίοις)61).

467 2438 579 2506 Κωλάει
605 2437 672 2514 τοὺς
703 2444 976 2523 δευτερογαμοῦντας
1002 2455 1090 2522 γονεῖς
1116 2440 1133 2523 ή
1160 2439 1286 2520 artati)
1414 2444 1571 2515 Parentes,
1598 2441 1648 2514 qui
1669 2442 1816 2500 secundas
1837 2441 1956 2514 nuptias
1976 2441 2095 2517 ineunt,
2129 2443 2240 2518 (liaeo)

381 2533 421 2602 τίς
448 2524 499 2607 τήν
526 2530 784 2606 κερδαίνουσανθθ)
811 2539 916 2607 προῖκα
943 2523 1015 2606 iffi)
1055 2523 1112 2607 πρὸ
1140 2525 1287 2610 repaire)
1330 2527 1500 2584 consorano
1522 2527 1670 2600 prohihet,
1698 2527 1852 2598 quominus
1879 2527 2125 2599 contemplatione
2154 2528 2239 2608 detis,

382 2607 490 2696 δωρεάν
516 2612 564 2673 ε”να
575 2614 621 2689 19)
644 2617 701 2672 τῶν
727 2614 836 2672 παίδων
869 2613 1063 2692 ἐπιλέγεσθαι,
1102 2609 1288 2691 φυλάττουσα
1330 2627 1415 2683 quam
1436 2611 1512 2668 lucri
1533 2607 1735 2686 iecerunt(i)‚
1764 2616 1904 2668 nutante
1925 2613 2043 2682 nuptias
2072 2613 2242 2670 mundonis

382 2709 442 2770 τοῖς
462 2695 512 2777 μὲν
533 2700 630 2758 παισὶν
638 2697 684 2773 70)
712 2691 764 2775 τήν
784 2691 891 2756 reiron
912 2698 1090 2769 δεσποτείαν,
1111 2709 1171 2769 τοῖς
1191 2697 1220 2757 ti
1243 2719 1287 2778 yo-
1329 2713 1418 2752 uuum
1441 2712 1478 2752 ex
1498 2697 1600 2753 liberis
1622 2697 1750 2771 eligant,
1782 2696 1884 2752 liberis
1906 2697 2023 2767 quidem
2045 2711 2146 2754 eurum
2169 2713 2241 2770 prc-

378 2787 471 2843 νεῦσιν
498 2776 549 2859 τήν
575 2784 673 2862 χρίσην
701 2780 742 2858 (v.
769 2785 894 2860 χρῆσιν).
941 2775 1054 2840 πάντων
1082 2781 1113 2841 δὲ
1139 2787 1195 2842 τῶν
1222 2783 1287 2844 ναί.
1331 2779 1485 2853 prietatem
1506 2796 1695 2852 conservans,
1715 2781 1886 2853 parentibus
1901 2785 1999 2837 autem
2015 2782 2242 2840 usumfructum

378 2869 435 2927 δων
455 2860 717 2944 προτελευτῶντων,
753 2861 803 2942 τήν
823 2859 1107 2945 δευτερογαμήσασαν
1126 2865 1289 2946 μητέραῖί)
1331 2866 1385 2922 Sin
1407 2870 1503 2921 autem
1525 2881 1625 2922 omnes
1647 2866 1732 2922 liberi
1753 2866 1959 2938 praedefuncti
1986 2871 2071 2939 sunt,
2106 2875 2242 2938 matrem,

378 2955 418 3022 είς
438 2943 471 3010 τό
493 2948 524 3024 ἐξ
543 2947 679 3020 ἀπαιδίας
699 2949 831 3028 ναλεῖῖδ)
854 2944 1005 3027 σύμφωνον
1014 2948 1075 3025 ⁷³),
1110 2951 1197 3022 εέςδδ
1227 2953 1290 3012 λα·
1331 2965 1407 3020 quae
1428 2950 1574 3006 secundas
1595 2951 1713 3022 nuptias
1734 2951 1890 3018 contraxit,
1910 2949 1947 3006 ad
1968 2951 2080 3008 lucrum
2102 2966 2141 3008 ex
2155 2957 2242 3024 pacto

378 3030 435 3096 αόν
456 3031 560 3110 aian)
591 3033 620 3105 ἐξ
647 3031 802 3094 άδιαθέτου
831 3038 889 3093 τῶν
911 3035 1020 3094 παίδων
1045 3031 1224 3113 κληρονόμων
1247 3033 1290 3112 (v.
1331 3049 1388 3090 non
1410 3035 1599 3090 existentium
1620 3035 1776 3092 liberorum
1798 3041 1894 3108 vocat,
1923 3036 1953 3090 in
1975 3035 2116 3106 reliquam
2140 3043 2243 3092 autem

375 3114 573 3197 κληρονόμον).
595 3122 620 3178 εί
629 3114 701 3196 μετὰ
711 3113 745 3177 τὸ
760 3122 945 3197 ἐκποιηθήναι
960 3113 1010 3197 τήν
1022 3121 1124 3197 κερδαν
1144 3117 1149 3198 Ι
1169 3117 1288 3199 71θ)θή-
1332 3117 1480 3192 (partem)
1503 3133 1583 3190 eum,
1611 3120 1661 3191 qui
1683 3119 1720 3175 ab
1756 3120 1896 3176 intestato
1924 3119 2026 3175 liberis
2058 3121 2169 3176 haeres
2203 3123 2243 3178 nr.

377 3225 435 3263 σαν
458 3203 498 3280 (v.
521 3199 799 3282 nspduriiatonr)⁷³)
822 3214 927 3280 προῖκα
949 3198 966 3280 ή
988 3198 1045 3280 πρὸ
1069 3199 1160 3284 γάμου
1181 3199 1289 3282 δωρεάν
1331 3203 1375 3274 Si,
1396 3205 1477 3259 taeta
1505 3203 1599 3276 dotis,
1628 3219 1703 3274 quae
1733 3203 1889 3260 lucrifacta
1918 3209 1980 3274 est,
2010 3209 2061 3260 aut
2088 3209 2162 3262 ante
2193 3221 2244 3261 un-

378 3285 396 3365 ή
418 3281 509 3367 μήτηρ
532 3283 549 3366 a}
572 3285 588 3347 ὁ
610 3281 707 3365 πατήρ
729 3287 923 3366 tantaene)
946 3283 1067 3366 ὁμιλήσῃ
1089 3283 1200 3368 γάμοις,
1222 3287 1288 3350 ἀνα.
1330 3287 1408 3359 ptias
1430 3287 1595 3344 donationis
1616 3287 1807 3360 alienatione,
1830 3293 1922 3344 mater
1943 3293 1994 3343 aut
2021 3293 2104 3360 paim
2125 3305 2244 3346 seeun-

379 3375 510 3450 τρέπεται
538 3366 571 3432 τὸ
600 3366 798 3450 συνάλλαγμα,
826 3375 877 3430 τοῦ
905 3367 1104 3450 ἐκπονήσαντος
1132 3368 1288 3452 προσώπου
1331 3371 1384 3428 das
1412 3373 1512 3428 inierit
1540 3373 1674 3446 nuptias,
1723 3377 1891 3429 contractus
1913 3373 2157 3448 (alienationis)
2183 3389 2245 3430 res

358 3461 435 3516 ,τῶν
456 3457 561 3516 οἰκείων
582 3449 858 3534 προτελευτήσαντος
875 3459 990 3516 παίδων.
1034 3461 1061 3517 εἰ
1079 3455 1162 3534 ‹ti-⁷⁷)
1185 3462 1213 3518 oi
1225 3470 1288 3519 nut-
1331 3456 1474 3538 cluditur,
1504 3456 1529 3512 si
1557 3471 1593 3511 ea
1619 3471 1760 3528 {tersoriis
1789 3471 1864 3527 (1111ο
1884 3457 2040 3528 18111118,
2068 3463 2140 3514 ³¹ss¹⁰
2163 3459 2246 3514 libe·

378 3542 425 3610 δες
446 3537 729 3620 προτελεντήσουσιν,
765 3544 803 3610 είς
831 3537 881 3618 pin
902 3535 935 3600 τὸ
959 3539 987 3612 ἐξ
1008 3537 1143 3612 ἀπαιδίας
1174 3537 1287 3622 ‹ripum—
1329 3557 1378 3597 ros
1411 3557 1481 3597 snos
1514 3541 1662 3597 moriatur.
1718 3541 1751 3600 si
1779 3547 1875 3597 antem
1912 3541 1997 3597 liberi
2031 3543 2246 3613 praedefuncti

378 3645 427 3683 νον
448 3620 574 3702 ἔρρωται.
618 3629 670 3684 τοῦ
691 3624 720 3682 δὲ
741 3619 941 3700 ἐκπονήσαντος
962 3625 1115 3704 γονέωςῖθ)
1138 3622 1204 3698 τους
1222 3639 1287 3686 παι·-
1330 3631 1423 3696 erunt,
1446 3625 1520 3698 quod
1549 3625 1665 3696 quidem
1688 3625 1725 3681 ad
1746 3625 1875 3696 lucrum,
1904 3627 1980 3696 quod
2010 3642 2046 3682 ex
2070 3633 2162 3699 pacto
2187 3644 2246 3685 uon

379 3709 432 3777 δας
452 3703 723 3786 κληρονομήσαντος,
751 3703 978 3786 βεβαιωθήσεται
1000 3715 1038 3780 είς
1058 3704 1091 3770 τό
1113 3707 1285 3788 nitentat
1329 3709 1517 3766 existentium
1539 3709 1695 3766 liberorum
1718 3711 1814 3782 venit,
1836 3711 1957 3784 attinet,
1979 3711 2067 3766 valet.
2110 3714 2246 3770 sivero

379 3785 535 3868 ἐκπονήσας
558 3791 598 3866 (v.
626 3791 780 3869 διποιήσις)
793 3791 846 3868 19).
899 3789 915 3853 ὁ
940 3791 991 3870 [ἐκ]
1002 3794 1047 3869 ⁸⁰)
1070 3796 1214 3874 προτέρων
1238 3791 1285 3874 γή-
1330 3809 1445 3868 parens,
1468 3796 1518 3866 qui
1540 3794 1692 3868 alienavit,
1713 3795 1815 3851 liberis
1830 3795 1935 3851 imeres
1958 3797 2055 3851 tactus
2079 3803 2139 3866 est,
2165 3800 2248 3855 alie-

378 3897 439 3954 μων
460 3877 572 3954 τεχθεὶς
594 3869 710 3935 δάνοιται
730 3879 777 3936 καὶ
797 3871 947 3957 περιούσης
967 3881 1017 3958 τής
1037 3873 1145 3958 μητρὸς
1166 3884 1204 3950 είς
1224 3878 1286 3952 ἐξω-
1330 3880 1410 3936 ιιειίίο
1432 3879 1462 3934 in
1484 3879 1608 3935 solidum
1630 3879 1855 3936 confirmabitur.
1896 3881 1936 3950 Is,
1958 3875 2008 3950 qui
2030 3896 2068 3936 ex
2089 3883 2248 3952 prioribus

378 3951 456 4018 τικόν
477 3959 682 4032 διατίθεσθαι,
704 3964 732 4019 ἐν
752 3949 775 4034 ᾧ
797 3965 832 4037 τῇ
852 3965 936 4040 μητρὶ
958 3957 990 4022 τά
1017 3959 1134 4042 νόμιμον
1154 3965 1286 4040 καταλιμ-
1329 3963 1440 4036 nuptiis
1462 3969 1631 4036 procreatus
1653 3970 1713 4036 est,
1737 3969 1842 4036 potest,
1877 3971 1906 4021 et
1934 3965 2053 4019 vivente
2074 3971 2193 4031 matre.
2217 3969 2248 4024 in

378 4037 460 4102 πάνει
481 4046 573 4122 μέρος.
610 4039 726 4104 δύναται
747 4042 775 4104 ni
796 4046 842 4104 nui
864 4041 950 4124 αὑτήν
972 4039 1022 4124 τήν
1049 4051 1155 4126 μητέρα
1177 4051 1216 4119 είς
1236 4043 1287 4126 τήν
1330 4049 1462 4104 extranei
1488 4045 1667 4124 (favorem)
1698 4053 1902 4106 testamentum
1934 4049 2049 4120 iacere,
2092 4051 2121 4106 si
2159 4053 2248 4108 modo

378 4121 479 4203 λοιπήν
506 4123 595 4187 αὐτοῦ
621 4131 793 4210 περιουσίαν,
822 4127 1015 4208 ἐξαιρουμένης
1037 4137 1087 4210 τής
1109 4127 1165 4210 πρὸ
1195 4128 1286 4210 γάμου
1332 4133 1418 4188 matri
1445 4133 1605 4208 legitimam
1626 4133 1786 4206 portionem
1812 4133 1967 4204 relinquat.
2015 4135 2120 4190 Potest
2144 4143 2251 4193 antem

378 4211 501 4288 δωρεάς,
538 4205 653 4292 γράφειν
680 4207 859 4290 κληρονόμον.
914 4209 1067 4286 ἀδιάθετος
1095 4213 1125 4275 δὲ
1151 4217 1286 4276 τελευτῶν
1332 4221 1362 4272 et
1383 4217 1477 4289 ipsam
1498 4221 1618 4273 matrem
1640 4217 1669 4272 in
1692 4218 1832 4288 reliquam
1848 4233 1929 4274 suam
1953 4218 2165 4292 substantiam,
2191 4238 2252 4278 ex-

378 4291 434 4356 ὑιιὸ
464 4299 521 4354 τῶν
550 4299 657 4356 σίκείων
683 4297 894 4378 κληρονομεῑιαι
921 4299 1042 4372 παίδων,
1077 4289 1116 4359 ῶν
1142 4295 1182 4378 μή
1204 4295 1287 4360 intir-
1332 4307 1418 4372 cepta
1451 4307 1520 4358 ante
1546 4301 1665 4372 nuptias
1699 4301 1872 4376 donatione,
1909 4303 2039 4358 scribere
2072 4303 2252 4362 haeredem.

378 4377 500 4454 τωνδί),
528 4377 645 4458 άδεληολ
667 4377 768 4440 τούτου
797 4383 979 4462 διαδέχονται,
1002 4387 1288 4463 σννανοιπεμπομένης
1332 4386 1385 4442 Sin
1414 4392 1510 4442 autem
1539 4387 1698 4442 intestatus
1726 4387 1861 4458 moritur,
1896 4387 2063 4442 haereditas
2093 4389 2203 4460 ipsius
2235 4407 2253 4446 a

377 4459 477 4534 αὐτοῖς
505 4463 609 4541 τῆςθδ)
643 4460 764 4545 μητρός,
801 4469 828 4526 εἰ
850 4469 897 4524 καλ
925 4469 1063 4546 δευτέροις
1089 4463 1290 4546 προσομήλησε
1331 4469 1433 4527 liberis
1455 4471 1519 4526 eius
1542 4470 1688 4542 capietur,
1714 4471 1763 4542 qui
1786 4471 1812 4526 si
1834 4470 1988 4544 deliciunt,
2016 4472 2107 4528 liuius
2132 4475 2252 4530 tratres

377 4543 421 4618 (v,
446 4547 717 4626 npoompllpos)⁸³)
743 4545 847 4628 γάμοις.
870 4547 931 4631 ff.
941 4549 1003 4624 ⁸⁴),
1045 4543 1091 4612 ὅτι
1116 4555 1289 4630 πραετίριτα
1331 4553 1506 4628 succedunt,
1524 4555 1567 4612 ita
1588 4560 1621 4610 ut
1643 4571 1701 4610 una
1717 4571 1782 4611 cum
1795 4555 1843 4612 liis
1856 4563 1948 4611 maier
1970 4563 2109 4630 vocetur,
2135 4576 2254 4631 quam-

376 4625 418 4708 [νή]
427 4627 474 4702 91)
497 4627 662 4710 ἐξνερεδάτα
671 4631 718 4710 86)
741 4639 869 4714 γενομί-ιη
891 4633 908 4712 ἡ
928 4630 1020 4714 μήτηρ
1041 4639 1069 4695 εἰ
1091 4637 1137 4694 καλ
1151 4638 1288 4716 ἐδεντερο·
1330 4639 1378 4695 vis
1398 4639 1435 4694 ad
1469 4637 1616 4696 secundas
1645 4639 1795 4695 transierit
1817 4643 1943 4711 nuptias.
1993 4641 2087 4712 Nota,
2118 4651 2254 4700 matrem

376 4709 515 4796 γάμησεν,
537 4713 748 4783 direrectionis
769 4723 819 4798 τῆς
841 4717 979 4798 διαθήκης
1000 4725 1051 4778 τοῦ
1080 4723 1180 4780 οἰκείου
1206 4732 1288 4780 κινεῖν
1330 4725 1515 4794 praeteritam
1537 4723 1622 4799 (aut)
1652 4724 1895 4798 exhaeredatam,
1926 4725 2042 4780 etiamsi
2065 4725 2104 4782 ad
2128 4745 2257 4786 secun-

377 4794 493 4870 παιδός,
536 4801 582 4859 καλ
622 4794 666 4862 ὅτι
704 4797 800 4882 πατήρ
840 4805 1051 4882 δεντερογαμῶν
1085 4801 1118 4865 οὐ
1151 4797 1287 4865 κωλύεται
1329 4807 1382 4862 das
1403 4809 1554 4864 transierit
1574 4810 1710 4882 nuptiae,
1746 4815 1847 4864 contra
1874 4814 2079 4866 testamentum
2109 4813 2172 4868 niii
2206 4813 2257 4869 sui

377 4884 428 4962 κλη
448 4879 518 4964 1⁸⁸)
548 4897 674 4963 peropto
695 4883 745 4947 τὸν
773 4881 842 4946 υἱόν.
890 4883 907 4966 ή
934 4881 1025 4966 μήτηρ
1041 4886 1088 4968 ⁸⁹)
1124 4891 1284 4969 δευτερογα-
1327 4893 1455 4964 experiri
1483 4909 1584 4968 posse,
1612 4898 1643 4950 et
1663 4897 1792 4969 patrem,
1820 4895 1870 4966 qui
1891 4893 1927 4950 ad
1950 4893 2097 4951 secundas
2122 4899 2257 4971 nuptias

444 5183 491 5243 oi)
508 5183 599 5234 Codex
615 5187 650 5234 τϊ.
669 5187 746 5240 Ιιεοον
762 5186 821 5236 Ιοοο
846 5189 921 5238 vocis
938 5187 1023 5246 τίτλον
1040 5187 1073 5238 ν’.
1149 5191 1198 5248 oe)
1216 5190 1306 5241 Codex
1322 5187 1421 5258 μήκεσι.
1462 5191 1502 5242 Ad
1519 5196 1667 5258 marginem
1683 5211 1708 5244 τ.
1725 5189 1758 5258 δ.
1847 5191 1895 5254 de>
1917 5193 1975 5242 Vox
2003 5191 2260 5254 internecante

379 5253 561 5302 videturesse
592 5255 775 5304 transferenda
800 5253 899 5304 trabere
927 5257 1090 5306 electionum.
1146 5259 1215 5306 Nov.
1238 5261 1265 5308 2.
1290 5271 1346 5322 cap.
1367 5259 1390 5309 1.
1408 5257 1452 5308 καλ
1473 5259 1599 5325 μηδεμίαν
1617 5259 1708 5312 ἄδειαν
1732 5249 1798 5312 εἶναι
1815 5262 1849 5325 τῆ
1865 5259 1943 5330 μητρὶ
1960 5258 2022 5318 τοὺς
2037 5261 2085 5320 μὲν
2107 5265 2170 5311 τῶν
2189 5265 2260 5316 κατ’·

377 5318 427 5370 den
444 5318 621 5401 ἐπιλέγεσθαι.
696 5321 743 5382 iil)
767 5321 859 5372 Codex
882 5323 925 5372 καὶ
951 5328 1002 5382 τοῖς
1024 5325 1330 5394 προιάνινενομοθετιιιῶσι
1360 5331 1487 5410 poputum.
1558 5332 1609 5388 oo)
1627 5331 1716 5382 Codex
1734 5328 1802 5379 διατ.
1832 5311 1837 5328 ’
1873 5327 1916 5391 ott)
1932 5329 2021 5377 dlnlinr
2039 5327 2260 5396 κερδανθτῖσοιν.

377 5380 422 5450 67)
440 5385 491 5439 Pro
511 5405 525 5451 η
544 5386 634 5437 Codex
652 5389 728 5438 trahet
746 5383 770 5454 ή.
839 5389 994 5450 68)(1οδεκ
1009 5392 1155 5460 προνάιον.
1225 5392 1270 5455 tie)
1288 5395 1341 5444 Pro
1359 5396 1403 5444 ἐνα
1421 5393 1512 5446 Codex
1528 5393 1582 5446 iva.
1656 5399 1703 5458 ro)
1720 5397 1811 5448 Codex
1829 5397 1893 5460 pecc
1911 5399 1993 5446 verna
2009 5413 2054 5455 μεν
2071 5411 2182 5448 nacon
2203 5415 2263 5450 nou

378 5454 464 5504 habet.
499 5455 597 5504 Verum
616 5463 642 5504 et
659 5459 791 5518 appositio
810 5459 954 5508 verboram
977 5461 1032 5516 τοῖς
1055 5457 1082 5508 δὲ
1104 5463 1223 5520 γονεῦσιν
1246 5465 1273 5516 et
1295 5461 1363 5512 nov.
1386 5463 1411 5512 2.
1436 5476 1491 5524 cap.
1523 5463 1547 5512 l.
1582 5471 1701 5514 nostram
1723 5463 1934 5514 emendationem
1960 5465 2129 5514 confirmant.
2212 5465 2264 5527 ri)

377 5521 430 5572 Pro
447 5521 544 5589 μητίρσ
568 5521 657 5572 Codex
683 5524 762 5573 hahet
782 5525 836 5596 ff
908 5526 956 5583 72)
974 5525 1066 5578 Codex
1087 5523 1186 5586 τάλλεις
1203 5530 1281 5580 habet
1303 5529 1363 5580 loco
1380 5534 1457 5580 vocis
1480 5530 1585 5578 autsi-
1639 5533 1687 5595 7³)
1704 5531 1795 5583 Codex
1812 5533 1888 5581 habet
1905 5548 2047 5589 conponor.
2121 5533 2184 5596 74)
2206 5537 2264 5586 Pro

377 5585 426 5637 τδν
448 5588 538 5638 Codex
556 5589 633 5642 lutbet
649 5587 690 5639 τά.
764 5589 941 5658 ilnllncipii
959 5593 1083 5644 toi.1eo.
1108 5597 1135 5644 o.
1179 5594 1539 5662 incimmemmaum.
1607 5598 1654 5660 76)
1678 5598 1769 5649 Codex
1795 5597 1932 5666 decarpere.
2006 5596 2052 5659 77)
2079 5599 2141 5649 Pro
2170 5599 2201 5654 et
2234 5602 2263 5652 dl

377 5655 469 5706 Codex
487 5657 562 5706 habet
580 5653 606 5705 οἱ
623 5655 658 5706 δι’.
732 5659 778 5716 78)
796 5657 886 5712 Codex
902 5659 1003 5720 γὸνενις.
1080 5663 1125 5725 te)
1145 5663 1197 5714 Pro
1216 5661 1231 5730 ή
1249 5661 1379 5730 ἐνιτυίηυις
1397 5664 1487 5714 Codex
1502 5665 1581 5716 liniret
1599 5661 1614 5728 ἢ
1632 5665 1785 5730 ἐκπονήσας.
1861 5667 1909 5724 80)
1925 5665 1986 5716 Vox
2003 5663 2029 5714 ἐι
2046 5665 2128 5716 deest
2148 5669 2183 5720 in
2204 5669 2265 5722 Go-

376 5723 442 5786 dice,
460 5737 554 5802 verum
572 5738 605 5774 ex
622 5725 726 5788 iinguue
734 5727 855 5778 Graecae
872 5729 974 5792 iegibus
988 5731 1037 5780 iioc
1054 5730 1113 5780 loco
1126 5729 1221 5784 deesse
1238 5745 1290 5782 uon
1310 5737 1403 5792 potest.
1438 5732 1485 5790 ΘΙ)
1498 5732 1563 5784 Post
1581 5727 1699 5782 ὑπόντων
1712 5734 1775 5784 Cod.
1791 5735 1857 5784 haec
1870 5737 1942 5795 pouit
1954 5731 2055 5781 οἰκετῶν
2073 5734 2269 5806 κληρονομεῖ-

376 5806 422 5840 ται
440 5790 548 5853 παιδινν,
567 5805 633 5854 qirae
651 5798 693 5841 est
710 5797 921 5856 praecedentium
941 5799 1082 5847 verborum
1104 5799 1174 5848 mala
1191 5802 1328 5859 repetitio,
1363 5813 1413 5850 uec
1435 5799 1503 5849 Nox.
1521 5799 1547 5850 2.
1566 5813 1626 5862 ‘cap
1645 5801 1670 5850 3.
1689 5805 1867 5852 confirmatur.
1946 5799 1992 5862 82)
2009 5801 2062 5850 l’rc
2080 5799 2137 5868 τῆς
2157 5803 2266 5856 Codex

377 5859 453 5914 habet
469 5853 519 5910 τεῖ.
587 5859 634 5923 83)
653 5859 742 5910 Codex
759 5849 928 5932 npoooprjlri'.
961 5865 1030 5914 Nov.
1048 5867 1075 5914 2.
1094 5879 1150 5926 cap.
1169 5867 1195 5914 8.
1213 5866 1400 5934 προσωμίλησε.
1468 5865 1683 5931 seiungendum
1701 5869 1851 5934 oppilemus.
1918 5864 1966 5928 85)
1983 5867 2043 5918 Vox
2060 5865 2076 5932 ἢ
2093 5871 2129 5920 lii
2151 5871 2268 5926 Codice

376 5925 465 6008 δεθείς
483 5919 818 6007 estuatite'm'h'nieiocovel
831 5935 945 5984 maxime
960 5931 1164 6002 accommodata
1179 5933 1289 6002 Nomii.
1307 5946 1364 5996 cap.
1382 5937 1407 5983 ³.
1422 5929 1487 5984 dini
1505 5933 1604 5984 καὶτῶν
1612 5933 1678 5986 κατὰ
1692 5938 1739 6002 τῆς
1752 5934 1882 6001 διαθήκης
1895 5929 1967 5984 αδτΐ
1977 5914 2121 5996 διδομένων
2129 5935 2269 5998 δικαίαν,

377 5989 461 6042 εἶτεν
485 6009 548 6049 παις
571 6009 656 6060 αυτην
673 5996 858 6078 παραλελψειεν
882 5995 960 6064 ήκαὶ
985 5997 1084 6062 άλογοις
1101 5996 1316 6068 ἀποτληρονομον
1337 5999 1482 6067 ποιήσηται
1505 6001 1709 6064 ουλαττομένοιν.
1784 6005 1831 6063 86)
1848 5953 2121 6087 ὓοδθκζήγήᾶρεδάταζ
2216 6007 2271 6072 88)

376 6057 471 6126 lnolplt
490 6059 535 6112 iol.
556 6059 614 6120 127.
632 6063 664 6115 Δ·
714 6060 766 6130 88)
783 6065 834 6116 'rit
854 6067 879 6118 i)-
895 6071 981 6128 purat.
999 6065 1026 6128 S·
1046 6065 1086 6120 il.
1104 6064 1203 6132 legisse
1220 6067 1345 6118 videnlur
1361 6063 1377 6134 ή
1394 6067 1479 6140 μήτηρ
1496 6067 1532 6136 μή
1550 6068 1782 6142 δεντερογαμοῦσα.
2023 6084 2027 6092 ’
2124 6066 2130 6079 “
