4790 7064
950 599 1284 717 curuum.
1811 575 1816 583 ’
1911 615 2049 724 mpm

182 783 378 869 significatio
407 784 441 849 in
471 784 558 850 nobs
588 783 723 850 habetur
751 783 849 851 nulla.
892 785 944 852 lta
971 786 1223 854 emendationum
1261 789 1296 852 in
1321 785 1408 852 nods
1439 784 1675 872 propositam
1704 783 1789 852 bona
1817 803 1896 871 pars
1927 785 2045 850 Latino

181 903 333 951 sermone
355 883 566 970 exprimenda
587 883 667 974 luit,
694 905 777 971 quos
799 887 903 974 locos,
925 887 1052 954 adiecto
1070 889 1254 976 plerumque
1275 883 1542 968 interrogationis
1563 878 1759 977 (blaigno,
1780 883 1931 952 indicav'u
1971 885 2046 952 Dc-
2149 883 2158 901 ⁸

181 987 297 1072 nique,
335 985 365 1050 si
387 1003 470 1071 quae
492 985 647 1081 orationis
668 985 802 1052 leoninae
824 987 857 1052 iu
879 987 951 1052 libri
972 993 1126 1054 contextu
1153 995 1367 1076 apparerent,
1403 987 1437 1052 in
1467 987 1556 1052 notis
1587 991 1692 1054 autem
1722 1004 1766 1052 ex
1787 985 1860 1052 aliis
1881 985 2044 1052 codicibus

181 1085 412 1172 manuscriptis
432 1083 569 1168 aliisque
590 1085 669 1150 iuris
692 1087 800 1152 civilis
822 1087 963 1152 lontibus
985 1091 1214 1178 explerentur,
1246 1087 1426 1154 faciundum
1448 1087 1580 1174 putavi,
1610 1093 1646 1152 ut
1666 1091 1753 1152 totns
1775 1085 1932 1152 orationis
1951 1091 2045 1151 tenor

182 1187 354 1272 seriesque
374 1183 494 1250 balina
515 1185 624 1268 lingua
645 1185 848 1253 redderetur.
892 1185 1014 1268 Quodsi
1038 1191 1080 1256 de
1100 1210 1151 1256 me
1174 1207 1330 1276 quaeras,
1352 1187 1446 1274 quale
1467 1187 1595 1254 dicendi
1611 1207 1715 1272 genus
1732 1187 1766 1253 in
1790 1186 1910 1270 tactim
1931 1191 2044 1252 maus

180 1289 305 1354 latione
328 1284 528 1352 conficienda
549 1287 609 1351 sim
631 1293 785 1374 secutus,
819 1279 869 1352 sic'
889 1287 1024 1355 habeto:
1059 1311 1130 1373 me,
1170 1291 1247 1356 licet
1273 1289 1426 1375 punitatis
1456 1289 1585 1372 linguae
1614 1289 1755 1355 Latinae
1781 1285 2045 1372 amantissimum,

179 1395 290 1455 tamen
312 1387 511 1452 committere
532 1385 692 1476 noluisse,
720 1395 776 1475 ut,
805 1387 859 1474 qui
880 1391 1023 1476 scriptor
1044 1389 1245 1457 Graecitatis
1271 1391 1477 1458 senescentis
1507 1391 1650 1474 vestigia
1671 1409 1766 1476 quam
1786 1389 1921 1474 piurima
1940 1387 2045 1452 lrabe-

179 1495 254 1576 ret,
283 1487 368 1553 idem
389 1487 525 1552 civitate
558 1487 707 1553 Romana
733 1488 872 1554 donatus
903 1487 1089 1578 Ciceronis,
1121 1491 1289 1580 Sallustii,
1316 1491 1404 1556 Livii
1426 1490 1555 1556 dicendi
1575 1510 1680 1576 genus
1700 1489 1847 1556 referret.
1892 1488 1965 1554 lluc
1986 1507 2045 1554 ac-

180 1588 271 1656 cedit
283 1588 450 1676 plurimum
462 1585 661 1654 difficultatis
673 1609 717 1655 ex
731 1609 781 1678 eo,
801 1589 885 1677 quod
900 1593 952 1678 iis,
972 1593 1086 1678 quibus
1100 1593 1302 1659 Athanasius
1314 1592 1407 1668 uixit,
1427 1593 1635 1681 temporibus,
1654 1591 1775 1657 multae
1790 1598 1823 1657 et
1844 1589 1928 1656 aliae
1943 1608 2045 1655 voces

181 1689 333 1756 Graecae
347 1689 380 1753 in
394 1707 454 1752 usu
473 1687 622 1772 luerunt,
643 1708 726 1774 quae
747 1710 789 1756 ne
802 1691 933 1777 possint
947 1692 1075 1779 quidem
1088 1695 1151 1760 ullo
1166 1693 1259 1760 modo
1278 1693 1320 1758 ad
1340 1693 1518 1778 priscorum
1534 1691 1656 1759 illorum
1677 1697 1854 1778 temporum
1870 1690 2045 1775 puritatem

181 1791 302 1856 Latino
333 1805 482 1854 sermone
512 1784 621 1875 reddi,
660 1789 751 1855 velut
778 1789 1000 1876 dorsuoyayri,
1034 1791 1233 1876 cidoorippmo
1261 1794 1388 1858 similia.
1432 1791 1547 1878 ltaque
1576 1798 1802 1858 senescentem
1823 1789 2043 1857 Graecitatem

180 1910 254 1956 cum
271 1889 452 1954 Latinitate
473 1896 668 1955 senescente
690 1891 890 1960 contendere
911 1895 1025 1979 malui,
1047 1915 1145 1980 quom
1162 1895 1370 1962 dissimilibus
1389 1893 1557 1958 dissimilia
1570 1913 1773 1979 componere.
1796 1929 1835 1941 -
1857 1891 1897 1958 Si
1918 1889 2043 1978 quando

179 1991 214 2056 in
246 1988 387 2055 Graecis
419 1987 452 2052 in
479 1988 631 2054 Latinum
658 2011 840 2058 sermonem
861 1995 1100 2062 transferendis
1122 1997 1249 2080 longior
1270 1995 1330 2083 lui,
1358 1993 1421 2059 leci
1442 1991 1475 2057 id
1498 1992 1624 2076 quidem
1646 1993 1852 2060 obscuritatis
1872 1991 2045 2078 hugiendae

179 2110 311 2157 caussa.
354 2089 475 2156 Verum
497 2095 531 2156 et
553 2089 624 2178 hic,
661 2113 743 2179 quac
775 2096 1007 2160 sententiarum
1035 2097 1297 2182 explicandarum
1329 2093 1659 2180 declarandammque
1687 2113 1805 2161 caussa
1825 2093 1868 2162 de
1888 2110 1960 2159 meo
1982 2092 2044 2158 ad-

178 2192 320 2259 iicienda
342 2191 417 2260 visa
437 2196 530 2278 snut,
550 2191 670 2260 additis
691 2195 929 2282 parentheseos
950 2195 1074 2284 siguis,
1097 2219 1118 2264 a
1138 2199 1264 2284 reliquo
1286 2197 1441 2264 orationis
1463 2202 1579 2262 tenore
1600 2194 1766 2282 separavi.

779 3027 1416 3116 oAPUrvl.

307 3309 481 3398 Expositis
502 3311 576 3400 his,
606 3313 743 3400 quaein
766 3309 939 3378 Athanasii
961 3313 1042 3380 lihro
1064 3311 1191 3380 edendo
1213 3311 1254 3377 ad
1276 3331 1389 3380 manus
1411 3313 1488 3380 mihi
1508 3313 1655 3401 lucmnt,
1682 3309 1855 3397 subsidiis,
1882 3308 2042 3394 cognitis·

180 3413 333 3502 quehis,
355 3413 489 3502 quasin
512 3413 572 3480 hoc
594 3433 693 3500 opere
715 3412 914 3480 conficiendo
936 3415 1011 3480 mihi
1033 3415 1203 3501 proposui,
1224 3413 1361 3500 legibus,
1382 3421 1505 3506 restat,
1526 3421 1581 3502 ut,
1602 3413 1632 3480 si
1654 3413 1728 3501 quid
1748 3410 1898 3478 utilitatis
1919 3429 1961 3477 ex
1981 3409 2043 3476 hoc

179 3517 365 3602 scripturae
392 3533 515 3600 genere
546 3515 587 3581 ad
614 3515 693 3580 iuris
723 3511 866 3579 studium
896 3521 929 3580 et
956 3513 1166 3582 excolendum
1198 3520 1233 3580 et
1261 3515 1482 3582 illustrandum
1512 3515 1695 3583 redundare
1722 3513 1894 3600 videatur,
1929 3512 2071 3599 paucis·

180 3633 475 3683 commemoremus.
519 3614 612 3698 Quae
646 3613 822 3704 disputatio
855 3615 1018 3702 tripartita
1046 3617 1119 3682 erit.
1162 3615 1303 3682 Primum
1332 3616 1417 3682 enim
1446 3616 1487 3684 de
1513 3616 1652 3684 Romani
1679 3615 1761 3680 iuris
1788 3613 1922 3680 historia
1949 3613 2043 3699 quasi

180 3717 340 3804 quosdam
359 3717 511 3783 flosculos
533 3733 702 3802 carpemus
723 3715 1013 3806 delibabimusque,
1046 3717 1128 3783 haec
1150 3717 1257 3802 capita
1279 3717 1311 3782 in
1332 3715 1469 3783 medium
1490 3719 1664 3806 prolaturi,
1685 3735 1769 3804 qnae
1790 3733 1833 3784 ex
1854 3713 1917 3780 hoc
1937 3714 2044 3797 legum

180 3837 319 3905 corpore
342 3835 428 3884 nora
449 3819 543 3904 quasi
564 3817 702 3903 quadam
722 3817 796 3883 luce
809 3815 1046 3884 collustrantur.
1090 3817 1233 3908 Deinde,
1257 3819 1313 3906 qui
1333 3820 1378 3884 sit
1399 3817 1544 3886 eiusdem
1566 3818 1638 3885 libri
1658 3815 1852 3885 iuNovellis
1873 3813 2045 3880 iustiniani
2153 3899 2157 3910 Ι

179 3918 466 3986 constitutionibus
493 3925 565 3986 arte
596 3919 709 3986 critica
738 3923 774 3984 et
803 3917 976 4006 disciplina
1003 3919 1207 4004 castigandis
1240 3909 1528 4006 perpoliendisque
1560 3922 1699 3999 tructus,
1731 3935 1878 4008 quaeque
1911 3915 2045 4004 utilitas,

179 4019 337 4087 dicemus.
381 4015 532 4108 Denique
553 4039 618 4088 non
639 4019 700 4087 ahs
721 4037 758 4086 re
779 4019 842 4086 erit
861 4021 974 4106 paucis
1002 4020 1204 4109 siguificare,
1239 4021 1366 4107 qualem
1396 4027 1610 4108 quantamque
1636 4019 1704 4086 vim
1730 4025 1764 4085 et
1792 4023 1989 4106 potestatem
2009 4015 2044 4081 in

178 4121 299 4188 iisdem
320 4121 447 4206 legibus
468 4129 559 4188 recte
579 4119 835 4208 interpretandis
856 4121 1022 4188 habiturus
1044 4121 1088 4186 sit
1109 4121 1157 4206 is,
1179 4141 1273 4208 quem
1294 4121 1434 4210 edimus,
1454 4121 1627 4188 Athanasii
1647 4121 1739 4188 liber.

307 4221 361 4288 Ao
388 4221 522 4309 primum
551 4221 696 4310 quidem,
733 4219 817 4308 quod
846 4220 889 4288 ad
916 4223 995 4288 iuris
1023 4221 1163 4288 Romani
1190 4223 1357 4288 historiam
1389 4224 1526 4312 attinet,
1560 4221 1712 4289 hocloco
1739 4218 2045 4291 commemorandum

177 4331 233 4390 est
268 4323 434 4407 singulare
465 4323 544 4390 illud
570 4323 745 4389 Athanasii
774 4321 984 4388 iureconsulti
1011 4323 1261 4390 constitutiones
1291 4323 1427 4399 τοπικὰς
1455 4331 1489 4390 et
1510 4320 1664 4408 χρονικὰς
1694 4341 1716 4388 a
1751 4321 1882 4411 reliquis
1908 4319 2046 4406 legibus,

176 4443 263 4512 quae
287 4423 425 4490 omnium
446 4425 572 4490 omnino
593 4424 720 4511 imperii
741 4420 919 4490 Orientalis
939 4423 1178 4510 provinciarum
1200 4425 1255 4492 vel
1277 4429 1455 4511 temporum
1477 4441 1658 4492 communes
1679 4424 1823 4511 luerunt,
1848 4419 2044 4508 segregandi

175 4523 331 4592 studium.
375 4523 428 4591 Dc
458 4544 521 4611 qua
546 4544 584 4592 re
612 4545 683 4592 com
711 4525 963 4612 prolegomenoio
994 4523 1102 4611 capite
1129 4523 1173 4590 ll.
1203 4525 1286 4591 satis
1315 4525 1521 4612 dictumst,
1556 4545 1620 4593 non
1655 4543 1737 4611 opus
1771 4531 1838 4613 est,
1870 4531 1923 4611 ut,
1961 4537 2044 4608 quae

175 4645 283 4714 snpra
307 4625 531 4711 exposuimus,
564 4626 724 4694 hocloco
753 4631 947 4712 repetamus.
991 4625 1110 4712 Neque
1136 4645 1217 4692 vero
1248 4644 1454 4718 quemquam,
1486 4626 1539 4714 qui
1572 4624 1823 4712 prolegomenuio
1860 4630 1957 4710 caput
1983 4619 2044 4686 lll.

174 4725 377 4818 perlegerit,
418 4727 536 4814 lugiet,
575 4734 653 4814 quot
692 4727 869 4814 qualesque
905 4725 985 4792 iuris
1018 4723 1147 4792 Graeco
1161 4725 1331 4794 -llomani
1365 4727 1442 4814 loci,
1480 4725 1535 4814 qui
1566 4725 1689 4792 crassis
1720 4727 1869 4796 occultati
1900 4721 2044 4790 tenebris

173 4825 429 4913 circumhrsique
450 4826 612 4894 latuerunt
639 4827 743 4894 adhuc
772 4845 904 4915 omnes,
939 4825 1066 4894 admoto
1096 4827 1158 4893 hoc
1186 4827 1279 4912 quasi
1306 4827 1442 4916 quodam
1469 4827 1647 4894 litterarum
1674 4825 1792 4896 lumine
1820 4827 2044 4894 collustrentur

173 4945 307 5014 suoque
334 4927 510 5014 splendore
539 4930 685 4996 omnibus
714 4928 808 4994 huius
836 4925 936 4992 studii
963 4927 1093 5011 angulis
1122 4946 1315 5014 repercusso
1342 4929 1579 4994 remotissimas
1613 4945 1758 5015 quasque
1791 4929 1883 4996 huius
1907 4929 2044 5021 ⁴tractus

174 5027 335 5113 regiones
357 5027 588 5116 quodammodo
610 5029 794 5096 illuminent.
839 5024 942 5114 Quid,
963 5026 1047 5113 quod
1069 5027 1130 5094 hoc
1150 5027 1363 5095 Novellarum
1385 5029 1491 5114 legum
1515 5049 1631 5116 corpus
1646 5027 1816 5096 Iustiniani
1837 5023 2044 5092 constitutio-

173 5147 248 5198 nes
270 5127 380 5218 lmbet‚
416 5147 497 5216 quos
520 5136 697 5216 temporum
717 5129 833 5194 iniuria
854 5127 948 5194 nobis
968 5127 1087 5195 invidit
1107 5129 1140 5195 in
1162 5137 1280 5210 totum,
1314 5136 1371 5196 aut
1391 5137 1482 5197 certe
1502 5131 1649 5215 integras
1674 5131 1717 5198 ad
1738 5135 1881 5195 nostram
1901 5127 2044 5192 oetatem

170 5231 357 5320 pervenire
377 5249 444 5297 non
465 5221 571 5298 murt
606 5231 717 5316 Atque
738 5229 810 5294 eius
831 5227 976 5316 quidem,
1011 5229 1096 5316 quod
1117 5229 1218 5318 primo
1239 5231 1311 5297 loco
1331 5227 1512 5317 posuimus,
1545 5231 1678 5317 generis
1705 5237 1757 5297 est
1777 5227 1828 5294 tit.
1850 5224 1915 5292 2⁰.
1937 5235 2041 5294 coust.

171 5331 236 5422 lig
262 5331 374 5421 adid,
406 5331 491 5417 quod
513 5329 656 5397 secundo
679 5329 749 5395 loco
771 5329 1105 5420 commemoravimus,
1141 5351 1245 5416 genus
1272 5332 1322 5398 tit.
1353 5330 1391 5398 4.
1420 5339 1525 5400 const.
1552 5331 1612 5400 tit.
1634 5327 1806 5399 referenda
1827 5337 1890 5395 est.
1932 5329 2043 5415 Atque

169 5431 264 5500 adeo
286 5432 320 5498 in
341 5439 433 5499 tanta
454 5431 716 5517 inscriptionum,
750 5449 830 5515 quas
852 5435 990 5521 vocant,
1025 5432 1209 5520 varietate,
1243 5423 1326 5520 quae
1348 5434 1382 5500 iu
1404 5433 1566 5522 omuibus,
1594 5451 1676 5520 quae
1698 5431 1804 5498 adhuc
1823 5432 2045 5514 innotuerunt,

170 5533 391 5600 Novellarum
428 5532 690 5618 constitutionum
725 5530 967 5598 collectionibus
1001 5532 1275 5622 deprehenditur,
1307 5535 1493 5621 spernenda
1519 5536 1591 5600 'non
1626 5537 1680 5598 est
1716 5530 1934 5599 Athanasium
1968 5529 2040 5596 libri

169 5633 369 5702 auctoritas.
411 5633 582 5702 Habentur
604 5635 690 5699 enim
709 5632 754 5700 ibi
774 5632 952 5720 permultae
972 5631 1184 5702 Novellarum
1212 5635 1475 5703 constitutionum
1500 5636 1638 5720 toruae,
1659 5631 1702 5698 ad
1723 5631 1822 5714 alios,
1856 5651 1969 5720 quom,
1987 5627 2043 5718 qui
2067 5614 2079 5639 ⁰

60 5759 70 5790 r
169 5735 280 5820 vulgo
302 5733 476 5824 hahentur,
497 5735 707 5820 magistratus
729 5735 880 5802 emissae.
923 5734 1040 5803 Liceat
1060 5733 1138 5802 mihi
1159 5734 1311 5804 hocloco
1334 5737 1416 5804 haec
1437 5735 1508 5802 eius
1529 5733 1578 5800 rei
1597 5733 1746 5821 exemplo
1767 5737 1899 5802 alterne:
1923 5723 1981 5800 tit.
2004 5729 2041 5797 3.

169 5843 287 5906 const.
314 5835 367 5925 l.,
396 5835 445 5904 tit.
466 5833 504 5903 4.
527 5830 630 5904 const.
659 5833 736 5923 14„
763 5835 814 5902 tit.
838 5833 875 5902 o.
897 5841 1002 5907 const.
1025 5831 1081 5926 A,
1109 5833 1160 5903 tit.
1186 5834 1223 5904 7.
1246 5843 1351 5906 const.
1376 5833 1430 5924 6.,
1463 5833 1514 5902 tit.
1543 5831 1579 5901 9.
1608 5842 1712 5904 coust.
1744 5835 1804 5902 ll.
1826 5841 1860 5902 ct
1885 5831 1945 5902 12.
1988 5831 2043 5900 lle
