4748 7074
873 559 1301 631 11011101111.
1928 560 2005 638 197

296 740 356 808 Vl.
399 740 511 812 Codex
539 742 705 835 Graecus,
736 746 789 834 qui
814 747 964 814 Venetiis
991 749 1076 814 inter
1097 745 1236 816 Codices
1267 748 1413 818 Graecos
1440 747 1655 816 bibliothecae
1676 747 1719 815 D.
1741 751 1846 820 blanci
1873 775 2003 822 numero

176 837 430 926 trasgarius
457 851 527 934 est,
556 843 740 933 descriptus
769 849 823 914 ille
854 847 979 934 (paridem
1001 869 1021 915 a
1042 849 1209 936 Theopolo
1238 853 1270 918 in
1299 851 1446 936 catalogo
1475 849 1619 917 eiusdem
1646 851 1858 920 bibliothecae
1880 863 1954 922 tom.
1975 859 2003 922 Ι.

170 961 198 1028 p.
223 941 313 1008 toa.
356 941 420 1009 Est
449 947 725 1034 membranaecuS,
751 955 881 1016 constat
909 949 1267 1028 loliis178.,saeculi
1297 953 1484 1019 duodecimi.
1528 951 1681 1017 Continet
1711 955 1868 1039 synopsin
1902 957 2003 1023 Basi-

167 1041 295 1110 licorum
317 1063 419 1132 usque
448 1045 488 1112 ad
510 1047 650 1114 litteram
671 1050 718 1114 Σ.
764 1051 930 1116 Ρ1111111
962 1059 1084 1140 autem,
1110 1059 1198 1118 teste
1226 1053 1391 1142 catalogo,
1414 1053 1568 1140 quaedam
1595 1053 1636 1122 de
1657 1053 1809 1138 gradibus
1837 1059 2005 1139 cognatio-

168 1162 237 1208 num
267 1163 310 1208 ex
336 1145 417 1212 libro
445 1147 587 1214 secundo
608 1149 859 1217 institutionum.
907 1149 969 1218 Vir
990 1151 1041 1217 lll.
1074 1150 1219 1218 Carolus
1252 1151 1368 1242 Wiltc,
1404 1155 1457 1240 qui
1484 1155 1605 1240 primus
1632 1155 1861 1222 animadvertit
1881 1157 1913 1222 in
1942 1158 2004 1224 hoc

169 1243 280 1314 codice
301 1255 444 1315 nostrum
464 1248 602 1314 libellum
625 1247 792 1342 11111111),
814 1253 876 1318 hoc
897 1253 1048 1338 precibus
1070 1255 1151 1320 meis
1173 1251 1274 1338 dedit,
1296 1263 1331 1319 ut
1352 1254 1535 1342 schedulas,
1557 1275 1638 1343 quas
1659 1257 1731 1341 lpse
1753 1255 1795 1322 dc
1818 1255 1909 1322 buius
1930 1257 2004 1324 libri

168 1357 352 1434 argomento
386 1350 459 1416 olim
496 1351 753 1438 conscripserat,
791 1372 915 1420 mecum
947 1355 1202 1420 communicaret.
1254 1351 1310 1422 Ex
1343 1357 1393 1422 his
1415 1355 1563 1422 intellexi
1590 1363 1735 1422 nostrum
1763 1355 1900 1424 libellum
1933 1377 2003 1426 cum

170 1445 246 1516 libro
276 1451 445 1532 (111111νί11
473 1453 673 1518 coniunctum
701 1451 823 1520 haberi.
874 1453 927 1520 Ad
950 1459 1127 1540 marginem
1154 1455 1275 1520 codicis
1302 1457 1449 1522 rubricae
1470 1455 1627 1521 habentur
1648 1457 1815 1543 legumque
1837 1460 1919 1524 satis
1940 1461 2004 1526 im·

175 1552 330 1638 perlectae
360 1551 582 1636 allegationes.
628 1553 755 1618 Nactus
781 1573 850 1620 sum
877 1555 1093 1642 apographum
1120 1558 1221 1622 nostri
1248 1557 1364 1646 libelli,
1390 1557 1430 1622 ab
1453 1556 1566 1622 eodem
1588 1557 1658 1622 viro
1681 1557 1887 1646 doctissimo,
1908 1579 2002 1647 quam

176 1653 268 1740 potuit
289 1653 551 1738 diligentissime,
572 1652 768 1740 conlectum,
790 1673 893 1742 eoque
915 1655 957 1722 ad
978 1657 1062 1722 banc
1084 1655 1257 1723 editionem
1281 1657 1500 1724 adornandum
1522 1677 1585 1723 non
1606 1677 1706 1742 aegre
1728 1679 1806 1724 usus
1828 1681 1909 1726 som.
2099 1739 2105 1754 ο

290 1753 364 1820 vlt.
408 1749 522 1818 Codex
552 1751 711 1834 Graecus,
738 1755 790 1841 qui
811 1755 999 1822 Florentiae
1020 1757 1105 1822 inter
1127 1755 1266 1823 Codices
1290 1757 1500 1824 bibliothecae
1521 1757 1718 1825 bledlcaeae
1740 1759 1840 1846 plutei
1862 1761 2000 1829 LXXX.

177 1873 295 1922 numero
320 1854 381 1920 10.
409 1855 530 1922 relatus
560 1863 629 1936 est,
657 1855 841 1944 descriptus
862 1857 917 1922 ille
939 1857 1065 1944 quidem
1087 1859 1170 1923 satis
1192 1858 1362 1944 diligenter
1383 1879 1403 1925 a
1424 1857 1582 1924 Baudinio
1604 1860 1636 1924 in
1659 1861 1805 1946 catalogo
1828 1861 2003 1930 bibliothe-

176 1975 228 2022 cae
259 1955 497 2022 Laurentianae
531 1961 607 2022 tom.
639 1956 699 2022 lll.
727 1978 757 2044 p.
794 1953 883 2023 194.
932 1956 998 2024 Est
1024 1958 1250 2047 bombycinus,
1284 1958 1405 2024 saeculi
1439 1959 1554 2026 decimi
1581 1962 1702 2050 quarti,
1737 1962 1878 2028 soliorum
1907 1961 1998 2030 419.

176 2048 319 2124 Continet
346 2055 558 2123 Basilicarum
585 2058 759 2144 synopsin,
793 2059 953 2126 Novellas
981 2061 1208 2146 imperatorum
1244 2061 1516 2147 Byzantiuorum,
1549 2057 1667 2150 ῥοπάς,
1702 2061 1813 2128 librum
1840 2067 1908 2150 περὶ
1930 2067 2000 2130 111-

175 2159 271 2244 φορᾶς
290 2147 551 2238 desponsandam
572 2153 669 2248 (inde
690 2177 805 2246 apag.
830 2155 920 2224 391.
944 2179 1046 2247 usque
1067 2159 1108 2226 ad
1131 2181 1206 2248 pag.
1229 2157 1353 2252 395),
1374 2160 1518 2244 eclogam
1532 2161 1741 2227 Novellarum
1763 2163 1896 2230 Leonis.
1941 2167 2001 2233 vir

173 2259 219 2324 lll.
247 2257 391 2326 ceretro
425 2257 521 2326 Wittc
547 2259 608 2326 hoc
636 2259 713 2326 mihi
740 2261 868 2350 tribuit,
907 2266 959 2348 ut,
1001 2281 1084 2349 quae
1111 2281 1154 2328 ex
1182 2263 1243 2328 boc
1270 2261 1383 2328 codice
1412 2269 1601 2352 enotasset,
1638 2263 1680 2328 ad
1700 2283 1752 2330 me
1780 2267 2000 2336 transmittere

174 2361 312 2426 voluerit.

289 2461 383 2529 vltl.
426 2457 539 2530 Codex
567 2459 733 2552 Graecus,
761 2459 815 2550 qui
842 2463 928 2530 inter
958 2462 1103 2530 eiusdem
1138 2463 1351 2546 bibliothecae
1385 2465 1484 2530 libros
1511 2465 1611 2550 plutei
1638 2465 1776 2530 LXXX.
1804 2485 1934 2532 numero
1963 2463 2000 2536 Θ.

174 2565 287 2630 relatus
317 2571 388 2650 est,
415 2561 599 2648 descriptos
626 2564 681 2630 ille
711 2565 837 2652 quidem
859 2584 880 2630 a
899 2565 1059 2631 Baudinio
1088 2565 1109 2632 l.
1137 2565 1160 2631 l.
1190 2587 1221 2653 p.
1254 2561 1341 2630 186.
1370 2585 1438 2651 seq.
1480 2564 1545 2631 Est
1571 2565 1849 2656 membranaceus,
1879 2570 2001 2635 soeculi

175 2664 280 2732 decimi
304 2665 412 2752 tertii,
439 2663 524 2730 loliis
547 2659 637 2730 395.
660 2671 799 2732 constat.
843 2663 955 2731 Habet
982 2667 1139 2752 synopsin
1166 2666 1394 2756 Basilioorum,
1423 2667 1582 2733 Novellas
1612 2665 1838 2752 imperatorum
1865 2667 2001 2754 Byzan-

176 2768 318 2854 b'norum,
343 2762 461 2852 ῥοπάς,
489 2765 603 2850 librant
629 2768 698 2850 περὶ
719 2767 880 2853 διαφορᾶς
901 2764 1171 2849 ἀναγνωσμάτων.

290 2867 347 2934 ΙΧ.
390 2867 504 2934 Codex
526 2865 674 2932 Graecus
695 2865 839 2934 eiusdem
869 2867 1102 2957 bibliothecae,
1129 2869 1182 2956 qui
1209 2869 1295 2934 inter
1315 2867 1416 2955 plutei
1436 2867 1496 2934 lv.
1518 2867 1617 2933 libros
1638 2887 1769 2935 numero
1796 2869 2000 2938 11111111

176 2977 236 3058 est,
255 2969 435 3056 descriptus
454 2969 510 3036 ille
531 2967 659 3055 quidem
685 2969 770 3032 satis
796 2967 968 3052 diligenter
988 2987 1009 3033 a
1029 2967 1189 3035 Bandinio
1210 2970 1232 3035 l.
1255 2969 1276 3034 l.
1300 2975 1377 3035 tom.
1403 2969 1430 3034 l.
1452 2989 1484 3056 p.
1508 2965 1598 3033 530.
1640 2969 1707 3035 Est
1727 2971 2000 3060 membra'naceuS,

175 3071 287 3136 saeculi
318 3065 493 3157 undecimi,
529 3074 658 3135 constat
692 3069 778 3134 loliis
801 3067 891 3134 3011.
935 3068 1087 3135 Continet
1118 3069 1279 3157 synopsin
1316 3069 1545 3156 Basilicorum,
1576 3071 1736 3138 Novellas
1772 3073 1999 3157 imperatorum

175 3171 433 3258 byzantinorum,
474 3166 592 3254 ῥοπάς,
632 3170 726 3235 aliam
766 3171 977 3236 Novellarum
1017 3169 1272 3256 Byaaotinarum
1314 3169 1550 3258 collectionem,
1601 3172 1745 3256 eclogam
1786 3172 2000 3240 Novellarum

175 3271 302 3360 Leonis,
335 3273 474 3339 libellum
501 3270 541 3336 de
568 3271 764 3361 octonibus,
806 3277 1033 3338 testamentum
1062 3269 1227 3356 Gregorii,
1260 3269 1459 3336 Moschionis
1493 3271 1705 3357 hypothecas.
1749 3273 1787 3338 lu
1815 3292 1854 3338 eo
1885 3273 1998 3340 codice

174 3382 306 3439 nostmm
331 3373 472 3440 libellum
498 3372 609 3438 inesse
635 3373 755 3458 primus
782 3371 1011 3439 animadvertit
1040 3372 1082 3439 V.
1104 3371 1154 3438 lll.
1179 3372 1323 3438 Carolus
1359 3369 1458 3436 111111
1469 3367 1522 3463 ²),
1549 3371 1697 3458 idemque
1719 3377 1831 3454 etiam,
1853 3393 1935 3460 quas
1956 3374 2000 3441 de

174 3494 211 3542 eo
228 3495 262 3543 re
282 3478 353 3562 ipse
375 3473 614 3559 conscripserat
636 3473 826 3562 schedulas,
848 3493 969 3540 mecum
991 3474 1246 3540 communicavit.

287 3577 331 3643 X.
381 3573 495 3642 Codex
529 3573 751 3642 llaenelianus
787 3575 847 3662 A,
889 3574 978 3640 cuius
1012 3575 1180 3641 historiam
1212 3579 1494 3659 argumentumque
1532 3573 1564 3638 in
1606 3573 1885 3642 observationibus
1919 3577 1999 3643 iuris

173 3665 682 3766 (111111-111111111.9-4.
711 3675 880 3741 illustravi.
944 3673 1010 3742 Est
1041 3677 1071 3742 is
1103 3675 1224 3742 seaculi
1259 3673 1433 3762 undecimi,
1471 3673 1631 3761 habetque
1664 3673 1878 3741 Basliieorum
1916 3697 1999 3764 syn-

172 3781 273 3868 opsin,
300 3777 460 3844 Novellas
494 3777 718 3864 imperatomm
747 3777 1016 3864 Byzantiuorum,
1052 3771 1169 3862 ῥοπάς,
1202 3781 1364 3862 nostrum,
1400 3794 1462 3860 quo
1494 3775 1535 3840 de
1563 3777 1685 3866 agitur,
1712 3777 1868 3866 libellum,
1903 3779 1999 3846 oliam

169 3880 416 3967 Byzantiuarum
435 3877 645 3944 Novellarum
666 3877 903 3958 collectionem,
939 3879 1083 3962 eclogam
1103 3875 1314 3941 Novellarum
1335 3874 1474 3962 Leonis,
1502 3871 1637 3941 Sisinnii
1659 3877 1862 3963 patriarchae
1883 3879 1926 3946 de
1947 3881 1999 3946 in-

170 3986 264 4048 cestis
291 3981 411 4068 nuptiis
439 3979 609 4064 epistolam
637 3979 839 4069 canonicam,
871 3978 913 4044 de
947 3977 1126 4044 actionibus
1151 3975 1307 4060 libellum,
1342 3973 1492 4059 Gregorii
1519 3981 1764 4064 testamentum,
1799 3979 1998 4046 bloschiouis

168 4083 374 4172 hypothecas.
423 4079 517 4146 Hono
543 4099 604 4164 ego
631 4079 742 4146 librum
771 4079 926 4146 beneficio
953 4077 1099 4144 11111111
1124 4075 1188 4143 mei
1217 4075 1589 4162 oumapograpboipse
1611 4078 1831 4144 1111111111.
1874 4080 1998 4147 Noster

167 4187 287 4254 libellus
308 4206 330 4252 a
349 4183 423 4250 solio
446 4178 536 4246 231.
558 4181 599 4247 Β.
621 4200 721 4267 usque
742 4179 784 4246 ad
805 4181 858 4247 fol.
881 4175 972 4245 1134.
995 4179 1037 4243 Α.
1061 4179 1213 4264 pertinet.

285 4287 345 4353 Xl.
388 4282 501 4350 Codex
533 4281 743 4348 bibliothecae
776 4279 962 4360 Palatinae,
1004 4298 1086 4366 quoe
1107 4295 1191 4344 nunc
1218 4275 1341 4344 Romae
1373 4277 1525 4366 babetur,
1565 4296 1696 4344 numero
1736 4275 1799 4344 19.
1833 4277 1992 4372 signatos,

168 4390 344 4476 descriptus
373 4385 428 4452 ille
457 4385 583 4470 quidem
604 4403 625 4449 a
646 4381 818 4468 Sylburgio
847 4382 880 4447 in
907 4380 1054 4466 catalogo
1082 4377 1294 4445 bibliothecae
1322 4377 1492 4444 Palatinae
1520 4397 1553 4464 p.
1576 4375 1611 4442 5.
1652 4379 1724 4445 1111
1745 4384 1878 4447 auctore
1899 4385 1932 4450 11
1953 4402 1992 4450 eo

167 4488 242 4556 libro
269 4489 426 4556 habentur
455 4485 666 4552 Basilicorum
695 4483 865 4572 synopsis,
900 4481 1061 4547 Novellae
1089 4481 1317 4565 imperatorum
1347 4477 1621 4565 Byzantinorum,
1654 4482 1768 4566 ῥοπιιί,
1798 4480 1924 4548 libellus
1951 4485 1993 4549 de

171 4589 351 4656 1111111111
372 4580 554 4653 lectionum
575 4605 634 4651 seu
661 4586 883 4670 lecturorum,
905 4584 968 4650 alia
995 4581 1203 4648 Novellarum
1227 4579 1480 4668 Bynautinarum
1508 4579 1673 4668 collectio,
1700 4581 1812 4666 ecloga
1832 4582 1993 4649 Novella·

173 4711 234 4756 ntm
257 4691 394 4776 Leonis,
428 4687 565 4756 sisinnii
592 4685 634 4752 de
668 4685 804 4752 incestis
832 4685 952 4769 nuptiis
981 4701 1105 4771 sermo,
1142 4680 1184 4747 de
1220 4681 1399 4747 actionibus
1434 4681 1531 4766 liber,
1560 4699 1730 4747 mensurae
1764 4685 1993 4772 geometricae,

174 4791 309 4880 Gregorii
330 4790 473 4874 theologi
498 4793 736 4874 testamentum,
756 4787 798 4852 de
819 4785 967 4851 bissento
988 4785 1127 4870 libellus,
1148 4783 1225 4848 item
1247 4779 1288 4846 de
1309 4781 1520 4864 generatione
1541 4782 1695 4870 hominis,
1715 4783 1757 4849 de
1777 4783 1864 4848 Istro
1884 4785 1993 4866 novio,
2053 4781 2062 4795 '

176 4892 213 4958 de
236 4895 355 4961 actione
381 4893 415 4957 in
442 4909 624 4976 personam.
666 4887 775 4974 lpsum
801 4887 933 4975 librum,
970 4905 1041 4952 cum
1068 4887 1192 4950 Romae
1228 4899 1352 4969 essem,
1387 4883 1554 4969 quominus
1588 4883 1747 4971 intuerer,
1776 4883 1896 4968 Augeli
1915 4883 1995 4950 Maii

174 4992 281 5060 invidia
299 4993 524 5082 impedimento
547 4989 615 5056 luit.

284 5097 461 5182 Postquam
482 5089 626 5175 singulos
649 5089 780 5155 codices
800 5081 1053 5176 manuscriptos,
1074 5085 1128 5174 qui
1150 5085 1243 5153 nobis
1264 5084 1481 5172 innotuerunt,
1503 5083 1770 5170 enumeravimus,
1791 5103 1855 5149 non
1875 5084 1935 5150 abs
1955 5103 1993 5152 re

174 5196 236 5263 tore
252 5199 448 5282 arbitramur,
469 5193 498 5259 si
513 5193 614 5278 ipsam
634 5192 727 5256 huius
748 5188 892 5275 opusculi
907 5193 1052 5254 naturam
1072 5186 1274 5273 indolemque
1290 5185 1403 5271 paucis
1421 5182 1650 5250 describamus.
1685 5183 1794 5250 Habet
1814 5185 1992 5270 perbreves

173 5301 351 5386 sententias,
373 5315 417 5363 ex
429 5292 602 5360 Athanasii
614 5288 811 5357 Scholastioi
831 5287 872 5354 de
890 5287 1060 5354 Iustiniani
1075 5287 1225 5354 Novellis
1240 5286 1467 5352 commentario
1484 5285 1536 5349 hle
1555 5281 1621 5347 illic
1643 5289 1810 5370 exceptas,
1831 5292 1865 5350 ut
1885 5293 1993 5353 tameo

174 5398 248 5464 tituli
264 5392 300 5466 et'
313 5395 563 5481 constitutionis,
584 5389 668 5457 unde
686 5389 812 5474 singula
830 5407 974 5475 quaeque
993 5389 1132 5456 deducta
1151 5389 1227 5478 siut,
1248 5385 1373 5453 numeri
1391 5387 1633 5473 praetexuntur.
1659 5383 1775 5469 Itaque
1793 5386 1875 5450 satis
1889 5407 1992 5474 appa-

172 5507 226 5586 ret,
244 5501 343 5588 qualis
365 5503 546 5586 quantaque
566 5495 651 5559 iuter
672 5497 838 5578 utrumque
858 5489 971 5556 bbrum
991 5488 1175 5558 intercedat
1194 5489 1355 5575 cognatio.
1391 5486 1429 5552 ln
1444 5501 1506 5570 quo
1522 5489 1629 5548 tamen
1642 5483 1722 5549 mira
1736 5485 1892 5570 quaedam
1907 5490 1992 5554 scri·

181 5683 639 5704 ω

307 5804 337 5863 1]
353 5805 383 5854 ln
397 5804 483 5854 libro:
503 5797 1245 5866 2111111111111191111111111111111111111111111111111,
1257 5805 1334 5860 quem
1346 5789 1564 5856 emottsaotpnu
1576 5793 1639 5842 tom.
1652 5793 1829 5857 vuantos.
1884 5797 1991 5855 meld.
2054 5814 2058 5823 ·

1506 5885 1594 5956 141
