4748 7074
658 555 1419 630 Nov.lleT11t.'ile.xx.
1616 611 1623 628 .
1918 563 1995 632 tre

164 753 254 822 τοῦτο,
275 742 352 812 dlii
369 757 428 822 τοῖς
447 751 476 812 δν
495 744 657 832 πράγμασιν
675 753 842 830 τειρομένοις
865 751 904 827 (ν.
921 755 1061 834 nemppe
1102 749 1220 826 (αιτιοι)
1241 767 1279 808 ne
1299 751 1402 827 utitor,
1422 765 1524 810 verum
1543 748 1609 826 iris,
1629 749 1680 823 qui
1699 750 1819 811 muitum
1839 769 1995 832 magnum-

161 835 232 911 νοις)
260 834 307 894 καλ
335 827 386 911 την
412 831 553 913 πολιτικὴν
573 830 649 908 τάξιν
674 835 917 914 ansemundi)
944 839 990 898 καλ
1010 835 1062 918 τὴν
1102 851 1159 908 que
1184 851 1279 892 rerum
1305 835 1468 894 habuerunt
1493 851 1595 909 usum,
1623 837 1723 908 etqui
1750 837 1866 896 civilem
1886 847 1994 900 statum

159 915 362 1022 αἰνπραξινθῖ)
383 915 434 980 σιἰκ
449 924 477 980 ἐν
496 930 554 991 τοῖς
574 917 666 994 οἴκοις,
686 917 759 981 elli
774 919 946 1000 δημοοίηθθ)
968 943 1062 984 nomn-
1102 925 1263 992 noverunt,
1297 926 1326 978 et
1354 921 1534 978 exactionem
1563 935 1620 978 non
1654 920 1684 978 in
1710 921 1860 998 domibus,
1891 941 1994 984 verum

157 1009 249 1086 μένοις
285 1023 356 1082 μετα
389 1009 439 1082 τῆς
475 999 637 1083 πρεπούσης
676 1001 886 1078 menardum.
928 1003 1058 1068 καθόλου
1102 1021 1168 1062 cum
1196 1005 1381 1062 convenienti
1406 1005 1560 1062 devotione
1585 1005 1702 1076 publice
1729 1007 1851 1064 iaciunt.
1892 1011 1994 1068 tiene·

157 1091 185 1152 ti
215 1093 306 1152 πᾶσιν
338 1083 521 1168 προαγορεύει
547 1085 564 1162 ἡ
593 1084 717 1160 διάταξις
749 1092 793 1150 ἐπὶ
827 1083 1058 1170 προφάσεσινθθ)
1098 1090 1199 1147 ralltor
1225 1094 1320 1146 sotem
1347 1089 1454 1163 (haee)
1481 1090 1649 1146 constitutio
1685 1091 1817 1152 omnibus
1843 1095 1995 1170 praecipit,

156 1179 311 1245 ῐόιωκαιαῑς
337 1170 379 1250 (ν.
404 1173 564 1246 ίδιωταιατς)
585 1170 772 1254 στρατιώτας
784 1173 810 1252 ¹)
835 1171 875 1252 μὴ
899 1180 1060 1256 κεχρῆσθαι
1100 1179 1134 1231 ut
1160 1174 1190 1230 iu
1218 1174 1333 1230 caussis
1360 1173 1482 1246 privatis
1504 1174 1627 1230 militum
1655 1189 1728 1232 usus
1752 1191 1795 1239 ne¹
1816 1178 1870 1250 sit,
1899 1193 1995 1250 neque

154 1256 170 1339 ἢ
194 1255 250 1338 τὴν
274 1262 386 1320 σιάνσῦν
411 1253 451 1317 δι’
474 1255 567 1318 αὐτῶν
587 1263 733 1339 ἐπαγαγεῖν
751 1261 890 1338 μεθοδίαν
912 1259 952 1336 (v.
972 1267 1061 1338 μεθο-
1103 1258 1312 1330 qualiscunque
1338 1259 1473 1316 executio
1501 1259 1642 1316 adversus
1663 1274 1820 1332 quosquam
1841 1277 1893 1334 per
1913 1263 1995 1320 mili-

155 1339 288 1420 dslnv)²)
310 1345 397 1416 τισίν,
424 1335 536 1404 εἰδότων
556 1347 611 1404 των
631 1337 741 1404 τοιοῦτό
762 1365 789 1403 τι
812 1337 944 1422 πράττειν
965 1347 1062 1424 ἐπιγει·
1102 1347 1148 1399 tes
1169 1344 1233 1414 nat,
1255 1341 1416 1400 scientibus
1437 1344 1489 1412 iis,
1511 1343 1561 1414 qui
1584 1343 1642 1399 tale
1663 1344 1731 1414 quid
1752 1347 1850 1402 lacere
1872 1351 1995 1422 tentant,

156 1425 294 1508 ροόνιων,
314 1425 353 1499 οἱς
373 1427 419 1488 καὶ
439 1421 533 1504 πάσης
554 1425 662 1507 ἀγωγῆς
682 1423 699 1506 ἢ
721 1421 907 1500 ἀνανεώσεως,
928 1421 963 1502 dg
984 1423 1062 1489 d‘so'-
1102 1427 1179 1484 omni
1205 1427 1320 1482 notione
1354 1431 1384 1482 et
1415 1428 1583 1500 novatione,
1618 1441 1702 1498 quam
1727 1427 1776 1486 lox
1805 1437 1906 1488 eontra
1933 1447 1994 1506 eos,

158 1513 251 1593 pon3)
273 1511 370 1583 αὐτοῖς
390 1513 479 1574 ἐδίδου
499 1507 574 1572 κατά
598 1517 653 1572 τῶν
679 1509 884 1590 destupesco,
916 1515 1061 1574 διπεσσῦν-
1101 1513 1150 1582 qui
1172 1511 1286 1568 actione
1307 1511 1472 1585 pulsantur,
1492 1511 1566 1584 ipsis
1583 1511 1745 1586 concessit,
1764 1519 1881 1586 propter
1900 1515 1996 1588 ipsam

160 1619 206 1660 ται
237 1595 278 1656 δι’
307 1592 432 1675 adsim)
459 1597 505 1655 sol
531 1589 618 1676 μάνην
645 1591 696 1674 τὴν
716 1597 857 1675 ἐνγείρισιν
883 1595 923 1674 (v.
944 1599 1060 1676 δγχείρη-
1100 1596 1223 1666 σίσαρον
1249 1595 1343 1650 solum
1364 1601 1497 1652 conatum
1528 1611 1594 1652 sese
1624 1597 1767 1668 privatum
1792 1599 1839 1655 iri.
1879 1599 1995 1658 Milites

164 1679 271 1760 wip
292 1677 403 1752 αοόςδδ
423 1678 637 1758 άηυριζομδνους
658 1675 833 1756 στρατιώτας
845 1684 882 1751 είς
898 1675 1060 1758 stimant)
1100 1695 1188 1751 vero,
1217 1679 1266 1752 qui
1287 1679 1324 1734 ad
1346 1680 1516 1736 tributorum
1537 1681 1718 1737 exactionem
1734 1682 1920 1757 adhibentur,
1941 1686 1994 1742 in-

167 1768 303 1847 δημασίων
336 1761 554 1844 παρωιελεύεται
587 1760 681 1843 πάσης
696 1763 722 1840 τ)
764 1759 962 1844 σπορτούλλων
994 1762 1060 1826 άπέ·
1100 1765 1150 1822 bei
1178 1765 1214 1820 ab
1248 1764 1325 1820 omni
1351 1764 1543 1836 sportularum
1576 1765 1697 1836 capione
1731 1782 1798 1822 sese
1838 1769 1995 1844 abstinere,

169 1857 268 1934 γισδαι
289 1845 402 1929 λήψεως
428 1851 475 1908 καὶ
500 1847 618 1928 μηδὲνθ)
645 1844 774 1910 καθόλου
794 1843 874 1928 πυρά
894 1843 970 1920 τινάς
990 1849 1059 1926 λαμ·
1100 1863 1194 1920 neque
1215 1850 1366 1920 quicquam
1383 1850 1497 1906 omnino
1516 1863 1534 1903 a
1555 1863 1698 1920 quoquam
1718 1850 1866 1924 accipere,
1892 1868 1993 1911 verum

172 1931 268 2016 βάτια,
312 1929 387 1994 iud
418 1929 503 2014 ταῖς)
524 1933 553 2009 9)
586 1936 697 2003 οἰκείαις
730 1930 883 2012 άριιεανδαι
911 1929 1060 2012 σητὴοεσιν
1101 1933 1224 1990 annonis
1245 1937 1396 1990 contentos
1417 1949 1483 1989 esse
1504 1932 1576 1988 suis.
1612 1935 1721 1989 llorum
1742 1941 1837 1991 autem
1858 1938 1993 2010 omnium,

172 2023 210 2097 (ν.
228 2013 392 2094 σπάσασα).
432 2011 481 2096 την
502 2017 531 2078 ol
551 2021 607 2078 των
627 2019 772 2098 εἰρημένων
798 2011 909 2078 πάντων
929 2037 1061 2098 παραφυ-
1101 2033 1177 2090 quae
1204 2017 1283 2074 dicta
1309 2022 1395 2088 aunt,
1421 2017 1650 2074 observationem
1671 2023 1701 2073 et
1721 2020 1867 2092 episcopis
1888 2021 1994 2078 cuins·
2090 2023 2095 2034 '
2143 2010 2148 2018 ’

173 2099 303 2182 ladam)
324 2114 383 2173 ταῖς
409 2096 482 2162 κατά
509 2095 598 2161 τόπον
626 2097 785 2173 ἐπισκόποις
805 2100 834 2162 τά
860 2102 906 2160 καλ
927 2093 1061 2181 άργουσιν
1101 2117 1158 2174 que
1177 2101 1235 2158 loel
1256 2107 1286 2158 et
1306 2101 1525 2176 magistratibus
1545 2102 1705 2159 committit.
1738 2103 1786 2160 Ad
1802 2105 1874 2161 haec
1888 2107 1994 2178 sancit,

173 2189 307 2266 ἐπιτράπει
349 2181 423 2265 πρὸς
449 2181 559 2258 τούτοις
583 2182 751 2266 ἀπαγορεύει
780 2195 839 2256 τοῖς
859 2177 993 2265 άργουσιν
1013 2187 1061 2245 καὶ
1100 2193 1134 2244 ut
1153 2187 1342 2260 magistratus
1368 2190 1419 2242 ant
1447 2186 1543 2257 quivis
1575 2187 1651 2241 aliem
1683 2185 1852 2258 cuiusquam
1880 2189 1994 2246 domurn
2085 2217 2093 2230 ·

174 2275 248 2334 παντλ
278 2273 362 2350 ἑτέρῳ
388 2265 464 2332 σάκον
498 2270 539 2349 (ν.
571 2267 657 2348 οἶκον)
669 2270 712 2350 1¹)
747 2265 821 2341 τινός
846 2265 886 2350 μν)
913 2264 1060 2330 καταλύειν
1100 2275 1252 2344 praetextu
1281 2269 1377 2342 operis
1404 2271 1473 2328 novi
1501 2273 1601 2328 eontra
1627 2271 1734 2327 domini
1760 2273 1860 2348 (eius)
1892 2273 1993 2332 donnus

115 2402 122 2415 .
175 2351 306 2436 προφάσει
323 2360 374 2416 τοῦ
389 2353 540 2432 άνανεῆοαι
556 2351 630 2417 κατά
645 2359 695 2416 τοῦ
713 2349 1058 2430 recommendationem.
1099 2355 1277 2412 voluntatem
1301 2370 1337 2410 oe
1352 2354 1449 2411 diruat
1465 2357 1574 2426 absque
1591 2355 1686 2426 operis
1707 2358 1774 2412 novi
1795 2363 1890 2414 umen
1914 2375 1994 2416 nnn-

176 2438 264 2514 οάιον),
284 2443 347 2519 δίχα
367 2443 458 2517 μέντοι
474 2442 635 2516 κενοτομίας
655 2436 902 2518 (ακαινστσμίας).
922 2435 990 2498 καθ’
1005 2441 1057 2500 lsi
1099 2440 1234 2497 ciaiione.
1264 2435 1365 2514 Aust)
1378 2439 1404 2494 sl
1425 2441 1650 2496 contrafactum
1671 2441 1719 2512 ait,
1741 2441 1778 2515 ei,
1799 2443 1848 2512 qui
1866 2443 1922 2500 hoe
1943 2446 1993 2499 le·

176 2525 270 2602 poen)
287 2526 430 2603 γενομέναν
445 2527 486 2598 τῷ
503 2527 586 2584 τοῦτο
604 2520 743 2603 πράξαντι
756 2517 807 2600 τὴν
820 2517 937 2583 κατάτά
954 2518 1057 2600 δηπλά-
1100 2525 1151 2596 cit,
1175 2525 1207 2580 in
1228 2525 1345 2596 duplum
1364 2524 1575 2580 restitutionem
1600 2525 1705 2597 damni,
1731 2525 1844 2582 domino
1866 2527 1993 2584 aedilicii

177 2630 228 2669 σιον
248 2609 285 2680 (v.
300 2602 460 2684 διπλάσιον)
482 2603 583 2667 ἔκτισιν
601 2613 653 2685 τῆς
673 2607 770 2686 ζημίας
785 2613 835 2686 τῆς
856 2609 998 2686 γενομένης
1018 2609 1059 2682 τῷ
1100 2607 1170 2681 dati,
1192 2609 1319 2683 iniunglt
1332 2604 1381 2682 (1)
1401 2623 1437 2664 ao
1458 2623 1577 2680 poenam
1599 2609 1699 2664 decem
1720 2611 1784 2666 auri
1805 2611 1940 2668 librarum
1962 2617 1993 2670 et

177 2687 279 2752 δεσπάτι
301 2692 343 2768 (v.
356 2686 491 2770 δεσπότῃ)
513 2695 562 2751 τοῦ
584 2688 660 2750 οάιου
682 2688 876 2768 (v.orirov)¹³)
898 2691 944 2750 uni
963 2685 1059 2768 ποινὴν
1100 2693 1282 2764 imperatoris
1308 2693 1536 2766 indignationem
1563 2693 1730 2768 (minabit),
1756 2695 1803 2750 his
1830 2701 1859 2750 et
1888 2711 1907 2750 a
1927 2712 1993 2752 ma-

177 2779 233 2836 δίνα
262 2779 378 2856 χρυσίου
413 2777 514 2854 λιτρῶν
545 2771 717 2856 [ι’πάγει]“)
745 2777 791 2834 καλ
820 2769 964 2853 βασιλαιὴν
991 2772 1058 2854 άγο-
1100 2778 1274 2850 gistratibus
1300 2783 1330 2834 et
1358 2777 1394 2832 ab
1420 2777 1474 2852 iis,
1504 2777 1554 2848 qui
1580 2777 1697 2849 publica
1722 2779 1831 2836 tributa
1856 2785 1992 2854 tractant,

178 2855 285 2921 ιάντισιν
312 2859 354 2936 (ν.
386 2855 600 2938 άγανάνπησιν),
634 2853 740 2920 τούτων
766 2858 1059 2938 παραφυλαττομένων
1100 2861 1298 2920 observandis.
1340 2861 1461 2934 Scripta
1481 2867 1526 2920 eat

179 2939 225 3004 ιἰπό
249 2966 295 3004 ται
322 2943 363 3022 (v.
390 2939 446 3006 ὑπό
473 2947 516 3022 τε)
530 2941 575 3018 ¹⁵)
610 2948 667 3003 τῶν
691 2937 834 3022 ἀρχόντων
862 2943 911 3002 καὶ
935 2947 992 3004 τῶν
1021 2937 1057 3003 τά

179 3023 286 3106 δημόσια
304 3023 493 3106 πραττόντων.
533 3021 635 3108 Ἐγὸί
646 3027 759 3104 ....¹“).

217 3243 222 3250 ·
262 3208 358 3296 52¹¹)
391 3207 473 3311 περὶ
509 3210 752 3310 συγχωρίσεως
784 3209 835 3309 (v.
874 3205 1054 3312 συγγωρή·
1178 3189 1386 3286 Consti.
1450 3210 1507 3286 Dc
1538 3209 1753 3309 induigentia
1783 3212 1992 3312 publicorum

176 3309 265 3410 σεινς)
294 3311 484 3412 δημοσίων.
1095 3310 1302 3386 tributorum.

242 3495 823 3580 Ἱοοστῑνος(ν.’1ανστι”νος)Αύγαῦστος.
845 3501 923 3577 (sio)
944 3500 1055 3564 ἔδαιον.
1178 3499 1310 3558 lustinus
1348 3502 1515 3576 Augustus.
1555 3499 1701 3562 Edictum.
1753 3501 1874 3571 onoma
1910 3505 1991 3564 αιέασ
2008 3521 2066 3565 dor.
2084 3519 2140 3568 lla.

171 3575 255 3646 Ὀσιι
280 3585 321 3664 (ν.
347 3578 451 3663 ὅσην)
480 3585 563 3662 περ)
591 3577 633 3643 τά
667 3580 771 3645 κοινά
804 3589 872 3646 τῶν
898 3580 1054 3666 πραγμά-
1097 3597 1342 3644 commoneam.
2021 3590 2028 3603 ⁰

174 3688 238 3727 των.

243 3800 280 3864 ‘H
295 3797 419 3874 διάταξις
444 3813 582 3882 συγχωρεῖ
596 3802 736 3880 adeost)
764 3813 823 3875 τοῖς
843 3800 1002 3866 ὑποτελέσιν
1011 3803 1055 3880 ¹⁹)
1181 3801 1297 3878 (llaec)
1313 3800 1482 3861 constitutio
1497 3803 1630 3861 omnibns
1646 3803 1832 3862 collatoribus
1849 3819 1894 3882 ea,
1916 3821 1992 3878 qnae

174 3879 206 3946 τά
223 3889 347 3968 pipam)
367 3891 418 3964 τῆς
439 3881 605 3964 διελθούσης
630 3881 665 3964 η’.
692 3883 875 3966 ἐπινεμήσεως
902 3891 948 3950 καλ
969 3887 1057 3968 αὐτῆς
1096 3903 1190 3960 usque
1209 3887 1248 3943 ad
1267 3888 1452 3960 praeteritam
1478 3892 1610 3946 octavam
1635 3889 1822 3948 indictionem
1849 3895 1879 3946 ot
1897 3889 1993 3964 ipsam

175 3969 345 4050 διοηιλόμενα
377 3969 420 4044 (ν.
451 3965 666 4049 ἐπορειλάμενα)
701 3969 776 4052 παρ’
805 3969 898 4034 αὐτῶν
924 3968 1055 4052 δημόσια,
1096 3973 1133 4029 ab
1153 3973 1191 4029 iis
1212 3971 1362 4046 debentur,
1384 3971 1501 4045 publica
1521 3973 1628 4030 tributa
1647 3975 1775 4048 remittit,
1796 3965 1900 4032 iubens
1920 3977 1993 4034 nul-

175 4055 335 4128 δεοπίζονσα
360 4054 410 4134 pb
430 4057 565 4134 μηδεμίαν
586 4052 729 4135 εἴσπραξιν
754 4052 927 4134 δλλιμμάτων
952 4056 992 4136 (v.
1013 4059 1055 4118 ei-
1096 4057 1153 4114 lam
1179 4058 1243 4116 dori
1270 4057 1452 4114 exactionem
1484 4057 1659 4129 reliquorum
1690 4074 1784 4130 usque
1817 4058 1855 4116 ad
1881 4059 1992 4134 (bane)

174 4135 328 4220 λιιμμάτων)
356 4142 488 4218 γενέσθαι
508 4129 573 4218 άγρι
598 4143 649 4217 τῆς
668 4137 755 4218 αὐτῆς
774 4135 973 4218 ἐπιτιμήσεως,
1000 4138 1056 4202 εἴτε
1096 4140 1217 4198 eandem
1242 4140 1445 4216 indictionem,
1475 4141 1540 4198 sive
1565 4142 1748 4218 generalem,
1781 4143 1846 4200 sive
1871 4145 1993 4216 specia-

174 4218 326 4304 τὶγιγεναὴν
340 4219 457 4302 νάειν)
470 4219 556 4302 ἰδικὴν
571 4218 717 4303 (αλδυιὴν)
738 4218 930 4304 τράπεζανθῑ)
950 4223 1054 4302 ὁρῶσιν
1095 4225 1152 4282 lern
1178 4241 1308 4282 mensam
1333 4229 1467 4298 spectant
1492 4227 1767 4301 gloriosissimorum
1797 4227 1828 4285 in
1852 4229 1992 4286 universa

174 4311 257 4368 τῶνέι
271 4303 373 4386 ὅλη”)
392 4313 427 4386 τῇ
443 4309 562 4388 πσλητίιγ
576 4305 763 4385 (vannum)
783 4305 787 4380 Ι
808 4307 854 4386 ²³)
867 4304 1053 4380 ἐνδοξοτάτων
1094 4311 1244 4381 republica
1273 4310 1509 4385 magistratuum,
1536 4311 1600 4368 aive
1630 4312 1668 4367 ad
1696 4327 1796 4370 sacros
1827 4313 1991 4387 thesauros,

173 4385 372 4472 άργάιτωνΗ),
399 4390 453 4454 εἴτε
473 4397 512 4464 είς
532 4386 598 4461 τούς
622 4394 719 4463 δείους
739 4389 904 4473 θησαυρούς
925 4388 942 4471 ν)
963 4387 996 4454 τά
1019 4399 1052 4453 εἰ·
1094 4399 1145 4451 aut
1165 4394 1381 4452 sanctissimum
1400 4396 1552 4468 aerarium,
1573 4399 1625 4452 aut
1644 4411 1759 4452 sacrum
1779 4397 1992 4470 patrimonium,

173 4469 280 4550 ράτατον
298 4479 398 4557 ταμίαν
419 4474 461 4554 (v.
482 4471 632 4556 ἱερώτατον
652 4477 788 4555 ταμιεῖον)
807 4472 824 4557 ι)
845 4471 878 4538 τά
900 4483 981 4538 δεῖεν
999 4493 1053 4550 pa·
1095 4481 1145 4536 aut
1173 4479 1307 4536 comitem
1334 4479 1482 4536 domorum
1514 4479 1674 4555 pertinent,
1701 4481 1769 4554 sed,
1796 4481 1933 4554 quioquid
1960 4487 1992 4538 et

173 4561 371 4640 apporioep²⁵l
393 4555 479 4639 ἢτδν
493 4555 610 4638 κάμητα
635 4559 676 4639 (v.
691 4555 814 4641 κόμηνα)
832 4567 888 4622 τῶν
905 4564 997 4622 οἰκιῶν
1006 4559 1052 4637 ²⁸)
1095 4563 1126 4619 in
1154 4577 1225 4618 auro
1261 4567 1290 4619 et
1318 4563 1382 4638 (in)
1409 4567 1530 4638 argento
1561 4569 1591 4621 et
1624 4563 1688 4638 (in)
1719 4565 1785 4622 aliia
1818 4565 1990 4638 quibusdam

175 4639 360 4724 ιἰναηίρονται,
401 4641 475 4706 dlii
500 4649 558 4706 πᾶν
573 4643 618 4720 ²⁷)
648 4638 718 4706 ὅσον
742 4643 770 4706 ἕν
797 4667 844 4707 ται
879 4645 922 4724 (v.
947 4641 976 4705 ἔν
1008 4643 1053 4721 τε)
1095 4645 1282 4722 (speciebus)
1304 4647 1441 4722 debetur,
1470 4649 1661 4706 haecomnia
1687 4649 1820 4707 omnibus
1847 4647 1990 4706 debitori·
2076 4673 2079 4682 ·

173 4729 303 4809 γρυσηΡθ)
330 4732 377 4790 καλ
404 4724 518 4810 ἀργύρῳ
543 4729 590 4788 καὶ
616 4731 717 4808 ἑτέροις
744 4731 816 4792 τισλν
842 4723 1054 4810 κεχρεάσοηναι,
1095 4731 1150 4790 bus
1170 4731 1328 4808 indulgeri,
1348 4736 1495 4806 uinoque
1514 4733 1551 4792 ab
1569 4735 1710 4810 agricolis
1730 4737 1781 4792 aut
1801 4733 1989 4792 conductori·

173 4815 246 4872 τοῦτο
275 4819 359 4875 πᾶσιν
394 4826 453 4886 τοῖς
488 4813 736 4890 δποφείλσνσινῖθ)
769 4821 976 4895 συγχωρεῖσθαι
1011 4811 1055 4892 (ν.

173 4897 390 4978 συγγωρεῖσθαι),
419 4896 460 4970 α’νς
486 4897 555 4977 μηδὲ
563 4896 610 4977 ⁸⁰)
637 4892 774 4978 γεωργούς
799 4893 950 4978 μισθωτούς
970 4889 987 4976 ἢ
1009 4901 1054 4976 ἐμ·

259 5165 302 5224 dd)
317 5153 409 5216 Codex
426 5161 470 5214 ίπδ
486 5166 628 5226 σταμίνοις.
729 5165 776 5222 87)
792 5164 883 5216 Codex
900 5162 1039 5234 εἶσπραξιν.
1140 5166 1187 5224 88)
1204 5165 1295 5216 Codex
1312 5161 1431 5232 δημόσια.
1530 5168 1577 5226 99)
1598 5167 1651 5218 Pro
1667 5167 1756 5217 vermo
1772 5164 1816 5217 tal
1832 5163 1988 5237 προφάσεσιν

177 5222 251 5280 Codex
265 5233 340 5283 hebet
356 5231 576 5301 ἐπιπρσωιύσεοιν.
649 5233 680 5293 l)
697 5231 789 5282 codex
806 5249 835 5282 οτ
870 5235 984 5289 recisurae·
1055 5233 1086 5292 e)
1102 5229 1191 5284 Codex
1209 5229 1346 5294 μεθυδιάν.
1429 5235 1460 5295 8)
1476 5235 1530 5285 Pro
1546 5235 1636 5284 verbis
1652 5233 1817 5300 ἀνανεώσεως,
1834 5231 1865 5290 άς
1881 5231 1895 5284 ά
1911 5231 1988 5296 νόμος

177 5289 251 5348 Codex
265 5301 341 5350 labet
357 5298 409 5350 άνοι
424 5297 496 5350 τάσει
512 5289 658 5362 κυούνυμος.
742 5299 773 5356 4)
790 5298 828 5349 Co
846 5313 879 5350 ex
897 5297 1015 5366 διαυτήν.
1097 5303 1128 5358 δ)
1152 5301 1241 5351 Codex
1264 5299 1407 5371 ίγγιιρίσιν.
1492 5303 1522 5359 e)
1539 5301 1628 5350 Codex
1644 5301 1767 5359 εξάνυσιν.
1851 5303 1881 5360 7)
1899 5301 1987 5352 Codex

175 5363 251 5430 πάσης
313 5371 344 5426 8)
360 5319 451 5418 Codex
467 5363 501 5433 μὴ
520 5367 569 5418 δέν.
636 5367 963 5430 conspicientem.
1029 5366 1075 5426 10)
1090 5367 1180 5418 Codex
1196 5367 1369 5436 παρσφυλανί.
1452 5367 1499 5426 11)
1518 5367 1608 5418 Codex
1624 5371 1690 5419 αλια.
1773 5369 1819 5427 12)
1835 5369 1924 5420 Codex
1941 5389 1986 5419 κα·

174 5425 226 5480 iat
254 5452 275 5485 ν.
309 5437 462 5500 legendum
478 5435 583 5484 videtur
599 5435 642 5485 καὶ
657 5434 746 5504 ἑτέρου
832 5435 878 5494 te)
895 5435 985 5485 codex
1002 5431 1081 5486 δάιον.
1171 5435 1217 5494 14)
1234 5439 1295 5488 Vox
1311 5433 1401 5499 ἐπάγει
1423 5437 1452 5485 ln
1470 5435 1568 5486 Codice
1590 5437 1671 5486 deest
1705 5437 1794 5486 Possit
1811 5441 1838 5486 et
1853 5435 1987 5500 ἐπάγουσα

173 5451 282 5562 δεηηύύιλ.
348 5505 395 5562 io)
412 5502 502 5554 codex
519 5499 573 5553 sind
589 5518 642 5552 ται.
710 5501 756 5561 id)
772 5503 845 5554 liaeo
862 5505 957 5554 lactina
973 5505 1001 5552 in
1018 5503 1116 5554 codiee
1132 5507 1224 5553 notata
1241 5515 1295 5554 uon
1313 5510 1361 5553 est.
1427 5502 1474 5560 1⁷)
1491 5503 1533 5552 Ad
1550 5506 1695 5568 marginem
1713 5503 1821 5554 Codicis
1837 5503 1901 5574 ρνοί.
1919 5507 1987 5569 (leg.

168 5568 247 5630 διαί.)
310 5571 358 5630 18)
373 5572 427 5620 Pro
444 5583 512 5620 voce
527 5571 609 5620 πᾶσιν
625 5569 715 5620 Codex
731 5571 810 5620 babet
826 5573 922 5622 πᾶσαν.
994 5570 1041 5630 ie)
1057 5571 1148 5622 Codex
1164 5566 1321 5621 άποιίλισιν.
1403 5568 1658 5636 21))ῦοδειιμεγρό.
1741 5571 1787 5629 21)
1804 5569 1893 5622 Codex
1908 5575 1988 5623 babet

166 5635 290 5696 ‘multon
356 5638 404 5695 22)
420 5639 474 5688 Pro
490 5637 580 5687 verbis
597 5635 624 5686 δν
641 5631 688 5705 ὅλῃ
705 5637 795 5688 Codex
811 5639 891 5690 habet
906 5637 989 5704 ίνόλη.
1056 5638 1102 5696 w)
1117 5639 1214 5702 lnolplt
1230 5640 1276 5688 tol.
1294 5637 1351 5686 185.
1368 5637 1398 5684 ll.
1464 5639 1511 5696 et)
1527 5639 1580 5688 Pro
1597 5639 1685 5688 verbis
1707 5637 1876 5696 ἐνδοξοτάτων
1891 5637 1989 5710 ἀργόν·

163 5707 213 5748 τον
233 5703 318 5755 Codex
337 5707 417 5756 babet
440 5701 605 5762 ἐνδοξότατον
627 5701 748 5776 ἄρχοντα.
783 5708 850 5756 Nor.
872 5707 930 5757 118.
954 5719 1011 5768 cap.
1032 5705 1057 5754 1.
1079 5701 1127 5754 τάν
1144 5703 1225 5772 ι’δικὴν
1241 5721 1257 5754 τ
1283 5701 1369 5758 'nator
1390 5705 1437 5786 v‘pe
1458 5707 1504 5773 σῆς
1526 5703 1688 5770 oraremus
1703 5708 1789 5756 ταῦτα
1806 5702 1855 5776 δρᾷ
1872 5713 1900 5756 et
1917 5713 1986 5758 caet.

159 5759 210 5822 ΞΕύ)
224 5771 308 5822 Codex
323 5770 524 5842 πατριμύνισυμ.
579 5723 1601 5844 88)81υδερειιδιινσ.Νον.118.συρ.1.ἢτοῠμεγαύασπρεπεστατουκουράτυ
1633 5772 1820 5830 caduniensis.
1878 5775 1987 5833 enco-

155 5825 214 5885 dex
228 5835 341 5892 άλλωπαν
358 5842 444 5892 nabet.
560 5841 607 5900 ae)
622 5840 689 5890 Nor.
706 5841 764 5891 148.
782 5854 840 5906 ουρ.
857 5841 882 5892 1.
897 5841 1001 5912 χρυσίῳ.
1117 5839 1165 5898 28)
1187 5840 1279 5892 Codex
1298 5837 1486 5900 ἐπαφειλαῦσιν.
1634 5844 1718 5901 )Ριο
1738 5841 1802 5907 μηδὲ
1824 5841 1915 5893 Codex
1938 5845 1986 5892 ha-

152 5893 209 5953 bet
221 5903 255 5972 μὴ
270 5907 304 5958 δά.
1525 5985 1549 6056 2

1553 5987 1576 6054 3
