4802 7060
961 585 990 651 C
1012 583 1044 650 A
1065 583 1094 650 P
1117 583 1147 652 U
1170 583 1200 650 T
1263 580 1336 649 111.
1987 599 2055 646 xnv

206 768 317 858 tuan,
341 764 469 856 1331,
493 765 621 850 1331,
638 767 853 836 'laurinensis
867 771 937 836 CV.
953 775 1052 836 c.1V.
1069 769 1145 858 ar,
1167 770 1354 856 quibuscum
1367 773 1402 835 et
1418 766 1620 834 recentiores
1633 765 1706 832 libri
1720 767 1939 856 consentiunt,
1962 767 2055 834 uelut

202 873 352 938 hlediceus
374 871 611 938 Laurentianus
633 869 733 956 plutei
755 873 798 935 Χ.
821 870 891 936 cod.
919 871 965 958 1.,
993 871 1204 939 Monacensis
1234 869 1324 938 380.
1357 877 1391 936 et
1420 865 1524 954 214,
1556 869 1770 934 Taurineusis
1799 873 1922 936 xxvi.
1953 869 1982 934 b.
2011 867 2053 930 V.

202 971 229 1039 6.
265 974 303 1040 111
325 973 383 1038 1611
405 978 561 1058 tantoque
584 971 775 1060 optimorum
790 971 943 1038 codicum
966 992 1130 1040 consensu
1145 975 1204 1039 vix
1227 991 1266 1038 uc
1288 991 1330 1038 ne
1352 973 1410 1038 vix
1433 969 1560 1058 quidem
1582 969 1788 1036 dubitandum
1810 977 1881 1054 est,
1902 970 1978 1057 quin
2003 985 2056 1053 ea,

202 1093 270 1163 quoe
291 1074 473 1160 posuimus,
493 1093 552 1160 pro
569 1093 650 1140 vero
673 1073 744 1140 libri
758 1073 850 1139 titulo
871 1082 1101 1158 agnoscantur.
1145 1073 1184 1138 ln
1200 1092 1282 1160 quae
1297 1079 1407 1138 tamen
1427 1073 1457 1138 si
1476 1073 1658 1138 accuratius
1679 1073 1836 1157 intueare,
1858 1071 1954 1136 facile
1976 1087 2055 1156 per-

200 1177 306 1264 spicies
327 1175 549 1261 imperfectum
570 1173 719 1262 quiddam
735 1175 776 1240 ihi
792 1173 916 1241 haberi.
953 1175 1013 1240 Ait
1035 1176 1130 1262 enim,
1152 1181 1275 1241 certum
1297 1174 1443 1240 ordinem
1464 1193 1503 1238 ac
1527 1191 1690 1238 numerum
1712 1171 1996 1237 constitutionibus
2018 1169 2054 1234 in

200 1279 247 1344 hoo
267 1277 348 1341 libro
370 1275 484 1341 relatis
505 1294 525 1341 a
547 1294 586 1341 se
609 1277 760 1342 tributum
783 1295 877 1365 esso,
898 1284 934 1343 ut
955 1275 1119 1364 quodlibet
1139 1281 1248 1363 capnt,
1269 1275 1354 1361 quod
1377 1275 1558 1362 quaeritur,
1591 1269 1821 1360 compendiose
1841 1271 2052 1338 inveniretur.

201 1376 279 1459 Quae
301 1377 430 1463 quidem
451 1374 493 1441 ad
522 1375 745 1442 collectionem
767 1395 941 1465 canonum,
962 1377 1078 1464 quihus
1100 1378 1182 1444 haec
1203 1377 1344 1463 capitula
1367 1376 1537 1441 subiuncta
1559 1381 1671 1463 erant,
1698 1375 1890 1440 reseruntur.
1935 1371 2057 1456 Neque

199 1479 271 1545 euim
293 1477 389 1543 aliter
410 1477 466 1544 illa
488 1475 647 1558 σύντομος
668 1475 790 1564 εὕρεσις
811 1479 969 1565 explicari
991 1486 1118 1564 potest,
1148 1479 1276 1544 satisne
1297 1477 1443 1565 intelligi,
1465 1496 1565 1562 quare
1587 1476 1705 1540 sactum
1727 1476 1789 1561 sit,
1818 1473 1951 1540 otiliae
1974 1489 2057 1536 con-

199 1578 390 1662 stitutionem,
420 1597 503 1664 qnae
526 1580 644 1644 eximie
667 1599 738 1646 cum
761 1583 866 1646 sacris
888 1580 1065 1646 canonibus
1088 1580 1305 1664 consentiunt,
1326 1579 1431 1664 iisque
1453 1579 1585 1662 insuper
1614 1578 1775 1664 propriam
1804 1577 1869 1640 vim
1897 1593 1936 1640 ac
1958 1581 2057 1658 pote-

198 1685 307 1746 statem
329 1680 490 1758 tribuunt,
513 1679 605 1744 solae
627 1681 660 1746 iu
682 1681 766 1746 hunc
789 1681 900 1747 librum
924 1681 1186 1746 transferrentur.
1229 1677 1417 1766 Eademque
1438 1679 1625 1744 observatio
1648 1685 1700 1744 est
1721 1679 1818 1743 etiam
1839 1675 1873 1740 in
1889 1675 1952 1760 his,
1973 1691 2058 1758 quae

198 1787 383 1867 sequuntur,
411 1780 539 1844 verbis:
582 1782 639 1860 τῆς
659 1787 839 1864 &asinione
865 1778 948 1862 μετά
975 1779 1052 1854 τοὺς
1079 1778 1222 1856 κανόνας
1249 1781 1313 1844 τόν
1335 1777 1481 1846 συνόδων
1501 1777 1675 1858 διατάξεως
1697 1776 1740 1842 τά
1761 1773 1944 1861 κεφάλαια,
1973 1792 2057 1860 quae

197 1889 331 1948 nostrum
352 1880 465 1944 librum
486 1879 581 1946 alicui
602 1900 758 1948 canonum
782 1881 967 1965 collectioni
989 1881 1204 1968 postpositum
1227 1899 1305 1946 esse
1329 1901 1386 1966 pro
1408 1883 1543 1963 eiusque
1558 1880 1737 1967 appendice
1751 1879 1893 1944 habitum
1907 1875 1989 1940 satis
2006 1875 2058 1940 lo·

196 1987 334 2068 qunutur.
378 1981 490 2066 Atque
512 1983 584 2068 ipse
606 1982 676 2047 libri
699 1983 841 2068 scriptor
862 1983 894 2048 in
918 1984 1137 2068 praelatione,
1168 2001 1251 2068 quae
1274 1982 1314 2048 ah
1339 1983 1391 2046 his
1413 1984 1543 2048 verbis:
1565 1987 1609 2058 εἰς
1630 1979 1730 2060 δόξαν
1751 1980 1881 2065 incipit,
1917 1977 1987 2040 eius
2009 1975 2059 2040 rei

196 2080 380 2146 luculentum
419 2083 571 2169 perhibet
609 2083 837 2149 testimoninm.
895 2083 955 2151 Sic
997 2085 1082 2150 enim
1120 2083 1193 2150 ille:
1237 2085 1294 2148 καὶ
1325 2081 1368 2147 τά
1404 2085 1461 2147 νόν
1498 2084 1731 2163 συντεθειμένα
1762 2078 1844 2164 μετά
1886 2073 1962 2152 τοὺς
2010 2081 2059 2140 te-

195 2179 262 2266 ροὺς
288 2177 430 2258 κανόνας
463 2186 528 2248 τῶν
555 2181 657 2267 ἁγίων
688 2187 744 2250 καὶ
774 2191 944 2268 μακαρίων
978 2181 1170 2250 ἀποστόλων
1203 2188 1260 2249 καὶ
1295 2187 1359 2249 τῶν
1392 2194 1461 2260 τοῖς
1500 2189 1620 2263 ἴχνεσιν
1654 2180 1762 2247 αὐτῶν
1797 2177 1882 2246 καθ’
1920 2173 2060 2254 ἑκάστην

192 2282 321 2349 σύνοδον
358 2281 658 2363 ἀκολουθησάντων
694 2282 792 2352 ὁσίων
824 2293 971 2373 πατέρων
1005 2282 1191 2370 μετεγράιρη
1225 2291 1262 2349 ἐκ
1288 2287 1352 2349 τῶν
1381 2323 1420 2334 -
1449 2285 1551 2350 θείων
1586 2285 1707 2369 νεαρῶν
1743 2279 1928 2360 διατάξεων.
1994 2277 2058 2343 Ubi

193 2385 287 2470 haec,
332 2403 415 2471 quae
449 2394 642 2474 sequuntur,
685 2387 895 2454 Novellarum
926 2387 1189 2452 constitutionum
1226 2387 1333 2471 cupita
1369 2393 1445 2473 post
1473 2394 1607 2451 sanctos
1641 2383 1859 2471 apostolorum
1888 2389 1922 2446 et
1956 2396 2060 2464 spino-

193 2485 296 2552 dorum
325 2503 469 2551 canones
498 2487 715 2573 transscripta
750 2507 828 2554 esse
859 2489 993 2556 disertis
1023 2487 1136 2554 verbis
1169 2486 1345 2552 conlirmat.
1403 2485 1576 2568 Quaeritur
1606 2493 1733 2573 autem,
1777 2483 1882 2570 qualis
1916 2479 1961 2544 sit
1992 2479 2061 2566 illu,

191 2588 238 2654 cui
256 2595 401 2652 nostrum
423 2605 505 2671 opus
526 2589 727 2654 subiuncturn
752 2590 858 2669 inerit,
882 2607 1041 2656 canonum
1062 2589 1221 2654 collectio.
1251 2593 1361 2675 Atque
1384 2607 1435 2676 ea,
1457 2608 1539 2674 quae
1562 2589 1672 2655 ultimo
1694 2587 1766 2652 loco
1780 2584 1959 2670 retulimus,
1980 2597 2061 2645 ver-

191 2690 243 2768 ba,
274 2688 305 2752 si
332 2689 373 2753 ab
403 2687 548 2754 iohanne
570 2686 780 2756 Scholastioo
810 2691 955 2776 prolecta
976 2707 1055 2756 esse
1077 2691 1285 2775 arbitremur,
1317 2709 1387 2755 erim
1409 2690 1536 2778 tabula,
1572 2710 1667 2777 quam
1688 2688 1772 2754 idem
1795 2686 1936 2771 scriptor
1958 2680 2061 2746 colle-

191 2789 285 2856 ctioni
306 2807 464 2854 canonum
485 2807 507 2854 a
528 2809 567 2856 se
588 2790 758 2856 conlectae
778 2793 983 2879 praeposuit,
1005 2792 1117 2857 mirum
1138 2792 1170 2856 in
1193 2789 1318 2857 modum
1341 2792 1558 2857 consentiunt.
1603 2793 1688 2856 Nam
1715 2795 1748 2856 et
1770 2787 1836 2852 illic
1866 2785 1967 2872 primo
1988 2782 2061 2846 loco
2183 2855 2188 2868 ,

190 2909 330 2956 canones
351 2889 586 2975 apostolorum,
620 2893 732 2977 sicque
761 2890 919 2978 deinceps
947 2911 1091 2958 canones
1112 2891 1226 2959 decem
1248 2890 1443 2979 synodorum
1471 2893 1567 2958 relati
1588 2897 1715 2972 sunt8).
1783 2887 1941 2972 Accedit,
1976 2881 2062 2969 qnod
2177 2897 2180 2902 ·

188 2990 364 3056 Vaticanus
387 2991 502 3057 Codex
525 3011 658 3059 numero
680 2989 772 3057 843.
795 2994 946 3077 signatus
967 2994 1051 3059 tituli
1072 2994 1144 3059 loco
1166 2994 1248 3061 haec
1270 2991 1419 3061 exhibet:
1462 2995 1526 3058 cuin
1547 2999 1733 3076 ἐγκειμένων
1760 2987 1842 3070 μετὰ
1862 2985 1938 3062 τοὺς
1959 2982 2062 3049 κανό-

188 3113 245 3168 νας
265 3093 332 3156 τῶν
353 3093 433 3157 δέκα
455 3089 600 3158 συνόδων
619 3095 742 3177 νεαρῶν
763 3091 939 3174 διατάξεων
960 3092 1003 3158 τά
1024 3093 1200 3181 κεφάλαια.
1237 3095 1339 3181 Atqui
1361 3093 1473 3160 decem
1495 3100 1618 3160 tantum
1641 3089 1847 3179 synodorum,
1868 3105 1973 3174 neque
1987 3085 2063 3171 plu-

188 3193 268 3258 rium
290 3211 435 3270 canones
456 3193 543 3280 apud
565 3193 742 3262 Iohannem
763 3195 1006 3261 Scholasticum
1028 3199 1094 3260 tam
1115 3195 1148 3260 iu
1169 3195 1235 3274 illa,
1256 3214 1350 3283 quarn
1372 3195 1528 3276 diximus,
1557 3194 1683 3274 tabula,
1714 3211 1808 3279 qnam
1835 3193 1868 3257 in
1891 3186 2063 3256 collectio-

185 3295 239 3360 nis
259 3295 462 3381 praelatione
483 3301 742 3376 numerantur⁰].
786 3301 900 3383 ltaque
922 3295 965 3361 nd
987 3296 1071 3362 hanc
1092 3297 1309 3364 coniecturam
1330 3294 1487 3378 adducor,
1518 3303 1553 3362 nt
1581 3297 1686 3382 ipsam
1714 3313 1869 3360 canonum
1892 3289 2062 3356 collectio·

186 3395 312 3462 nemin
335 3398 564 3483 qninquaginta
586 3397 697 3464 titulos
717 3397 759 3463 66
784 3396 930 3463 Iohanne
952 3394 1159 3463 scholastico
1180 3397 1384 3466 distributam
1406 3399 1469 3466 hoc
1490 3397 1561 3464 loco
1582 3396 1747 3480 desig'uuri
1760 3393 1939 3460 credamus.
1969 3387 2063 3470 erae

184 3513 240 3562 res
261 3515 325 3562 non
348 3505 472 3564 tuntum
494 3497 639 3564 codicum
661 3500 959 3583 manuscriptorum,
983 3499 1038 3584 qui
1058 3494 1352 3584 utrumquelihrum
1366 3501 1631 3586 complectuntur,
1654 3497 1856 3574 auctoritate,
1880 3512 1992 3559 verum
2007 3496 2063 3554 et-

183 3596 248 3662 iam
269 3597 343 3682 illa,
366 3617 459 3684 quam
480 3617 580 3684 supra
602 3617 644 3664 ex
668 3595 800 3664 Codicis
822 3597 973 3663 Vaticani
995 3596 1087 3664 843.
1111 3601 1187 3666 16116
1211 3599 1273 3666 54.
1298 3599 1337 3666 u.
1360 3602 1587 3681 recitavimus,
1610 3599 1821 3666 adnotatione
1844 3593 2060 3661 confirmatur.

181 3695 269 3762 Eius
298 3697 423 3764 codicis
450 3700 593 3786 scriptor
621 3699 707 3766 enim
734 3705 904 3784 utrumque
935 3717 1018 3784 opus
1051 3719 1108 3785 pro
1130 3699 1274 3768 diversis
1302 3701 1447 3768 eiusdem
1474 3703 1546 3768 11611
1568 3702 1715 3788 partibus
1744 3698 1881 3780 videtur
1896 3692 2061 3760 hahuisse.

182 3797 244 3866 Sic
266 3798 407 3887 denique
427 3803 512 3868 ratio
534 3799 681 3867 redditur
701 3799 789 3866 satis
809 3799 946 3882 idonea,
987 3817 1090 3886 quare
1118 3809 1255 3889 uterque
1284 3803 1366 3870 liber
1392 3803 1425 3868 in
1454 3787 1700 3890 nomuoauone,
1722 3799 1776 3888 qui
1798 3795 1933 3865 Iohanni
1952 3791 2065 3859 Schu-

178 3899 304 3966 lastico
328 3902 424 3968 tribui
446 3903 548 3990 solet,
568 3903 761 3968 coniunctus
782 3901 836 3966 sit.
880 3901 921 3968 ln
942 3919 1005 3988 quo
1025 3901 1103 3968 illud
1131 3903 1259 3988 quidem
1286 3903 1392 3970 adbuc
1422 3921 1480 3990 pro
1509 3909 1601 3970 certo
1628 3911 1663 3970 et
1683 3900 1862 3968 indubitato
1885 3896 2061 3984 posuimus,

177 4001 293 4067 nostri
314 4001 387 4068 libri
408 4005 598 4089 scriptorem
621 4003 798 4069 Iohannem
819 3999 1062 4068 scholasticum
1084 4021 1173 4070 esse.
1209 4003 1309 4072 Cuius
1331 4005 1379 4071 rei
1402 4005 1484 4071 haee
1504 4011 1592 4092 sunt,
1612 4005 1646 4070 ni
1668 4005 1773 4092 latior,
1793 4004 1984 4086 argumenta
2005 4013 2064 4060 sa-

177 4102 231 4166 tis
253 4100 382 4188 idonea,
404 4121 536 4188 qnorum
556 4104 725 4170 maximam
747 4107 873 4189 partem
897 4102 1066 4170 Bienerna
1087 4106 1120 4170 in
1141 4106 1278 4172 historia
1299 4105 1512 4172 Novellarum
1532 4126 1564 4192 p.
1588 4101 1675 4170 163.
1698 4103 1881 4190 occupavit.
1925 4099 1978 4164 Ac
1992 4095 2064 4183 pri-

172 4219 271 4267 mum
288 4201 416 4286 quidem
429 4201 560 4270 Codicis
575 4203 727 4270 Vaticani
743 4201 835 4269 843.
849 4203 1027 4284 adnotatio,
1050 4225 1133 4293 quae
1147 4207 1221 4273 lolio
1236 4206 1298 4276 54.
1313 4207 1351 4272 B.
1371 4207 1517 4292 hahetur,
1536 4213 1681 4272 nostrum
1699 4205 1810 4272 librum
1821 4203 1897 4269 huic
1913 4195 2065 4284 scriptori

175 4301 325 4368 disertis
347 4303 461 4369 verbis
482 4303 637 4371 attribuit.
681 4303 811 4371 Deinde
833 4304 875 4374 ad
897 4306 992 4372 linem
1014 4309 1260 4389 uomocanonis,
1290 4311 1344 4396 qui
1371 4307 1478 4375 eidem
1504 4305 1710 4394 patriarchae
1732 4305 1829 4372 tribui
1850 4302 1956 4387 solet,
1983 4299 2064 4362 XXI

173 4402 330 4489 capitula
352 4404 528 4486 habentur,
551 4405 669 4472 hausta
684 4406 740 4472 illa
761 4405 888 4493 quidem
902 4427 943 4474 ex
957 4415 1073 4475 nostra
1087 4409 1193 4495 legum
1216 4409 1418 4476 collectione.
1454 4407 1584 4473 Titulus
1598 4408 1708 4495 operis
1730 4405 1814 4494 apud
1831 4402 2009 4471 lustellium
2031 4397 2065 4460 in

172 4504 386 4572 bibliotheca
413 4505 494 4570 iuris
521 4507 666 4574 6111111111ῡί
689 4515 764 4574 lom.
786 4511 828 4572 11.
853 4527 884 4592 p.
909 4505 1001 4574 660.
1024 4509 1078 4575 hiu
1099 4517 1167 4576 est:
1196 4512 1290 4597 ἔτερα
1311 4509 1479 4598 κεφάλαια
1506 4507 1760 4586 tantumtantum
1786 4509 1843 4586 τῆς
1869 4502 1970 4579 αὐτῆς
1990 4519 2063 4564 W·

172 4608 244 4688 ρᾶς
266 4603 460 4696 διατάξεως,
490 4625 574 4694 quae
603 4607 719 4676 eodem
745 4609 779 4674 in
803 4604 926 4676 Codice
956 4607 1086 4678 Graeco
1116 4608 1516 4680 Ρ61111611611376.161.
1543 4608 1632 4675 118.
1663 4609 1705 4675 A.
1734 4609 1902 4676 habentur.
1948 4599 2065 4666 Series

170 4705 402 4792 capitulorum
424 4707 537 4774 eadem
558 4715 622 4798 est,
643 4729 728 4798 qnae
749 4711 783 4777 in
804 4710 868 4777 hoo
889 4711 972 4778 libro
994 4713 1165 4800 reperitur.
1202 4712 1257 4778 Ad
1270 4711 1365 4780 tinem
1387 4712 1496 4798 operis
1517 4707 1655 4798 116711.
1679 4714 1771 4788 τέλος
1790 4711 1855 4774 τῶν
1875 4703 2063 4790 κεφαλαίων

168 4813 216 4874 ἐκ
239 4807 308 4872 τῶν
328 4808 452 4894 νεαρῶν
472 4805 649 4890 διατάξεων
669 4813 734 4876 τῶν
754 4815 826 4896 περὶ
847 4811 1114 4892 ἐκκλησιαστικῆς
1134 4811 1313 4893 διατάξεως
1326 4809 1480 4879 Ἰωάννου
1507 4809 1764 4900 άρχιεπισκόαοα
1791 4805 2063 4873 Κωνσταντινον-

169 4903 307 4984 πόλεως
334 4909 394 4972 τοῦ
420 4905 486 4974 dub
507 4913 754 4996 σχολαστικών,
782 4933 867 4999 quae
894 4915 1011 4982 eadem
1038 4914 1072 4982 in
1101 4911 1315 5000 supradicto
1343 4911 1456 4981 codice
1482 4913 1538 4979 tol.
1570 4911 1659 4979 tua.
1689 4912 1732 4978 Α.
1761 4909 1921 4994 leguntur.
1971 4903 2065 4969 Haec

166 5009 285 5095 igitur
312 5009 452 5096 capitula
480 5029 524 5077 ex
544 5013 700 5080 Novellis
727 5015 1030 5097 constitutionibus,
1060 5033 1144 5102 quae
1161 5015 1203 5082 de
1225 5020 1315 5081 statu
1336 5014 1564 5082 ecclesiastico
1587 5017 1749 5099 tractant,
1776 5007 1931 5076 iohannis
1953 5003 2065 5072 archi-

166 5110 334 5196 episcopi
372 5111 727 5198 Constantinopolitani
763 5114 883 5184 hausta
910 5115 1076 5184 essehoc
1103 5116 1175 5183 loco
1205 5115 1425 5202 perhibentur.
1490 5112 1625 5200 Viden',
1653 5117 1689 5178 ut
1715 5117 1830 5178 nostra
1859 5108 1966 5192 legum
1994 5103 2066 5168 eol-

167 5209 286 5277 lectio
337 5209 475 5276 Iohanni
516 5211 724 5280 Scholastica
767 5207 981 5282 attribuitur?
1036 5213 1184 5286 Eandem
1226 5217 1333 5302 legum
1375 5215 1605 5304 appendicem,
1650 5219 1739 5280 teste
1776 5209 1995 5276 Zuchoriueo
2006 5206 2068 5292 ¹⁰),

163 5311 285 5378 etiam
306 5306 421 5377 Codex
443 5310 644 5378 Bodleianns
666 5309 743 5395 86„
766 5315 821 5401 qni
842 5319 978 5384 Barocci
1001 5313 1065 5383 86.
1088 5317 1158 5406 luit,
1187 5319 1304 5404 habet,
1326 5321 1475 5397 eundem,
1498 5331 1593 5400 quem
1614 5333 1714 5402 snpra
1736 5312 1961 5389 recitavimus,
1984 5305 2065 5372 titu-

161 5411 245 5480 lum
268 5412 522 5500 praeferentem.
568 5413 737 5500 capitula,
761 5434 846 5503 quae
866 5417 912 5486 ihi
937 5421 1035 5485 xxll
1056 5437 1189 5487 numero
1212 5419 1387 5501 hahentur,
1420 5419 1456 5483 in
1482 5414 1567 5481 hanc
1594 5413 1867 5503 subscriptionem
1894 5408 2064 5478 desinunt:

337 5670 368 5728 8)
385 5670 457 5721 Vide
473 5666 548 5728 νάειν
563 5673 615 5722 νῦν
631 5669 754 5740 aarum,
771 5687 840 5740 quae
856 5673 926 5740 apud
943 5675 1093 5730 lusteltlnm
1119 5678 1147 5727 ln
1165 5673 1328 5728 bibliotheca
1345 5671 1413 5721 turta
1430 5672 1555 5722 oanouict
1573 5675 1636 5724 tom.
1654 5671 1688 5723 n.
1707 5686 1733 5736 p·
1750 5669 1810 5724 1101.
1829 5673 1880 5720 eat.
1954 5665 1984 5725 9)
2001 5661 2066 5714 ⁰⁰¹·

153 5753 268 5805 lectio
294 5764 426 5804 canonum
447 5755 573 5806 iohannis
591 5758 676 5818 prael.
699 5759 718 5808 l.
742 5761 763 5810 1.
784 5773 811 5824 p.
829 5759 888 5812 6611.
907 5760 968 5814 δέκα
984 5760 1035 5832 γὰρ
1051 5755 1119 5826 μηδι
1135 5757 1198 5819 τοὺς
1214 5753 1379 5814 ἀποστόλους
1401 5753 1430 5806 ol
1453 5751 1565 5820 perdiu·
1587 5759 1640 5810 τῶν
1661 5757 1781 5825 narique
1803 5752 1924 5818 γεγόνασι
1950 5745 2065 5802 σύνοδοι.

152 5837 225 5898 10)
244 5838 281 5890 lu
297 5838 384 5894 libro:
400 5836 415 5891 ό
432 5836 568 5912 πρόχιιρσς
584 5838 661 5904 νόμοι
678 5843 780 5908 11971.
