<?xml version="1.0" encoding="UTF-8"?>
<!DOCTYPE html PUBLIC "-//W3C//DTD XHTML 1.0 Transitional//EN"
    "http://www.w3.org/TR/xhtml1/DTD/xhtml1-transitional.dtd">
<html xmlns="http://www.w3.org/1999/xhtml" xml:lang="en" lang="en">
 <head>
  <title>
</title>
<meta http-equiv="Content-Type" content="text/html;charset=utf-8" />
  <meta name='ocr-system' content='tesseract 3.04.00' />
  <meta name='ocr-capabilities' content='ocr_page ocr_carea ocr_par ocr_line ocrx_word'/>
</head>
<body>
  <div class='ocr_page' id='page_1' title='image "./anekdotaexcodic00theogoog/anekdotaexcodic00theogoog_0454.png"; bbox 0 0 4802 7060; ppageno 0'>
   <div class='ocr_carea' id='block_1_1' title="bbox 924 555 2053 632">
    <p class='ocr_par' dir='ltr' id='par_1_1' title="bbox 924 555 2053 632">
     <span class='ocr_line' id='line_1_1' title="bbox 924 555 2053 632; baseline -0.015 -6"><span class='ocrx_word' id='word_1_1' title='bbox 924 556 1160 626; x_wconf 80' lang='lat' dir='ltr'><strong>carun</strong></span> <span class='ocrx_word' id='word_1_2' title='bbox 1224 555 1298 622; x_wconf 83' lang='lat' dir='ltr'><strong>nn</strong></span> <span class='ocrx_word' id='word_1_3' title='bbox 2017 585 2053 632; x_wconf 62' lang='lat' dir='ltr'>u</span> 
     </span>
    </p>
   </div>
   <div class='ocr_carea' id='block_1_2' title="bbox 113 741 2049 5484">
    <p class='ocr_par' dir='ltr' id='par_1_2' title="bbox 171 741 2049 916">
     <span class='ocr_line' id='line_1_2' title="bbox 173 741 2049 840; baseline 0.005 -28"><span class='ocrx_word' id='word_1_4' title='bbox 173 744 271 812; x_wconf 87' lang='lat' dir='ltr'><strong>tenda</strong></span> <span class='ocrx_word' id='word_1_5' title='bbox 292 745 367 812; x_wconf 88' lang='lat' dir='ltr'><strong>visa</strong></span> <span class='ocrx_word' id='word_1_6' title='bbox 389 750 483 834; x_wconf 90' lang='lat' dir='ltr'><strong>sunt,</strong></span> <span class='ocrx_word' id='word_1_7' title='bbox 518 761 591 812; x_wconf 92' lang='lat' dir='ltr'><strong>cum</strong></span> <span class='ocrx_word' id='word_1_8' title='bbox 611 761 674 810; x_wconf 92' lang='lat' dir='ltr'><strong>nec</strong></span> <span class='ocrx_word' id='word_1_9' title='bbox 701 741 735 810; x_wconf 94' lang='lat' dir='ltr'><strong>in</strong></span> <span class='ocrx_word' id='word_1_10' title='bbox 762 741 896 831; x_wconf 87' lang='lat' dir='ltr'><strong>reliquis</strong></span> <span class='ocrx_word' id='word_1_11' title='bbox 922 743 1015 812; x_wconf 88' lang='lat' dir='ltr'><strong>libris</strong></span> <span class='ocrx_word' id='word_1_12' title='bbox 1042 761 1139 812; x_wconf 88' lang='lat' dir='ltr'><strong>manu</strong></span> <span class='ocrx_word' id='word_1_13' title='bbox 1167 743 1315 814; x_wconf 84' lang='lat' dir='ltr'><strong>exaratis</strong></span> <span class='ocrx_word' id='word_1_14' title='bbox 1343 743 1542 831; x_wconf 86' lang='lat' dir='ltr'><strong>habeantur,</strong></span> <span class='ocrx_word' id='word_1_15' title='bbox 1571 749 1608 812; x_wconf 90' lang='lat' dir='ltr'><strong>et</strong></span> <span class='ocrx_word' id='word_1_16' title='bbox 1627 763 1694 813; x_wconf 94' lang='lat' dir='ltr'><strong>non</strong></span> <span class='ocrx_word' id='word_1_17' title='bbox 1714 745 1876 836; x_wconf 77' lang='lat' dir='ltr'>habeant,</span> <span class='ocrx_word' id='word_1_18' title='bbox 1904 767 1966 840; x_wconf 86' lang='lat' dir='ltr'><strong>quo</strong></span> <span class='ocrx_word' id='word_1_19' title='bbox 1988 751 2049 821; x_wconf 90' lang='lat' dir='ltr'><strong>de·</strong></span> 
     </span>
     <span class='ocr_line' id='line_1_3' title="bbox 171 846 356 916; baseline -0.022 0"><span class='ocrx_word' id='word_1_20' title='bbox 171 846 356 916; x_wconf 82' lang='lat' dir='ltr'><strong>leodanuu.</strong></span> 
     </span>
    </p>

    <p class='ocr_par' dir='ltr' id='par_1_3' title="bbox 113 944 2048 5484">
     <span class='ocr_line' id='line_1_4' title="bbox 321 944 2048 1041; baseline 0.006 -28"><span class='ocrx_word' id='word_1_21' title='bbox 321 949 471 1016; x_wconf 77' lang='lat' dir='ltr'><strong>&#39;transeo</strong></span> <span class='ocrx_word' id='word_1_22' title='bbox 491 947 534 1014; x_wconf 90' lang='lat' dir='ltr'><strong>ad</strong></span> <span class='ocrx_word' id='word_1_23' title='bbox 556 945 726 1014; x_wconf 75' lang='lat' dir='ltr'><strong>historiam</strong></span> <span class='ocrx_word' id='word_1_24' title='bbox 746 946 853 1014; x_wconf 87' lang='lat' dir='ltr'><strong>nostri</strong></span> <span class='ocrx_word' id='word_1_25' title='bbox 874 945 946 1012; x_wconf 84' lang='lat' dir='ltr'>libri</span> <span class='ocrx_word' id='word_1_26' title='bbox 967 946 1191 1016; x_wconf 74' lang='lat' dir='ltr'><strong>enarrandam.</strong></span> <span class='ocrx_word' id='word_1_27' title='bbox 1238 944 1332 1028; x_wconf 78' lang='lat' dir='ltr'><strong>Quae</strong></span> <span class='ocrx_word' id='word_1_28' title='bbox 1352 946 1482 1034; x_wconf 88' lang='lat' dir='ltr'><strong>quidem</strong></span> <span class='ocrx_word' id='word_1_29' title='bbox 1503 949 1668 1018; x_wconf 76' lang='lat' dir='ltr'><strong>enarratio</strong></span> <span class='ocrx_word' id='word_1_30' title='bbox 1689 949 1814 1017; x_wconf 89' lang='lat' dir='ltr'><strong>duabus</strong></span> <span class='ocrx_word' id='word_1_31' title='bbox 1835 971 1877 1019; x_wconf 86' lang='lat' dir='ltr'><strong>ex</strong></span> <span class='ocrx_word' id='word_1_32' title='bbox 1899 956 2048 1041; x_wconf 87' lang='lat' dir='ltr'><strong>portibus</strong></span> 
     </span>
     <span class='ocr_line' id='line_1_5' title="bbox 169 1046 2047 1138; baseline 0.005 -23"><span class='ocrx_word' id='word_1_33' title='bbox 169 1054 309 1138; x_wconf 82' lang='lat' dir='ltr'><strong>cunstat,</strong></span> <span class='ocrx_word' id='word_1_34' title='bbox 331 1049 489 1137; x_wconf 89' lang='lat' dir='ltr'><strong>siquidem</strong></span> <span class='ocrx_word' id='word_1_35' title='bbox 505 1055 572 1116; x_wconf 89' lang='lat' dir='ltr'><strong>tam</strong></span> <span class='ocrx_word' id='word_1_36' title='bbox 585 1068 630 1114; x_wconf 85' lang='lat' dir='ltr'><strong>ex</strong></span> <span class='ocrx_word' id='word_1_37' title='bbox 643 1046 808 1114; x_wconf 80' lang='lat' dir='ltr'><strong>codicibus</strong></span> <span class='ocrx_word' id='word_1_38' title='bbox 825 1050 1065 1136; x_wconf 88' lang='lat' dir='ltr'><strong>manuscriptis,</strong></span> <span class='ocrx_word' id='word_1_39' title='bbox 1087 1049 1120 1115; x_wconf 93' lang='lat' dir='ltr'><strong>in</strong></span> <span class='ocrx_word' id='word_1_40' title='bbox 1138 1048 1254 1136; x_wconf 85' lang='lat' dir='ltr'><strong>quibus</strong></span> <span class='ocrx_word' id='word_1_41' title='bbox 1271 1055 1416 1116; x_wconf 89' lang='lat' dir='ltr'><strong>nostrum</strong></span> <span class='ocrx_word' id='word_1_42' title='bbox 1436 1069 1518 1136; x_wconf 88' lang='lat' dir='ltr'><strong>opus</strong></span> <span class='ocrx_word' id='word_1_43' title='bbox 1539 1051 1710 1135; x_wconf 84' lang='lat' dir='ltr'><strong>reperitur,</strong></span> <span class='ocrx_word' id='word_1_44' title='bbox 1732 1070 1827 1136; x_wconf 88' lang='lat' dir='ltr'><strong>quam</strong></span> <span class='ocrx_word' id='word_1_45' title='bbox 1848 1071 1891 1119; x_wconf 84' lang='lat' dir='ltr'><strong>cx</strong></span> <span class='ocrx_word' id='word_1_46' title='bbox 1912 1057 2047 1124; x_wconf 90' lang='lat' dir='ltr'><strong>aliorum</strong></span> 
     </span>
     <span class='ocr_line' id='line_1_6' title="bbox 169 1148 2046 1243; baseline 0.005 -27"><span class='ocrx_word' id='word_1_47' title='bbox 169 1150 333 1228; x_wconf 88' lang='lat' dir='ltr'><strong>librorum,</strong></span> <span class='ocrx_word' id='word_1_48' title='bbox 367 1152 422 1237; x_wconf 89' lang='lat' dir='ltr'><strong>qui</strong></span> <span class='ocrx_word' id='word_1_49' title='bbox 443 1170 463 1217; x_wconf 93' lang='lat' dir='ltr'><strong>a</strong></span> <span class='ocrx_word' id='word_1_50' title='bbox 485 1148 625 1216; x_wconf 86' lang='lat' dir='ltr'><strong>Graecis</strong></span> <span class='ocrx_word' id='word_1_51' title='bbox 647 1149 863 1236; x_wconf 80' lang='lat' dir='ltr'><strong>posteriorum</strong></span> <span class='ocrx_word' id='word_1_52' title='bbox 885 1158 1064 1236; x_wconf 89' lang='lat' dir='ltr'><strong>temporum</strong></span> <span class='ocrx_word' id='word_1_53' title='bbox 1092 1149 1319 1218; x_wconf 87' lang='lat' dir='ltr'><strong>iureconsultis</strong></span> <span class='ocrx_word' id='word_1_54' title='bbox 1346 1151 1510 1236; x_wconf 81' lang='lat' dir='ltr'><strong>compilati</strong></span> <span class='ocrx_word' id='word_1_55' title='bbox 1537 1159 1630 1240; x_wconf 88' lang='lat' dir='ltr'><strong>sunt,</strong></span> <span class='ocrx_word' id='word_1_56' title='bbox 1660 1153 1856 1218; x_wconf 87' lang='lat' dir='ltr'><strong>auctoritate</strong></span> <span class='ocrx_word' id='word_1_57' title='bbox 1883 1175 2046 1243; x_wconf 86' lang='lat' dir='ltr'><strong>suspensa</strong></span> 
     </span>
     <span class='ocr_line' id='line_1_7' title="bbox 169 1249 2047 1342; baseline 0.005 -24"><span class='ocrx_word' id='word_1_58' title='bbox 169 1261 229 1318; x_wconf 89' lang='lat' dir='ltr'><strong>est.</strong></span> <span class='ocrx_word' id='word_1_59' title='bbox 281 1256 392 1337; x_wconf 82' lang='lat' dir='ltr'><strong>Atque</strong></span> <span class='ocrx_word' id='word_1_60' title='bbox 421 1251 463 1318; x_wconf 89' lang='lat' dir='ltr'><strong>de</strong></span> <span class='ocrx_word' id='word_1_61' title='bbox 491 1250 658 1318; x_wconf 77' lang='lat' dir='ltr'><strong>codicibus</strong></span> <span class='ocrx_word' id='word_1_62' title='bbox 686 1251 915 1337; x_wconf 88' lang='lat' dir='ltr'><strong>manuscriptis</strong></span> <span class='ocrx_word' id='word_1_63' title='bbox 944 1250 1072 1337; x_wconf 87' lang='lat' dir='ltr'><strong>quidem</strong></span> <span class='ocrx_word' id='word_1_64' title='bbox 1097 1271 1167 1316; x_wconf 92' lang='lat' dir='ltr'><strong>cum</strong></span> <span class='ocrx_word' id='word_1_65' title='bbox 1195 1250 1259 1316; x_wconf 90' lang='lat' dir='ltr'><strong>iarn</strong></span> <span class='ocrx_word' id='word_1_66' title='bbox 1281 1249 1496 1332; x_wconf 83' lang='lat' dir='ltr'><strong>retulerimus,</strong></span> <span class='ocrx_word' id='word_1_67' title='bbox 1534 1271 1619 1338; x_wconf 81' lang='lat' dir='ltr'><strong>quae</strong></span> <span class='ocrx_word' id='word_1_68' title='bbox 1639 1273 1738 1340; x_wconf 87' lang='lat' dir='ltr'><strong>supra</strong></span> <span class='ocrx_word' id='word_1_69' title='bbox 1760 1254 1859 1318; x_wconf 87' lang='lat' dir='ltr'><strong>letius</strong></span> <span class='ocrx_word' id='word_1_70' title='bbox 1879 1254 2047 1342; x_wconf 90' lang='lat' dir='ltr'><strong>disputata</strong></span> 
     </span>
     <span class='ocr_line' id='line_1_8' title="bbox 168 1351 2046 1440; baseline 0.004 -22"><span class='ocrx_word' id='word_1_71' title='bbox 168 1360 253 1428; x_wconf 89' lang='lat' dir='ltr'><strong>sunt,</strong></span> <span class='ocrx_word' id='word_1_72' title='bbox 276 1353 338 1418; x_wconf 92' lang='lat' dir='ltr'><strong>hoc</strong></span> <span class='ocrx_word' id='word_1_73' title='bbox 361 1353 431 1418; x_wconf 90' lang='lat' dir='ltr'><strong>loco</strong></span> <span class='ocrx_word' id='word_1_74' title='bbox 454 1353 487 1418; x_wconf 92' lang='lat' dir='ltr'><strong>in</strong></span> <span class='ocrx_word' id='word_1_75' title='bbox 510 1352 648 1418; x_wconf 89' lang='lat' dir='ltr'><strong>medium</strong></span> <span class='ocrx_word' id='word_1_76' title='bbox 670 1351 816 1438; x_wconf 90' lang='lat' dir='ltr'><strong>prolerre</strong></span> <span class='ocrx_word' id='word_1_77' title='bbox 837 1370 904 1418; x_wconf 93' lang='lat' dir='ltr'><strong>nou</strong></span> <span class='ocrx_word' id='word_1_78' title='bbox 925 1353 1054 1419; x_wconf 83' lang='lat' dir='ltr'><strong>attinet.</strong></span> <span class='ocrx_word' id='word_1_79' title='bbox 1098 1353 1213 1438; x_wconf 86' lang='lat' dir='ltr'><strong>Itaque</strong></span> <span class='ocrx_word' id='word_1_80' title='bbox 1235 1351 1277 1420; x_wconf 86' lang='lat' dir='ltr'><strong>arl</strong></span> <span class='ocrx_word' id='word_1_81' title='bbox 1290 1351 1428 1418; x_wconf 84' lang='lat' dir='ltr'><strong>alterurn</strong></span> <span class='ocrx_word' id='word_1_82' title='bbox 1450 1351 1544 1418; x_wconf 85' lang='lat' dir='ltr'><strong>huius</strong></span> <span class='ocrx_word' id='word_1_83' title='bbox 1559 1354 1775 1420; x_wconf 84' lang='lat' dir='ltr'><strong>enarrationis</strong></span> <span class='ocrx_word' id='word_1_84' title='bbox 1790 1361 1916 1440; x_wconf 88' lang='lat' dir='ltr'><strong>partem</strong></span> <span class='ocrx_word' id='word_1_85' title='bbox 1933 1362 2046 1426; x_wconf 88' lang='lat' dir='ltr'><strong>trans-</strong></span> 
     </span>
     <span class='ocr_line' id='line_1_9' title="bbox 167 1451 2044 1542; baseline 0.003 -23"><span class='ocrx_word' id='word_1_86' title='bbox 167 1453 307 1542; x_wconf 81' lang='lat' dir='ltr'><strong>gredior,</strong></span> <span class='ocrx_word' id='word_1_87' title='bbox 328 1453 390 1520; x_wconf 83' lang='lat' dir='ltr'><strong>lroc</strong></span> <span class='ocrx_word' id='word_1_88' title='bbox 413 1459 476 1534; x_wconf 90' lang='lat' dir='ltr'><strong>est,</strong></span> <span class='ocrx_word' id='word_1_89' title='bbox 499 1453 541 1520; x_wconf 92' lang='lat' dir='ltr'><strong>ad</strong></span> <span class='ocrx_word' id='word_1_90' title='bbox 565 1452 664 1518; x_wconf 87' lang='lat' dir='ltr'><strong>libros</strong></span> <span class='ocrx_word' id='word_1_91' title='bbox 685 1451 765 1517; x_wconf 90' lang='lat' dir='ltr'><strong>iuris</strong></span> <span class='ocrx_word' id='word_1_92' title='bbox 787 1455 953 1536; x_wconf 85' lang='lat' dir='ltr'><strong>cononici,</strong></span> <span class='ocrx_word' id='word_1_93' title='bbox 978 1454 1014 1518; x_wconf 93' lang='lat' dir='ltr'><strong>in</strong></span> <span class='ocrx_word' id='word_1_94' title='bbox 1036 1453 1150 1540; x_wconf 87' lang='lat' dir='ltr'><strong>quibus</strong></span> <span class='ocrx_word' id='word_1_95' title='bbox 1171 1451 1301 1539; x_wconf 82' lang='lat' dir='ltr'><strong>aliquod</strong></span> <span class='ocrx_word' id='word_1_96' title='bbox 1323 1454 1428 1518; x_wconf 85' lang='lat' dir='ltr'><strong>nostri</strong></span> <span class='ocrx_word' id='word_1_97' title='bbox 1449 1455 1559 1540; x_wconf 79' lang='lat' dir='ltr'><strong>opens</strong></span> <span class='ocrx_word' id='word_1_98' title='bbox 1579 1454 1758 1540; x_wconf 85' lang='lat' dir='ltr'><strong>vestigium</strong></span> <span class='ocrx_word' id='word_1_99' title='bbox 1779 1455 1932 1538; x_wconf 85' lang='lat' dir='ltr'><strong>habetur,</strong></span> <span class='ocrx_word' id='word_1_100' title='bbox 1961 1479 2044 1526; x_wconf 84' lang='lat' dir='ltr'><strong>enrr-</strong></span> 
     </span>
     <span class='ocr_line' id='line_1_10' title="bbox 166 1551 2045 1642; baseline 0.004 -20"><span class='ocrx_word' id='word_1_101' title='bbox 166 1555 349 1622; x_wconf 88' lang='lat' dir='ltr'><strong>merundos.</strong></span> <span class='ocrx_word' id='word_1_102' title='bbox 394 1556 446 1620; x_wconf 83' lang='lat' dir='ltr'><strong>Ac</strong></span> <span class='ocrx_word' id='word_1_103' title='bbox 464 1554 598 1640; x_wconf 86' lang='lat' dir='ltr'><strong>primum</strong></span> <span class='ocrx_word' id='word_1_104' title='bbox 619 1552 758 1639; x_wconf 87' lang='lat' dir='ltr'><strong>quidem,</strong></span> <span class='ocrx_word' id='word_1_105' title='bbox 782 1569 853 1620; x_wconf 89' lang='lat' dir='ltr'><strong>cum</strong></span> <span class='ocrx_word' id='word_1_106' title='bbox 873 1553 1055 1620; x_wconf 76' lang='lat' dir='ltr'><strong>collectioni</strong></span> <span class='ocrx_word' id='word_1_107' title='bbox 1077 1572 1235 1620; x_wconf 88' lang='lat' dir='ltr'><strong>canonum</strong></span> <span class='ocrx_word' id='word_1_108' title='bbox 1257 1554 1298 1618; x_wconf 83' lang='lat' dir='ltr'><strong>alo</strong></span> <span class='ocrx_word' id='word_1_109' title='bbox 1320 1553 1465 1620; x_wconf 86' lang='lat' dir='ltr'><strong>Iohanne</strong></span> <span class='ocrx_word' id='word_1_110' title='bbox 1487 1551 1695 1622; x_wconf 87' lang='lat' dir='ltr'><strong>Scholastica</strong></span> <span class='ocrx_word' id='word_1_111' title='bbox 1718 1558 1909 1642; x_wconf 78' lang='lat' dir='ltr'><strong>compilatae</strong></span> <span class='ocrx_word' id='word_1_112' title='bbox 1932 1567 2045 1630; x_wconf 89' lang='lat' dir='ltr'><strong>noster</strong></span> 
     </span>
     <span class='ocr_line' id='line_1_11' title="bbox 165 1653 2041 1746; baseline 0.001 -22"><span class='ocrx_word' id='word_1_113' title='bbox 165 1658 246 1724; x_wconf 85' lang='lat' dir='ltr'><strong>liber</strong></span> <span class='ocrx_word' id='word_1_114' title='bbox 272 1655 366 1743; x_wconf 84' lang='lat' dir='ltr'><strong>qnasi</strong></span> <span class='ocrx_word' id='word_1_115' title='bbox 395 1654 553 1742; x_wconf 89' lang='lat' dir='ltr'><strong>quaedam</strong></span> <span class='ocrx_word' id='word_1_116' title='bbox 579 1653 747 1740; x_wconf 74' lang='lat' dir='ltr'><strong>appendix</strong></span> <span class='ocrx_word' id='word_1_117' title='bbox 775 1671 820 1718; x_wconf 89' lang='lat' dir='ltr'><strong>ex</strong></span> <span class='ocrx_word' id='word_1_118' title='bbox 853 1654 928 1741; x_wconf 89' lang='lat' dir='ltr'><strong>ipsa</strong></span> <span class='ocrx_word' id='word_1_119' title='bbox 962 1654 1135 1740; x_wconf 90' lang='lat' dir='ltr'><strong>scriptoris</strong></span> <span class='ocrx_word' id='word_1_120' title='bbox 1162 1654 1330 1722; x_wconf 85' lang='lat' dir='ltr'><strong>sententia</strong></span> <span class='ocrx_word' id='word_1_121' title='bbox 1366 1653 1518 1722; x_wconf 91' lang='lat' dir='ltr'><strong>adiuncta</strong></span> <span class='ocrx_word' id='word_1_122' title='bbox 1553 1658 1615 1736; x_wconf 86' lang='lat' dir='ltr'><strong>sit,</strong></span> <span class='ocrx_word' id='word_1_123' title='bbox 1656 1655 1795 1724; x_wconf 84' lang='lat' dir='ltr'><strong>dubitari</strong></span> <span class='ocrx_word' id='word_1_124' title='bbox 1824 1678 1888 1724; x_wconf 93' lang='lat' dir='ltr'><strong>non</strong></span> <span class='ocrx_word' id='word_1_125' title='bbox 1918 1667 2041 1746; x_wconf 86' lang='lat' dir='ltr'><strong>potest,</strong></span> 
     </span>
     <span class='ocr_line' id='line_1_12' title="bbox 165 1753 2043 1844; baseline 0.001 -20"><span class='ocrx_word' id='word_1_126' title='bbox 165 1759 240 1844; x_wconf 86' lang='lat' dir='ltr'><strong>quin</strong></span> <span class='ocrx_word' id='word_1_127' title='bbox 254 1759 286 1825; x_wconf 91' lang='lat' dir='ltr'><strong>iu</strong></span> <span class='ocrx_word' id='word_1_128' title='bbox 302 1758 334 1822; x_wconf 89' lang='lat' dir='ltr'>N</span> <span class='ocrx_word' id='word_1_129' title='bbox 337 1775 574 1836; x_wconf 82' lang='lat' dir='ltr'><strong>omucanonem,</strong></span> <span class='ocrx_word' id='word_1_130' title='bbox 597 1756 652 1842; x_wconf 86' lang='grc' dir='ltr'><strong>ιμιί</strong></span> <span class='ocrx_word' id='word_1_131' title='bbox 668 1754 774 1821; x_wconf 90' lang='lat' dir='ltr'><strong>eidem</strong></span> <span class='ocrx_word' id='word_1_132' title='bbox 787 1753 940 1841; x_wconf 89' lang='lat' dir='ltr'><strong>scriptori</strong></span> <span class='ocrx_word' id='word_1_133' title='bbox 956 1755 1051 1822; x_wconf 88' lang='lat' dir='ltr'><strong>tribui</strong></span> <span class='ocrx_word' id='word_1_134' title='bbox 1063 1755 1161 1842; x_wconf 84' lang='lat' dir='ltr'><strong>solet,</strong></span> <span class='ocrx_word' id='word_1_135' title='bbox 1182 1757 1236 1842; x_wconf 87' lang='lat' dir='ltr'><strong>qui</strong></span> <span class='ocrx_word' id='word_1_136' title='bbox 1260 1755 1387 1844; x_wconf 89' lang='lat' dir='ltr'><strong>quidem</strong></span> <span class='ocrx_word' id='word_1_137' title='bbox 1401 1756 1433 1822; x_wconf 95' lang='lat' dir='ltr'><strong>in</strong></span> <span class='ocrx_word' id='word_1_138' title='bbox 1450 1755 1644 1824; x_wconf 85' lang='lat' dir='ltr'><strong>bibilotheca</strong></span> <span class='ocrx_word' id='word_1_139' title='bbox 1656 1758 1735 1824; x_wconf 90' lang='lat' dir='ltr'><strong>iuris</strong></span> <span class='ocrx_word' id='word_1_140' title='bbox 1757 1759 1904 1826; x_wconf 87' lang='lat' dir='ltr'><strong>canonici</strong></span> <span class='ocrx_word' id='word_1_141' title='bbox 1919 1757 2043 1828; x_wconf 89' lang='lat' dir='ltr'><strong>lustel-</strong></span> 
     </span>
     <span class='ocr_line' id='line_1_13' title="bbox 164 1852 2043 1946; baseline 0.002 -21"><span class='ocrx_word' id='word_1_142' title='bbox 164 1860 251 1926; x_wconf 84' lang='lat' dir='ltr'><strong>liana</strong></span> <span class='ocrx_word' id='word_1_143' title='bbox 263 1865 337 1924; x_wconf 89' lang='lat' dir='ltr'><strong>tom.</strong></span> <span class='ocrx_word' id='word_1_144' title='bbox 346 1863 386 1924; x_wconf 92' lang='lat' dir='ltr'><strong>ll.</strong></span> <span class='ocrx_word' id='word_1_145' title='bbox 401 1877 433 1942; x_wconf 94' lang='lat' dir='ltr'><strong>p.</strong></span> <span class='ocrx_word' id='word_1_146' title='bbox 442 1852 657 1922; x_wconf 86' lang='grc'><strong>663-660.</strong></span> <span class='ocrx_word' id='word_1_147' title='bbox 674 1855 764 1942; x_wconf 83' lang='lat' dir='ltr'><strong>typis</strong></span> <span class='ocrx_word' id='word_1_148' title='bbox 777 1855 966 1942; x_wconf 90' lang='lat' dir='ltr'><strong>exscriptus</strong></span> <span class='ocrx_word' id='word_1_149' title='bbox 980 1863 1044 1936; x_wconf 87' lang='lat' dir='ltr'><strong>est,</strong></span> <span class='ocrx_word' id='word_1_150' title='bbox 1060 1856 1160 1923; x_wconf 89' lang='lat' dir='ltr'><strong>multa</strong></span> <span class='ocrx_word' id='word_1_151' title='bbox 1174 1876 1217 1924; x_wconf 87' lang='lat' dir='ltr'><strong>ex</strong></span> <span class='ocrx_word' id='word_1_152' title='bbox 1231 1863 1343 1924; x_wconf 91' lang='lat' dir='ltr'><strong>nostro</strong></span> <span class='ocrx_word' id='word_1_153' title='bbox 1359 1857 1441 1922; x_wconf 86' lang='lat' dir='ltr'><strong>libro</strong></span> <span class='ocrx_word' id='word_1_154' title='bbox 1453 1858 1614 1924; x_wconf 81' lang='lat' dir='ltr'><strong>translata</strong></span> <span class='ocrx_word' id='word_1_155' title='bbox 1626 1860 1702 1925; x_wconf 90' lang='lat' dir='ltr'><strong>sint.</strong></span> <span class='ocrx_word' id='word_1_156' title='bbox 1725 1858 1799 1945; x_wconf 80' lang='lat' dir='ltr'><strong>Ego</strong></span> <span class='ocrx_word' id='word_1_157' title='bbox 1811 1860 1894 1926; x_wconf 89' lang='lat' dir='ltr'><strong>satis</strong></span> <span class='ocrx_word' id='word_1_158' title='bbox 1908 1860 2043 1946; x_wconf 90' lang='lat' dir='ltr'><strong>habebo,</strong></span> 
     </span>
     <span class='ocr_line' id='line_1_14' title="bbox 162 1956 2043 2049; baseline 0.002 -23"><span class='ocrx_word' id='word_1_159' title='bbox 162 1959 311 2046; x_wconf 87' lang='lat' dir='ltr'><strong>singulos</strong></span> <span class='ocrx_word' id='word_1_160' title='bbox 333 1960 426 2026; x_wconf 88' lang='lat' dir='ltr'><strong>locos</strong></span> <span class='ocrx_word' id='word_1_161' title='bbox 445 1957 702 2036; x_wconf 85' lang='lat' dir='ltr'><strong>Nomocauonis,</strong></span> <span class='ocrx_word' id='word_1_162' title='bbox 723 1957 778 2045; x_wconf 89' lang='lat' dir='ltr'><strong>qui</strong></span> <span class='ocrx_word' id='word_1_163' title='bbox 799 1971 843 2022; x_wconf 88' lang='lat' dir='ltr'><strong>ex</strong></span> <span class='ocrx_word' id='word_1_164' title='bbox 863 1965 977 2024; x_wconf 91' lang='lat' dir='ltr'><strong>nostro</strong></span> <span class='ocrx_word' id='word_1_165' title='bbox 999 1976 1100 2044; x_wconf 88' lang='lat' dir='ltr'><strong>opere</strong></span> <span class='ocrx_word' id='word_1_166' title='bbox 1121 1957 1255 2024; x_wconf 91' lang='lat' dir='ltr'><strong>deducti</strong></span> <span class='ocrx_word' id='word_1_167' title='bbox 1277 1965 1373 2043; x_wconf 89' lang='lat' dir='ltr'><strong>sunt,</strong></span> <span class='ocrx_word' id='word_1_168' title='bbox 1406 1956 1449 2024; x_wconf 87' lang='lat' dir='ltr'><strong>ad</strong></span> <span class='ocrx_word' id='word_1_169' title='bbox 1470 1959 1575 2024; x_wconf 91' lang='lat' dir='ltr'><strong>nostri</strong></span> <span class='ocrx_word' id='word_1_170' title='bbox 1598 1959 1669 2025; x_wconf 85' lang='lat' dir='ltr'><strong>lltrri</strong></span> <span class='ocrx_word' id='word_1_171' title='bbox 1690 1964 1809 2027; x_wconf 87' lang='lat' dir='ltr'><strong>seriem</strong></span> <span class='ocrx_word' id='word_1_172' title='bbox 1832 1959 2043 2049; x_wconf 85' lang='lat' dir='ltr'><strong>ordinemque</strong></span> 
     </span>
     <span class='ocr_line' id='line_1_15' title="bbox 161 2045 2043 2146; baseline 0.001 -18"><span class='ocrx_word' id='word_1_173' title='bbox 161 2061 317 2128; x_wconf 88' lang='lat' dir='ltr'><strong>hocloco</strong></span> <span class='ocrx_word' id='word_1_174' title='bbox 340 2077 532 2146; x_wconf 86' lang='lat' dir='ltr'><strong>proponere.</strong></span> <span class='ocrx_word' id='word_1_175' title='bbox 576 2059 614 2124; x_wconf 96' lang='lat' dir='ltr'><strong>ln</strong></span> <span class='ocrx_word' id='word_1_176' title='bbox 644 2078 706 2144; x_wconf 89' lang='lat' dir='ltr'><strong>quo</strong></span> <span class='ocrx_word' id='word_1_177' title='bbox 728 2057 903 2124; x_wconf 89' lang='lat' dir='ltr'><strong>editionem</strong></span> <span class='ocrx_word' id='word_1_178' title='bbox 931 2057 1175 2140; x_wconf 90' lang='lat' dir='ltr'><strong>lustellianam‚</strong></span> <span class='ocrx_word' id='word_1_179' title='bbox 1204 2077 1289 2145; x_wconf 86' lang='lat' dir='ltr'><strong>quae</strong></span> <span class='ocrx_word' id='word_1_180' title='bbox 1317 2059 1361 2126; x_wconf 87' lang='lat' dir='ltr'><strong>od</strong></span> <span class='ocrx_word' id='word_1_181' title='bbox 1393 2058 1490 2126; x_wconf 85' lang='lat' dir='ltr'><strong>fidem</strong></span> <span class='ocrx_word' id='word_1_182' title='bbox 1520 2061 1654 2128; x_wconf 86' lang='lat' dir='ltr'><strong>Codicis</strong></span> <span class='ocrx_word' id='word_1_183' title='bbox 1682 2045 1883 2128; x_wconf 82' lang='lat' dir='ltr'><strong>Parisieosis</strong></span> <span class='ocrx_word' id='word_1_184' title='bbox 1915 2061 2043 2144; x_wconf 70' lang='lat'>1370„</span> 
     </span>
     <span class='ocr_line' id='line_1_16' title="bbox 161 2159 2043 2250; baseline 0 -21"><span class='ocrx_word' id='word_1_185' title='bbox 161 2169 194 2230; x_wconf 90' lang='lat' dir='ltr'><strong>ut</strong></span> <span class='ocrx_word' id='word_1_186' title='bbox 208 2169 247 2228; x_wconf 90' lang='lat' dir='ltr'><strong>et</strong></span> <span class='ocrx_word' id='word_1_187' title='bbox 259 2161 427 2228; x_wconf 72' lang='lat' dir='ltr'><strong>nicoeno</strong></span> <span class='ocrx_word' id='word_1_188' title='bbox 437 2164 486 2240; x_wconf 75' lang='lat'><strong>⁸³)</strong></span> <span class='ocrx_word' id='word_1_189' title='bbox 501 2159 698 2247; x_wconf 90' lang='lat' dir='ltr'><strong>coniecerat,</strong></span> <span class='ocrx_word' id='word_1_190' title='bbox 720 2165 756 2228; x_wconf 93' lang='lat' dir='ltr'><strong>et</strong></span> <span class='ocrx_word' id='word_1_191' title='bbox 770 2175 846 2246; x_wconf 80' lang='lat' dir='ltr'><strong>ego,</strong></span> <span class='ocrx_word' id='word_1_192' title='bbox 861 2179 934 2228; x_wconf 91' lang='lat' dir='ltr'><strong>cum</strong></span> <span class='ocrx_word' id='word_1_193' title='bbox 946 2161 1100 2228; x_wconf 85' lang='lat' dir='ltr'><strong>Lutetiae</strong></span> <span class='ocrx_word' id='word_1_194' title='bbox 1114 2159 1315 2228; x_wconf 86' lang='lat' dir='ltr'><strong>Parisiorum</strong></span> <span class='ocrx_word' id='word_1_195' title='bbox 1330 2179 1451 2250; x_wconf 80' lang='lat' dir='ltr'><strong>essem,</strong></span> <span class='ocrx_word' id='word_1_196' title='bbox 1465 2162 1587 2242; x_wconf 88' lang='lat' dir='ltr'><strong>inveni,</strong></span> <span class='ocrx_word' id='word_1_197' title='bbox 1606 2161 1731 2230; x_wconf 85' lang='lat' dir='ltr'><strong>directa</strong></span> <span class='ocrx_word' id='word_1_198' title='bbox 1747 2171 1813 2248; x_wconf 83' lang='lat' dir='ltr'><strong>est,</strong></span> <span class='ocrx_word' id='word_1_199' title='bbox 1832 2163 1888 2229; x_wconf 92' lang='lat' dir='ltr'><strong>vel</strong></span> <span class='ocrx_word' id='word_1_200' title='bbox 1905 2167 2043 2232; x_wconf 86' lang='lat' dir='ltr'><strong>maxime</strong></span> 
     </span>
     <span class='ocr_line' id='line_1_17' title="bbox 160 2259 2044 2352; baseline 0.003 -24"><span class='ocrx_word' id='word_1_201' title='bbox 160 2281 346 2350; x_wconf 80' lang='lat' dir='ltr'><strong>sequemur,</strong></span> <span class='ocrx_word' id='word_1_202' title='bbox 368 2279 408 2328; x_wconf 91' lang='lat' dir='ltr'><strong>ac</strong></span> <span class='ocrx_word' id='word_1_203' title='bbox 422 2262 471 2326; x_wconf 77' lang='lat' dir='ltr'><strong>sic</strong></span> <span class='ocrx_word' id='word_1_204' title='bbox 486 2259 642 2346; x_wconf 88' lang='lat' dir='ltr'><strong>deinceps</strong></span> <span class='ocrx_word' id='word_1_205' title='bbox 657 2260 698 2326; x_wconf 86' lang='lat' dir='ltr'><strong>ad</strong></span> <span class='ocrx_word' id='word_1_206' title='bbox 713 2260 857 2347; x_wconf 88' lang='lat' dir='ltr'><strong>reliquos</strong></span> <span class='ocrx_word' id='word_1_207' title='bbox 873 2260 968 2326; x_wconf 89' lang='lat' dir='ltr'><strong>huius</strong></span> <span class='ocrx_word' id='word_1_208' title='bbox 983 2263 1095 2348; x_wconf 90' lang='lat' dir='ltr'><strong>operis</strong></span> <span class='ocrx_word' id='word_1_209' title='bbox 1110 2260 1244 2328; x_wconf 77' lang='lat' dir='ltr'><strong>oodims</strong></span> <span class='ocrx_word' id='word_1_210' title='bbox 1255 2263 1495 2348; x_wconf 87' lang='lat' dir='ltr'><strong>manuscriptos</strong></span> <span class='ocrx_word' id='word_1_211' title='bbox 1511 2261 1759 2331; x_wconf 87' lang='lat' dir='ltr'><strong>descendemus.</strong></span> <span class='ocrx_word' id='word_1_212' title='bbox 1784 2263 1951 2330; x_wconf 85' lang='lat' dir='ltr'><strong>Praelatio</strong></span> <span class='ocrx_word' id='word_1_213' title='bbox 1963 2284 2044 2352; x_wconf 89' lang='lat' dir='ltr'><strong>ope-</strong></span> 
     </span>
     <span class='ocr_line' id='line_1_18' title="bbox 159 2359 2044 2452; baseline 0 -20"><span class='ocrx_word' id='word_1_214' title='bbox 159 2366 203 2432; x_wconf 88' lang='lat' dir='ltr'><strong>ris</strong></span> <span class='ocrx_word' id='word_1_215' title='bbox 216 2368 270 2445; x_wconf 77' lang='lat'><strong>²⁴]</strong></span> <span class='ocrx_word' id='word_1_216' title='bbox 291 2369 336 2441; x_wconf 82' lang='grc' dir='ltr'><strong>είς</strong></span> <span class='ocrx_word' id='word_1_217' title='bbox 358 2359 457 2442; x_wconf 87' lang='grc' dir='ltr'><strong>δόξαν</strong></span> <span class='ocrx_word' id='word_1_218' title='bbox 480 2361 618 2428; x_wconf 84' lang='lat' dir='ltr'><strong>hebetur</strong></span> <span class='ocrx_word' id='word_1_219' title='bbox 640 2363 777 2428; x_wconf 80' lang='lat' dir='ltr'><strong>Nomou.</strong></span> <span class='ocrx_word' id='word_1_220' title='bbox 804 2360 839 2426; x_wconf 98' lang='grc'><strong>1.</strong></span> <span class='ocrx_word' id='word_1_221' title='bbox 865 2359 898 2424; x_wconf 91' lang='grc'><strong>1.</strong></span> <span class='ocrx_word' id='word_1_222' title='bbox 919 2382 952 2448; x_wconf 92' lang='lat' dir='ltr'><strong>p.</strong></span> <span class='ocrx_word' id='word_1_223' title='bbox 976 2359 1068 2428; x_wconf 83' lang='lat'><strong>603.</strong></span> <span class='ocrx_word' id='word_1_224' title='bbox 1113 2361 1248 2428; x_wconf 85' lang='lat' dir='ltr'><strong>Desinit</strong></span> <span class='ocrx_word' id='word_1_225' title='bbox 1265 2359 1528 2446; x_wconf 64' lang='grc' dir='ltr'><strong>περιπνεούσας.</strong></span> <span class='ocrx_word' id='word_1_226' title='bbox 1560 2363 1689 2430; x_wconf 85' lang='lat' dir='ltr'><strong>Titulus</strong></span> <span class='ocrx_word' id='word_1_227' title='bbox 1711 2371 1781 2430; x_wconf 85' lang='lat' dir='ltr'><strong>est:</strong></span> <span class='ocrx_word' id='word_1_228' title='bbox 1803 2360 1964 2452; x_wconf 79' lang='grc' dir='ltr'><strong><em>πρόλογος</em></strong></span> <span class='ocrx_word' id='word_1_229' title='bbox 1984 2374 2044 2432; x_wconf 85' lang='grc' dir='ltr'><strong>τοῦ</strong></span> 
     </span>
     <span class='ocr_line' id='line_1_19' title="bbox 158 2459 2044 2551; baseline 0.001 -20"><span class='ocrx_word' id='word_1_230' title='bbox 158 2462 198 2532; x_wconf 93' lang='grc' dir='ltr'><strong>α’.</strong></span> <span class='ocrx_word' id='word_1_231' title='bbox 228 2468 349 2532; x_wconf 87' lang='grc' dir='ltr'><strong>τίτλον.</strong></span> <span class='ocrx_word' id='word_1_232' title='bbox 372 2501 416 2514; x_wconf 93' lang='grc'><strong>-</strong></span> <span class='ocrx_word' id='word_1_233' title='bbox 437 2466 519 2550; x_wconf 86' lang='lat' dir='ltr'><strong>Cup.</strong></span> <span class='ocrx_word' id='word_1_234' title='bbox 546 2463 579 2527; x_wconf 92' lang='grc'><strong>1.</strong></span> <span class='ocrx_word' id='word_1_235' title='bbox 601 2463 736 2529; x_wconf 81' lang='lat' dir='ltr'><strong>Nomou.</strong></span> <span class='ocrx_word' id='word_1_236' title='bbox 764 2462 797 2527; x_wconf 96' lang='grc'><strong>1.</strong></span> <span class='ocrx_word' id='word_1_237' title='bbox 824 2461 858 2526; x_wconf 93' lang='grc'><strong>1.</strong></span> <span class='ocrx_word' id='word_1_238' title='bbox 881 2482 914 2549; x_wconf 92' lang='lat' dir='ltr'><strong>p.</strong></span> <span class='ocrx_word' id='word_1_239' title='bbox 941 2459 1033 2530; x_wconf 89' lang='grc'><strong>604.</strong></span> <span class='ocrx_word' id='word_1_240' title='bbox 1076 2463 1195 2550; x_wconf 90' lang='lat' dir='ltr'><strong>Incipit</strong></span> <span class='ocrx_word' id='word_1_241' title='bbox 1216 2459 1437 2551; x_wconf 77' lang='grc' dir='ltr'><em>αὐτοκράτωρ.</em></span> <span class='ocrx_word' id='word_1_242' title='bbox 1482 2461 1615 2530; x_wconf 88' lang='lat' dir='ltr'><strong>Desinit</strong></span> <span class='ocrx_word' id='word_1_243' title='bbox 1637 2461 1857 2550; x_wconf 78' lang='grc' dir='ltr'><strong>ὑφημὴσαντο.</strong></span> <span class='ocrx_word' id='word_1_244' title='bbox 1912 2466 2044 2533; x_wconf 88' lang='lat' dir='ltr'><strong>Titulus</strong></span> 
     </span>
     <span class='ocr_line' id='line_1_20' title="bbox 159 2560 2044 2650; baseline 0 -18"><span class='ocrx_word' id='word_1_245' title='bbox 159 2573 233 2632; x_wconf 86' lang='lat' dir='ltr'><strong>est:</strong></span> <span class='ocrx_word' id='word_1_246' title='bbox 255 2563 418 2644; x_wconf 77' lang='grc' dir='ltr'><strong>ἐπιστολή.</strong></span> <span class='ocrx_word' id='word_1_247' title='bbox 440 2603 483 2616; x_wconf 89' lang='grc'><strong>-</strong></span> <span class='ocrx_word' id='word_1_248' title='bbox 505 2567 587 2650; x_wconf 85' lang='lat' dir='ltr'><strong>Cap.</strong></span> <span class='ocrx_word' id='word_1_249' title='bbox 613 2560 648 2628; x_wconf 88' lang='grc'><strong>3.</strong></span> <span class='ocrx_word' id='word_1_250' title='bbox 670 2564 808 2630; x_wconf 88' lang='lat' dir='ltr'><strong>Nomou.</strong></span> <span class='ocrx_word' id='word_1_251' title='bbox 835 2561 896 2630; x_wconf 90' lang='grc'><strong>14.</strong></span> <span class='ocrx_word' id='word_1_252' title='bbox 922 2562 956 2627; x_wconf 94' lang='grc'><strong>1.</strong></span> <span class='ocrx_word' id='word_1_253' title='bbox 980 2585 1011 2650; x_wconf 90' lang='grc' dir='ltr'><strong>ρ.</strong></span> <span class='ocrx_word' id='word_1_254' title='bbox 1036 2561 1129 2630; x_wconf 94' lang='grc'><strong>617.</strong></span> <span class='ocrx_word' id='word_1_255' title='bbox 1151 2562 1270 2650; x_wconf 88' lang='lat' dir='ltr'><strong>incipit</strong></span> <span class='ocrx_word' id='word_1_256' title='bbox 1291 2565 1422 2645; x_wconf 79' lang='grc' dir='ltr'><strong>μηδένα.</strong></span> <span class='ocrx_word' id='word_1_257' title='bbox 1467 2563 1599 2632; x_wconf 87' lang='lat' dir='ltr'><strong>Desinit</strong></span> <span class='ocrx_word' id='word_1_258' title='bbox 1619 2562 1782 2630; x_wconf 73' lang='grc' dir='ltr'><strong>ἀναλύειν.</strong></span> <span class='ocrx_word' id='word_1_259' title='bbox 1821 2565 1950 2632; x_wconf 86' lang='lat' dir='ltr'><strong>Titulus</strong></span> <span class='ocrx_word' id='word_1_260' title='bbox 1973 2575 2044 2634; x_wconf 86' lang='lat' dir='ltr'><strong>est:</strong></span> 
     </span>
     <span class='ocr_line' id='line_1_21' title="bbox 155 2661 2041 2753; baseline -0.002 -20"><span class='ocrx_word' id='word_1_261' title='bbox 155 2665 225 2734; x_wconf 87' lang='grc' dir='ltr'><strong>άιιὸ</strong></span> <span class='ocrx_word' id='word_1_262' title='bbox 247 2669 304 2744; x_wconf 82' lang='grc' dir='ltr'><strong>της</strong></span> <span class='ocrx_word' id='word_1_263' title='bbox 325 2664 365 2740; x_wconf 87' lang='grc' dir='ltr'><strong>ς’.</strong></span> <span class='ocrx_word' id='word_1_264' title='bbox 387 2667 504 2752; x_wconf 81' lang='grc' dir='ltr'><strong>νεαρᾶς</strong></span> <span class='ocrx_word' id='word_1_265' title='bbox 525 2661 710 2742; x_wconf 76' lang='grc' dir='ltr'><strong>διατάξεως.</strong></span> <span class='ocrx_word' id='word_1_266' title='bbox 736 2701 771 2714; x_wconf 89' lang='lat'>-</span> <span class='ocrx_word' id='word_1_267' title='bbox 818 2661 899 2752; x_wconf 83' lang='lat' dir='ltr'><strong>Cap.</strong></span> <span class='ocrx_word' id='word_1_268' title='bbox 923 2661 958 2730; x_wconf 93' lang='grc'><strong>5.</strong></span> <span class='ocrx_word' id='word_1_269' title='bbox 973 2665 1108 2732; x_wconf 87' lang='lat' dir='ltr'><strong>Nomou.</strong></span> <span class='ocrx_word' id='word_1_270' title='bbox 1133 2664 1196 2732; x_wconf 96' lang='grc'><strong>24.</strong></span> <span class='ocrx_word' id='word_1_271' title='bbox 1222 2664 1256 2730; x_wconf 94' lang='grc'><strong>1.</strong></span> <span class='ocrx_word' id='word_1_272' title='bbox 1279 2686 1309 2752; x_wconf 94' lang='grc' dir='ltr'><strong>ρ.</strong></span> <span class='ocrx_word' id='word_1_273' title='bbox 1333 2662 1426 2730; x_wconf 85' lang='grc'><strong>630.</strong></span> <span class='ocrx_word' id='word_1_274' title='bbox 1469 2663 1589 2753; x_wconf 90' lang='lat' dir='ltr'><strong>Incipit</strong></span> <span class='ocrx_word' id='word_1_275' title='bbox 1609 2664 1668 2740; x_wconf 84' lang='grc' dir='ltr'><strong>τάς</strong></span> <span class='ocrx_word' id='word_1_276' title='bbox 1689 2667 1732 2732; x_wconf 86' lang='grc' dir='ltr'><strong>δέ.</strong></span> <span class='ocrx_word' id='word_1_277' title='bbox 1778 2664 1912 2733; x_wconf 87' lang='lat' dir='ltr'><strong>Desinit</strong></span> <span class='ocrx_word' id='word_1_278' title='bbox 1932 2665 2041 2748; x_wconf 87' lang='grc' dir='ltr'><strong>τὸδη-</strong></span> 
     </span>
     <span class='ocr_line' id='line_1_22' title="bbox 154 2762 2044 2854; baseline 0 -20"><span class='ocrx_word' id='word_1_279' title='bbox 154 2766 287 2850; x_wconf 88' lang='grc' dir='ltr'><strong>μὸσιον.</strong></span> <span class='ocrx_word' id='word_1_280' title='bbox 333 2803 375 2816; x_wconf 92' lang='grc'><strong>-</strong></span> <span class='ocrx_word' id='word_1_281' title='bbox 419 2770 501 2854; x_wconf 87' lang='lat' dir='ltr'><strong>Cup.</strong></span> <span class='ocrx_word' id='word_1_282' title='bbox 524 2763 561 2832; x_wconf 84' lang='grc'><strong>8.</strong></span> <span class='ocrx_word' id='word_1_283' title='bbox 587 2765 723 2832; x_wconf 85' lang='grc' dir='ltr'><strong>Νουιοο.</strong></span> <span class='ocrx_word' id='word_1_284' title='bbox 748 2765 814 2832; x_wconf 89' lang='grc'><strong>33.</strong></span> <span class='ocrx_word' id='word_1_285' title='bbox 837 2764 873 2832; x_wconf 85' lang='grc'><strong>2.</strong></span> <span class='ocrx_word' id='word_1_286' title='bbox 897 2787 929 2854; x_wconf 90' lang='grc' dir='ltr'><strong>ρ.</strong></span> <span class='ocrx_word' id='word_1_287' title='bbox 953 2762 1044 2832; x_wconf 88' lang='grc'><strong>639.</strong></span> <span class='ocrx_word' id='word_1_288' title='bbox 1087 2766 1207 2854; x_wconf 89' lang='lat' dir='ltr'><strong>Incipit</strong></span> <span class='ocrx_word' id='word_1_289' title='bbox 1228 2771 1256 2830; x_wconf 87' lang='lat' dir='ltr'><strong>el</strong></span> <span class='ocrx_word' id='word_1_290' title='bbox 1284 2767 1318 2832; x_wconf 77' lang='lat' dir='ltr'><strong>dd</strong></span> <span class='ocrx_word' id='word_1_291' title='bbox 1339 2772 1425 2831; x_wconf 84' lang='grc' dir='ltr'><strong>εἴσω.</strong></span> <span class='ocrx_word' id='word_1_292' title='bbox 1469 2765 1601 2835; x_wconf 89' lang='lat' dir='ltr'><strong>Desinit</strong></span> <span class='ocrx_word' id='word_1_293' title='bbox 1622 2773 1716 2846; x_wconf 79' lang='grc' dir='ltr'><strong>ἔχειν.</strong></span> <span class='ocrx_word' id='word_1_294' title='bbox 1761 2767 1891 2833; x_wconf 86' lang='lat' dir='ltr'><strong>Titulus</strong></span> <span class='ocrx_word' id='word_1_295' title='bbox 1913 2771 2044 2848; x_wconf 81' lang='grc' dir='ltr'><strong>εε1τὴς</strong></span> 
     </span>
     <span class='ocr_line' id='line_1_23' title="bbox 153 2863 2042 2956; baseline -0.001 -20"><span class='ocrx_word' id='word_1_296' title='bbox 153 2868 262 2948; x_wconf 78' lang='grc' dir='ltr'><strong>αὐτῆς</strong></span> <span class='ocrx_word' id='word_1_297' title='bbox 280 2870 399 2956; x_wconf 87' lang='grc' dir='ltr'><strong>νεαράς</strong></span> <span class='ocrx_word' id='word_1_298' title='bbox 420 2863 610 2946; x_wconf 72' lang='grc' dir='ltr'><strong>διατάξεως.</strong></span> <span class='ocrx_word' id='word_1_299' title='bbox 636 2903 676 2914; x_wconf 91' lang='grc'>-</span> <span class='ocrx_word' id='word_1_300' title='bbox 714 2869 796 2954; x_wconf 84' lang='lat' dir='ltr'><strong>Cap.</strong></span> <span class='ocrx_word' id='word_1_301' title='bbox 821 2865 855 2933; x_wconf 90' lang='grc'><strong>9.</strong></span> <span class='ocrx_word' id='word_1_302' title='bbox 878 2867 1013 2934; x_wconf 87' lang='lat' dir='ltr'><strong>Nornuc.</strong></span> <span class='ocrx_word' id='word_1_303' title='bbox 1039 2865 1103 2934; x_wconf 94' lang='grc'><strong>34.</strong></span> <span class='ocrx_word' id='word_1_304' title='bbox 1129 2866 1163 2932; x_wconf 93' lang='grc'><strong>1.</strong></span> <span class='ocrx_word' id='word_1_305' title='bbox 1187 2889 1218 2955; x_wconf 91' lang='lat' dir='ltr'><strong>p.</strong></span> <span class='ocrx_word' id='word_1_306' title='bbox 1242 2865 1334 2934; x_wconf 90' lang='grc'><strong>641.</strong></span> <span class='ocrx_word' id='word_1_307' title='bbox 1376 2867 1496 2954; x_wconf 89' lang='lat' dir='ltr'><strong>Incipit</strong></span> <span class='ocrx_word' id='word_1_308' title='bbox 1517 2873 1544 2933; x_wconf 87' lang='grc' dir='ltr'><strong>ελ</strong></span> <span class='ocrx_word' id='word_1_309' title='bbox 1566 2869 1603 2934; x_wconf 76' lang='grc' dir='ltr'><strong>δι’</strong></span> <span class='ocrx_word' id='word_1_310' title='bbox 1622 2893 1679 2945; x_wconf 90' lang='grc' dir='ltr'><strong>τις.</strong></span> <span class='ocrx_word' id='word_1_311' title='bbox 1725 2867 1859 2935; x_wconf 87' lang='lat' dir='ltr'><strong>Desinit</strong></span> <span class='ocrx_word' id='word_1_312' title='bbox 1879 2893 2042 2951; x_wconf 90' lang='grc' dir='ltr'><strong>μοναστη-</strong></span> 
     </span>
     <span class='ocr_line' id='line_1_24' title="bbox 151 2965 2042 3058; baseline 0.001 -22"><span class='ocrx_word' id='word_1_313' title='bbox 151 2977 242 3058; x_wconf 84' lang='grc' dir='ltr'><strong>ρίου.</strong></span> <span class='ocrx_word' id='word_1_314' title='bbox 286 3007 330 3020; x_wconf 88' lang='grc'>-</span> <span class='ocrx_word' id='word_1_315' title='bbox 373 2966 454 3054; x_wconf 84' lang='lat' dir='ltr'><strong>Cap.</strong></span> <span class='ocrx_word' id='word_1_316' title='bbox 481 2966 544 3034; x_wconf 89' lang='grc'><strong>10.</strong></span> <span class='ocrx_word' id='word_1_317' title='bbox 566 2969 701 3034; x_wconf 90' lang='lat' dir='ltr'><strong>Nomoc.</strong></span> <span class='ocrx_word' id='word_1_318' title='bbox 726 2965 790 3035; x_wconf 87' lang='grc'><strong>34.</strong></span> <span class='ocrx_word' id='word_1_319' title='bbox 816 2967 849 3032; x_wconf 95' lang='grc'><strong>1.</strong></span> <span class='ocrx_word' id='word_1_320' title='bbox 872 2989 904 3057; x_wconf 96' lang='lat' dir='ltr'><strong>p.</strong></span> <span class='ocrx_word' id='word_1_321' title='bbox 928 2965 1021 3034; x_wconf 92' lang='grc'><strong>641.</strong></span> <span class='ocrx_word' id='word_1_322' title='bbox 1064 2965 1185 3056; x_wconf 90' lang='lat' dir='ltr'><strong>Incipit</strong></span> <span class='ocrx_word' id='word_1_323' title='bbox 1205 2966 1344 3035; x_wconf 83' lang='grc' dir='ltr'><strong>κάκείνα</strong></span> <span class='ocrx_word' id='word_1_324' title='bbox 1364 2969 1409 3034; x_wconf 80' lang='grc' dir='ltr'><strong>δέ.</strong></span> <span class='ocrx_word' id='word_1_325' title='bbox 1452 2969 1586 3036; x_wconf 88' lang='lat' dir='ltr'><strong>Desinit</strong></span> <span class='ocrx_word' id='word_1_326' title='bbox 1606 2967 1794 3058; x_wconf 78' lang='grc' dir='ltr'><strong>σύμφωνον.</strong></span> <span class='ocrx_word' id='word_1_327' title='bbox 1838 2969 1959 3038; x_wconf 84' lang='lat' dir='ltr'><strong>Ultima</strong></span> <span class='ocrx_word' id='word_1_328' title='bbox 1979 2971 2042 3038; x_wconf 89' lang='lat' dir='ltr'><strong>hu-</strong></span> 
     </span>
     <span class='ocr_line' id='line_1_25' title="bbox 151 3066 2043 3158; baseline 0.001 -20"><span class='ocrx_word' id='word_1_329' title='bbox 151 3075 203 3139; x_wconf 93' lang='lat' dir='ltr'><strong>ius</strong></span> <span class='ocrx_word' id='word_1_330' title='bbox 235 3070 369 3158; x_wconf 88' lang='lat' dir='ltr'><strong>capituli</strong></span> <span class='ocrx_word' id='word_1_331' title='bbox 391 3089 469 3156; x_wconf 85' lang='lat' dir='ltr'><strong>pars</strong></span> <span class='ocrx_word' id='word_1_332' title='bbox 491 3067 578 3156; x_wconf 87' lang='lat' dir='ltr'><strong>apud</strong></span> <span class='ocrx_word' id='word_1_333' title='bbox 600 3067 777 3136; x_wconf 89' lang='lat' dir='ltr'><strong>Iohannem</strong></span> <span class='ocrx_word' id='word_1_334' title='bbox 799 3069 906 3136; x_wconf 87' lang='lat' dir='ltr'><strong>deest</strong></span> <span class='ocrx_word' id='word_1_335' title='bbox 932 3107 966 3120; x_wconf 93' lang='lat'><strong>—-</strong></span> <span class='ocrx_word' id='word_1_336' title='bbox 1014 3070 1097 3157; x_wconf 83' lang='lat' dir='ltr'><strong>Cap.</strong></span> <span class='ocrx_word' id='word_1_337' title='bbox 1123 3069 1183 3136; x_wconf 89' lang='grc'><strong>17.</strong></span> <span class='ocrx_word' id='word_1_338' title='bbox 1214 3071 1350 3137; x_wconf 85' lang='grc' dir='ltr'><strong>Νοιυοο.</strong></span> <span class='ocrx_word' id='word_1_339' title='bbox 1375 3068 1439 3136; x_wconf 91' lang='grc'><strong>33.</strong></span> <span class='ocrx_word' id='word_1_340' title='bbox 1463 3067 1498 3135; x_wconf 94' lang='grc'><strong>2.</strong></span> <span class='ocrx_word' id='word_1_341' title='bbox 1523 3091 1554 3157; x_wconf 93' lang='grc' dir='ltr'><strong>ρ.</strong></span> <span class='ocrx_word' id='word_1_342' title='bbox 1577 3066 1670 3136; x_wconf 87' lang='grc'><strong>639.</strong></span> <span class='ocrx_word' id='word_1_343' title='bbox 1707 3071 1826 3158; x_wconf 91' lang='lat' dir='ltr'><strong>Incipit</strong></span> <span class='ocrx_word' id='word_1_344' title='bbox 1847 3073 1939 3138; x_wconf 82' lang='grc' dir='ltr'><strong>σάοι.</strong></span> <span class='ocrx_word' id='word_1_345' title='bbox 1969 3071 2043 3140; x_wconf 88' lang='lat' dir='ltr'><strong>ue-</strong></span> 
     </span>
     <span class='ocr_line' id='line_1_26' title="bbox 148 3167 2039 3260; baseline -0.001 -20"><span class='ocrx_word' id='word_1_346' title='bbox 148 3175 237 3240; x_wconf 89' lang='lat' dir='ltr'><strong>sinit</strong></span> <span class='ocrx_word' id='word_1_347' title='bbox 257 3169 486 3260; x_wconf 82' lang='grc' dir='ltr'><strong>μοναστὴριοι.</strong></span> <span class='ocrx_word' id='word_1_348' title='bbox 509 3206 549 3220; x_wconf 91' lang='grc'>-</span> <span class='ocrx_word' id='word_1_349' title='bbox 594 3167 677 3256; x_wconf 85' lang='lat' dir='ltr'><strong>Cap.</strong></span> <span class='ocrx_word' id='word_1_350' title='bbox 701 3167 766 3236; x_wconf 87' lang='grc'><strong>20.</strong></span> <span class='ocrx_word' id='word_1_351' title='bbox 795 3172 933 3238; x_wconf 85' lang='grc' dir='ltr'><strong>Νοιοοο.</strong></span> <span class='ocrx_word' id='word_1_352' title='bbox 958 3167 1019 3236; x_wconf 87' lang='grc'><strong>10.</strong></span> <span class='ocrx_word' id='word_1_353' title='bbox 1045 3169 1078 3236; x_wconf 94' lang='grc'><strong>1.</strong></span> <span class='ocrx_word' id='word_1_354' title='bbox 1101 3191 1133 3258; x_wconf 96' lang='lat' dir='ltr'><strong>p.</strong></span> <span class='ocrx_word' id='word_1_355' title='bbox 1157 3167 1250 3237; x_wconf 92' lang='grc'><strong>626.</strong></span> <span class='ocrx_word' id='word_1_356' title='bbox 1293 3171 1414 3259; x_wconf 83' lang='grc' dir='ltr'><strong>Ιυοίρί1</strong></span> <span class='ocrx_word' id='word_1_357' title='bbox 1439 3170 1483 3254; x_wconf 84' lang='grc' dir='ltr'><strong>μὴ</strong></span> <span class='ocrx_word' id='word_1_358' title='bbox 1511 3173 1588 3237; x_wconf 85' lang='grc' dir='ltr'><strong>δεῖν.</strong></span> <span class='ocrx_word' id='word_1_359' title='bbox 1631 3170 1765 3238; x_wconf 92' lang='lat' dir='ltr'><strong>Desinit</strong></span> <span class='ocrx_word' id='word_1_360' title='bbox 1791 3169 1922 3254; x_wconf 78' lang='grc' dir='ltr'><strong>μηνύειν</strong></span> <span class='ocrx_word' id='word_1_361' title='bbox 1954 3168 2039 3254; x_wconf 79' lang='grc' dir='ltr'><strong>ἡμῖν.</strong></span> 
     </span>
     <span class='ocr_line' id='line_1_27' title="bbox 150 3267 2041 3364; baseline -0.001 -22"><span class='ocrx_word' id='word_1_362' title='bbox 150 3275 291 3342; x_wconf 88' lang='lat' dir='ltr'><strong>Titulus</strong></span> <span class='ocrx_word' id='word_1_363' title='bbox 319 3278 388 3340; x_wconf 82' lang='lat' dir='ltr'><strong>est:</strong></span> <span class='ocrx_word' id='word_1_364' title='bbox 431 3269 498 3338; x_wconf 86' lang='grc' dir='ltr'><strong>άιιὸ</strong></span> <span class='ocrx_word' id='word_1_365' title='bbox 526 3274 586 3336; x_wconf 86' lang='grc' dir='ltr'><strong>τοῦ</strong></span> <span class='ocrx_word' id='word_1_366' title='bbox 611 3275 724 3360; x_wconf 89' lang='grc' dir='ltr'><strong>τρίτου</strong></span> <span class='ocrx_word' id='word_1_367' title='bbox 751 3274 935 3359; x_wconf 77' lang='grc' dir='ltr'><strong>κεφαλαίου</strong></span> <span class='ocrx_word' id='word_1_368' title='bbox 962 3273 1018 3350; x_wconf 81' lang='grc' dir='ltr'><strong>τῆς</strong></span> <span class='ocrx_word' id='word_1_369' title='bbox 1049 3267 1154 3363; x_wconf 84' lang='lat' dir='ltr'><strong>(Curi.</strong></span> <span class='ocrx_word' id='word_1_370' title='bbox 1178 3269 1242 3339; x_wconf 82' lang='lat' dir='ltr'><strong>Dx.</strong></span> <span class='ocrx_word' id='word_1_371' title='bbox 1264 3267 1395 3364; x_wconf 83' lang='grc' dir='ltr'><strong>τρίτης)</strong></span> <span class='ocrx_word' id='word_1_372' title='bbox 1416 3275 1534 3358; x_wconf 80' lang='grc' dir='ltr'><strong>νεαρᾶς</strong></span> <span class='ocrx_word' id='word_1_373' title='bbox 1554 3269 1740 3354; x_wconf 88' lang='grc' dir='ltr'><strong>διατάξεως.</strong></span> <span class='ocrx_word' id='word_1_374' title='bbox 1784 3311 1824 3323; x_wconf 91' lang='lat'><em>-</em></span> <span class='ocrx_word' id='word_1_375' title='bbox 1870 3273 1952 3359; x_wconf 84' lang='lat' dir='ltr'><strong>Cup.</strong></span> <span class='ocrx_word' id='word_1_376' title='bbox 1977 3270 2041 3341; x_wconf 86' lang='grc'><strong>21.</strong></span> 
     </span>
     <span class='ocr_line' id='line_1_28' title="bbox 146 3369 2042 3461; baseline -0.001 -19"><span class='ocrx_word' id='word_1_377' title='bbox 146 3377 293 3444; x_wconf 85' lang='grc' dir='ltr'><strong>Νοιιιοο.</strong></span> <span class='ocrx_word' id='word_1_378' title='bbox 325 3373 383 3440; x_wconf 89' lang='grc'><strong>14.</strong></span> <span class='ocrx_word' id='word_1_379' title='bbox 410 3372 442 3438; x_wconf 90' lang='grc'><strong>1.</strong></span> <span class='ocrx_word' id='word_1_380' title='bbox 463 3395 495 3461; x_wconf 88' lang='grc' dir='ltr'><strong>ρ.</strong></span> <span class='ocrx_word' id='word_1_381' title='bbox 520 3369 610 3438; x_wconf 83' lang='grc'><strong>618.</strong></span> <span class='ocrx_word' id='word_1_382' title='bbox 657 3372 773 3461; x_wconf 89' lang='lat' dir='ltr'><strong>Incipit</strong></span> <span class='ocrx_word' id='word_1_383' title='bbox 794 3371 838 3456; x_wconf 84' lang='grc' dir='ltr'><strong>μὴ</strong></span> <span class='ocrx_word' id='word_1_384' title='bbox 860 3373 936 3438; x_wconf 81' lang='grc' dir='ltr'><strong>δεῖν.</strong></span> <span class='ocrx_word' id='word_1_385' title='bbox 980 3371 1116 3440; x_wconf 86' lang='lat' dir='ltr'><strong>Desinit</strong></span> <span class='ocrx_word' id='word_1_386' title='bbox 1137 3375 1266 3440; x_wconf 76' lang='grc' dir='ltr'><strong>εἰδέναι.</strong></span> <span class='ocrx_word' id='word_1_387' title='bbox 1311 3374 1440 3441; x_wconf 91' lang='lat' dir='ltr'><strong>Titulus</strong></span> <span class='ocrx_word' id='word_1_388' title='bbox 1469 3381 1540 3441; x_wconf 76' lang='lat' dir='ltr'><strong>estu</strong></span> <span class='ocrx_word' id='word_1_389' title='bbox 1583 3371 1648 3440; x_wconf 88' lang='grc' dir='ltr'><strong>άιιὸ</strong></span> <span class='ocrx_word' id='word_1_390' title='bbox 1677 3375 1737 3438; x_wconf 79' lang='grc' dir='ltr'><strong>τοῦ</strong></span> <span class='ocrx_word' id='word_1_391' title='bbox 1763 3370 1828 3440; x_wconf 82' lang='grc' dir='ltr'><strong>κά.</strong></span> <span class='ocrx_word' id='word_1_392' title='bbox 1856 3376 2042 3460; x_wconf 82' lang='grc' dir='ltr'><strong>κεφαλαίου</strong></span> 
     </span>
     <span class='ocr_line' id='line_1_29' title="bbox 147 3471 2041 3564; baseline -0.002 -20"><span class='ocrx_word' id='word_1_393' title='bbox 147 3481 220 3544; x_wconf 83' lang='grc' dir='ltr'><strong>τῶν</strong></span> <span class='ocrx_word' id='word_1_394' title='bbox 244 3473 432 3555; x_wconf 87' lang='grc' dir='ltr'><strong>διατάξεων.</strong></span> <span class='ocrx_word' id='word_1_395' title='bbox 477 3511 517 3524; x_wconf 91' lang='lat'><em>-</em></span> <span class='ocrx_word' id='word_1_396' title='bbox 563 3472 643 3560; x_wconf 80' lang='lat' dir='ltr'><strong>Cup.</strong></span> <span class='ocrx_word' id='word_1_397' title='bbox 669 3471 733 3540; x_wconf 82' lang='grc'><strong>22.</strong></span> <span class='ocrx_word' id='word_1_398' title='bbox 762 3476 897 3540; x_wconf 86' lang='lat' dir='ltr'><strong>Nomuc.</strong></span> <span class='ocrx_word' id='word_1_399' title='bbox 924 3472 958 3538; x_wconf 90' lang='lat'><strong>1.</strong></span> <span class='ocrx_word' id='word_1_400' title='bbox 983 3471 1019 3538; x_wconf 89' lang='grc'><strong>3.</strong></span> <span class='ocrx_word' id='word_1_401' title='bbox 1047 3496 1079 3562; x_wconf 93' lang='lat' dir='ltr'><strong>p.</strong></span> <span class='ocrx_word' id='word_1_402' title='bbox 1103 3472 1196 3543; x_wconf 88' lang='grc'><strong>604.</strong></span> <span class='ocrx_word' id='word_1_403' title='bbox 1246 3474 1366 3563; x_wconf 88' lang='lat' dir='ltr'><strong>Incipit</strong></span> <span class='ocrx_word' id='word_1_404' title='bbox 1395 3476 1592 3558; x_wconf 78' lang='grc' dir='ltr'><strong>θεσαιζομεν</strong></span> <span class='ocrx_word' id='word_1_405' title='bbox 1620 3477 1740 3540; x_wconf 87' lang='grc' dir='ltr'><strong>τοίνυν.</strong></span> <span class='ocrx_word' id='word_1_406' title='bbox 1791 3472 1924 3540; x_wconf 83' lang='lat' dir='ltr'><strong>DesIuIt</strong></span> <span class='ocrx_word' id='word_1_407' title='bbox 1944 3481 2041 3564; x_wconf 81' lang='grc' dir='ltr'><strong>ἐπαρ-</strong></span> 
     </span>
     <span class='ocr_line' id='line_1_30' title="bbox 144 3571 2038 3663; baseline -0.003 -18"><span class='ocrx_word' id='word_1_408' title='bbox 144 3583 248 3660; x_wconf 84' lang='grc' dir='ltr'><strong>χιῶν.</strong></span> <span class='ocrx_word' id='word_1_409' title='bbox 272 3615 316 3630; x_wconf 93' lang='grc'>-</span> <span class='ocrx_word' id='word_1_410' title='bbox 359 3578 441 3659; x_wconf 87' lang='lat' dir='ltr'><strong>Cap.</strong></span> <span class='ocrx_word' id='word_1_411' title='bbox 464 3571 527 3640; x_wconf 86' lang='grc'><strong>23.</strong></span> <span class='ocrx_word' id='word_1_412' title='bbox 555 3574 691 3640; x_wconf 88' lang='lat' dir='ltr'><strong>Ncmoc.</strong></span> <span class='ocrx_word' id='word_1_413' title='bbox 719 3573 752 3640; x_wconf 94' lang='grc'><strong>1.</strong></span> <span class='ocrx_word' id='word_1_414' title='bbox 773 3572 813 3642; x_wconf 90' lang='grc'><strong>4.</strong></span> <span class='ocrx_word' id='word_1_415' title='bbox 837 3596 868 3660; x_wconf 89' lang='lat' dir='ltr'><strong>p.</strong></span> <span class='ocrx_word' id='word_1_416' title='bbox 892 3571 986 3642; x_wconf 89' lang='grc'><strong>605.</strong></span> <span class='ocrx_word' id='word_1_417' title='bbox 1029 3575 1148 3663; x_wconf 87' lang='lat' dir='ltr'><strong>Incipit</strong></span> <span class='ocrx_word' id='word_1_418' title='bbox 1169 3578 1227 3642; x_wconf 78' lang='grc' dir='ltr'><strong>καί</strong></span> <span class='ocrx_word' id='word_1_419' title='bbox 1248 3574 1319 3655; x_wconf 79' lang='grc' dir='ltr'><strong>ἑξῆς</strong></span> <span class='ocrx_word' id='word_1_420' title='bbox 1341 3577 1548 3659; x_wconf 76' lang='grc' dir='ltr'><strong>θεσσίζομεν.</strong></span> <span class='ocrx_word' id='word_1_421' title='bbox 1598 3575 1732 3642; x_wconf 85' lang='lat' dir='ltr'><strong>Desinit</strong></span> <span class='ocrx_word' id='word_1_422' title='bbox 1752 3575 1974 3660; x_wconf 78' lang='grc' dir='ltr'><strong>πληροῦσθαι.</strong></span> <span class='ocrx_word' id='word_1_423' title='bbox 1999 3613 2038 3624; x_wconf 92' lang='lat'><em>-</em></span> 
     </span>
     <span class='ocr_line' id='line_1_31' title="bbox 146 3671 2041 3768; baseline -0.004 -21"><span class='ocrx_word' id='word_1_424' title='bbox 146 3679 241 3768; x_wconf 84' lang='lat' dir='ltr'><strong>Cap.</strong></span> <span class='ocrx_word' id='word_1_425' title='bbox 264 3677 328 3756; x_wconf 78' lang='grc'><strong>28.</strong></span> <span class='ocrx_word' id='word_1_426' title='bbox 358 3679 493 3742; x_wconf 87' lang='lat' dir='ltr'><strong>Nomoc.</strong></span> <span class='ocrx_word' id='word_1_427' title='bbox 517 3672 554 3740; x_wconf 82' lang='grc'><strong>8.</strong></span> <span class='ocrx_word' id='word_1_428' title='bbox 581 3674 615 3740; x_wconf 93' lang='grc'><strong>1.</strong></span> <span class='ocrx_word' id='word_1_429' title='bbox 638 3697 671 3763; x_wconf 93' lang='lat' dir='ltr'><strong>p.</strong></span> <span class='ocrx_word' id='word_1_430' title='bbox 695 3674 784 3744; x_wconf 87' lang='grc'><strong>612.</strong></span> <span class='ocrx_word' id='word_1_431' title='bbox 829 3677 949 3763; x_wconf 88' lang='lat' dir='ltr'><strong>Incipit</strong></span> <span class='ocrx_word' id='word_1_432' title='bbox 970 3678 1093 3760; x_wconf 83' lang='grc' dir='ltr'><strong>διδωμι.</strong></span> <span class='ocrx_word' id='word_1_433' title='bbox 1138 3676 1271 3744; x_wconf 90' lang='lat' dir='ltr'><strong>Desinit</strong></span> <span class='ocrx_word' id='word_1_434' title='bbox 1290 3679 1576 3764; x_wconf 80' lang='grc' dir='ltr'><strong>χειροτονηθῆναι.</strong></span> <span class='ocrx_word' id='word_1_435' title='bbox 1629 3676 1756 3744; x_wconf 81' lang='lat' dir='ltr'><strong>Titulus</strong></span> <span class='ocrx_word' id='word_1_436' title='bbox 1778 3681 1854 3754; x_wconf 86' lang='lat' dir='ltr'><strong>est:</strong></span> <span class='ocrx_word' id='word_1_437' title='bbox 1897 3671 1962 3740; x_wconf 80' lang='grc' dir='ltr'><strong>άπὸ</strong></span> <span class='ocrx_word' id='word_1_438' title='bbox 1983 3677 2041 3754; x_wconf 83' lang='grc' dir='ltr'><strong>τῆς</strong></span> 
     </span>
     <span class='ocr_line' id='line_1_32' title="bbox 141 3773 2038 3866; baseline -0.004 -18"><span class='ocrx_word' id='word_1_439' title='bbox 141 3779 213 3866; x_wconf 87' lang='grc' dir='ltr'><strong>ρλ’.</strong></span> <span class='ocrx_word' id='word_1_440' title='bbox 239 3781 356 3866; x_wconf 76' lang='grc' dir='ltr'><strong>νεαρᾶς</strong></span> <span class='ocrx_word' id='word_1_441' title='bbox 378 3773 560 3857; x_wconf 82' lang='grc' dir='ltr'><strong>διατάξεως.</strong></span> <span class='ocrx_word' id='word_1_442' title='bbox 583 3815 624 3826; x_wconf 95' lang='grc'><strong>-</strong></span> <span class='ocrx_word' id='word_1_443' title='bbox 669 3779 750 3866; x_wconf 84' lang='lat' dir='ltr'><strong>Cup.</strong></span> <span class='ocrx_word' id='word_1_444' title='bbox 775 3775 838 3846; x_wconf 88' lang='grc'><strong>29.</strong></span> <span class='ocrx_word' id='word_1_445' title='bbox 867 3778 1003 3846; x_wconf 86' lang='grc' dir='ltr'><strong>Νοιυοο.</strong></span> <span class='ocrx_word' id='word_1_446' title='bbox 1027 3776 1064 3844; x_wconf 80' lang='lat' dir='ltr'><strong>S.</strong></span> <span class='ocrx_word' id='word_1_447' title='bbox 1089 3777 1124 3846; x_wconf 90' lang='grc'><strong>2.</strong></span> <span class='ocrx_word' id='word_1_448' title='bbox 1146 3801 1179 3866; x_wconf 93' lang='grc' dir='ltr'><strong>ρ.</strong></span> <span class='ocrx_word' id='word_1_449' title='bbox 1203 3776 1295 3846; x_wconf 88' lang='grc'><strong>612.</strong></span> <span class='ocrx_word' id='word_1_450' title='bbox 1337 3778 1458 3866; x_wconf 91' lang='lat' dir='ltr'><strong>Incipit</strong></span> <span class='ocrx_word' id='word_1_451' title='bbox 1484 3784 1512 3844; x_wconf 85' lang='grc' dir='ltr'><strong>εί</strong></span> <span class='ocrx_word' id='word_1_452' title='bbox 1534 3780 1568 3844; x_wconf 78' lang='grc' dir='ltr'><strong>δὲ</strong></span> <span class='ocrx_word' id='word_1_453' title='bbox 1587 3774 1642 3860; x_wconf 80' lang='grc' dir='ltr'><strong>μή.</strong></span> <span class='ocrx_word' id='word_1_454' title='bbox 1687 3777 1820 3844; x_wconf 91' lang='lat' dir='ltr'><strong>Desinit</strong></span> <span class='ocrx_word' id='word_1_455' title='bbox 1848 3781 2038 3864; x_wconf 79' lang='grc' dir='ltr'><strong>μαρτυρίας.</strong></span> 
     </span>
     <span class='ocr_line' id='line_1_33' title="bbox 141 3875 2036 3968; baseline -0.003 -20"><span class='ocrx_word' id='word_1_456' title='bbox 141 3919 193 3932; x_wconf 90' lang='lat'><strong>--</strong></span> <span class='ocrx_word' id='word_1_457' title='bbox 221 3879 303 3968; x_wconf 75' lang='lat' dir='ltr'><strong>(lap</strong></span> <span class='ocrx_word' id='word_1_458' title='bbox 327 3879 390 3946; x_wconf 84' lang='grc'><strong>33.</strong></span> <span class='ocrx_word' id='word_1_459' title='bbox 421 3879 555 3946; x_wconf 84' lang='grc' dir='ltr'><strong>Νοιυοο.</strong></span> <span class='ocrx_word' id='word_1_460' title='bbox 580 3875 617 3945; x_wconf 80' lang='lat' dir='ltr'><strong>S.</strong></span> <span class='ocrx_word' id='word_1_461' title='bbox 642 3877 678 3946; x_wconf 89' lang='grc'><strong>3.</strong></span> <span class='ocrx_word' id='word_1_462' title='bbox 702 3901 734 3966; x_wconf 93' lang='lat' dir='ltr'><strong>p.</strong></span> <span class='ocrx_word' id='word_1_463' title='bbox 758 3877 848 3946; x_wconf 90' lang='grc'><strong>613.</strong></span> <span class='ocrx_word' id='word_1_464' title='bbox 894 3879 1013 3966; x_wconf 92' lang='lat' dir='ltr'><strong>Incipit</strong></span> <span class='ocrx_word' id='word_1_465' title='bbox 1035 3885 1068 3948; x_wconf 85' lang='lat' dir='ltr'><strong>ol</strong></span> <span class='ocrx_word' id='word_1_466' title='bbox 1089 3882 1134 3947; x_wconf 78' lang='grc' dir='ltr'><strong>δέ.</strong></span> <span class='ocrx_word' id='word_1_467' title='bbox 1178 3879 1312 3948; x_wconf 71' lang='lat' dir='ltr'><strong>Desint</strong></span> <span class='ocrx_word' id='word_1_468' title='bbox 1340 3881 1564 3964; x_wconf 76' lang='grc' dir='ltr'><strong>ἐκβαλλέσδιο.</strong></span> <span class='ocrx_word' id='word_1_469' title='bbox 1609 3915 1650 3928; x_wconf 90' lang='grc'><strong>-</strong></span> <span class='ocrx_word' id='word_1_470' title='bbox 1695 3877 1773 3964; x_wconf 86' lang='lat' dir='ltr'><strong>Cap.</strong></span> <span class='ocrx_word' id='word_1_471' title='bbox 1798 3876 1859 3944; x_wconf 86' lang='grc'><strong>31.</strong></span> <span class='ocrx_word' id='word_1_472' title='bbox 1901 3879 2036 3944; x_wconf 84' lang='grc' dir='ltr'><strong>Νοιυοο.</strong></span> 
     </span>
     <span class='ocr_line' id='line_1_34' title="bbox 143 3973 2037 4068; baseline -0.003 -18"><span class='ocrx_word' id='word_1_473' title='bbox 143 3981 222 4050; x_wconf 88' lang='grc'><strong>16.</strong></span> <span class='ocrx_word' id='word_1_474' title='bbox 248 3979 284 4047; x_wconf 88' lang='grc'><strong>6.</strong></span> <span class='ocrx_word' id='word_1_475' title='bbox 305 4003 340 4068; x_wconf 92' lang='lat' dir='ltr'><strong>p.</strong></span> <span class='ocrx_word' id='word_1_476' title='bbox 362 3976 453 4045; x_wconf 84' lang='grc'><strong>623.</strong></span> <span class='ocrx_word' id='word_1_477' title='bbox 497 3979 616 4066; x_wconf 85' lang='lat' dir='ltr'><strong>Incipit</strong></span> <span class='ocrx_word' id='word_1_478' title='bbox 635 3988 665 4046; x_wconf 87' lang='grc' dir='ltr'><strong>ελ</strong></span> <span class='ocrx_word' id='word_1_479' title='bbox 686 3982 724 4046; x_wconf 87' lang='grc' dir='ltr'><strong>δέ</strong></span> <span class='ocrx_word' id='word_1_480' title='bbox 744 4004 793 4056; x_wconf 89' lang='grc' dir='ltr'><strong>τις</strong></span> <span class='ocrx_word' id='word_1_481' title='bbox 813 3978 1038 4064; x_wconf 78' lang='grc' dir='ltr'><strong>κατηγορήσει.</strong></span> <span class='ocrx_word' id='word_1_482' title='bbox 1083 3980 1219 4049; x_wconf 89' lang='lat' dir='ltr'><strong>Desinit</strong></span> <span class='ocrx_word' id='word_1_483' title='bbox 1239 3982 1464 4066; x_wconf 76' lang='grc' dir='ltr'><strong>ἐκβάλλεσθαι.</strong></span> <span class='ocrx_word' id='word_1_484' title='bbox 1509 3979 1639 4046; x_wconf 87' lang='lat' dir='ltr'><strong>Titulus</strong></span> <span class='ocrx_word' id='word_1_485' title='bbox 1661 3985 1733 4046; x_wconf 83' lang='lat' dir='ltr'><strong>est:</strong></span> <span class='ocrx_word' id='word_1_486' title='bbox 1756 3980 1811 4056; x_wconf 80' lang='grc' dir='ltr'><strong>τῆς</strong></span> <span class='ocrx_word' id='word_1_487' title='bbox 1833 3975 1895 4043; x_wconf 88' lang='grc' dir='ltr'><strong>λα’.</strong></span> <span class='ocrx_word' id='word_1_488' title='bbox 1917 3973 2037 4044; x_wconf 87' lang='grc' dir='ltr'><strong>διατά-</strong></span> 
     </span>
     <span class='ocr_line' id='line_1_35' title="bbox 137 4077 2039 4171; baseline -0.002 -23"><span class='ocrx_word' id='word_1_489' title='bbox 137 4081 247 4164; x_wconf 85' lang='grc' dir='ltr'><strong>ξεως.</strong></span> <span class='ocrx_word' id='word_1_490' title='bbox 267 4118 306 4130; x_wconf 90' lang='lat'><strong>-</strong></span> <span class='ocrx_word' id='word_1_491' title='bbox 329 4081 412 4166; x_wconf 87' lang='lat' dir='ltr'><strong>Cup.</strong></span> <span class='ocrx_word' id='word_1_492' title='bbox 438 4077 500 4146; x_wconf 75' lang='grc'><strong>39.</strong></span> <span class='ocrx_word' id='word_1_493' title='bbox 533 4083 668 4148; x_wconf 86' lang='lat' dir='ltr'><strong>Numoc.</strong></span> <span class='ocrx_word' id='word_1_494' title='bbox 695 4079 756 4148; x_wconf 90' lang='grc'><strong>16.</strong></span> <span class='ocrx_word' id='word_1_495' title='bbox 780 4083 814 4149; x_wconf 98' lang='grc'><strong>7.</strong></span> <span class='ocrx_word' id='word_1_496' title='bbox 836 4103 869 4169; x_wconf 89' lang='lat' dir='ltr'><strong>p.</strong></span> <span class='ocrx_word' id='word_1_497' title='bbox 893 4080 987 4150; x_wconf 83' lang='grc'><strong>623.</strong></span> <span class='ocrx_word' id='word_1_498' title='bbox 1030 4082 1149 4171; x_wconf 86' lang='lat' dir='ltr'><strong>lneipit</strong></span> <span class='ocrx_word' id='word_1_499' title='bbox 1170 4081 1247 4168; x_wconf 79' lang='grc' dir='ltr'><strong>ὑπὲρ</strong></span> <span class='ocrx_word' id='word_1_500' title='bbox 1269 4083 1463 4162; x_wconf 66' lang='lat' dir='ltr'><strong>mecedo.</strong></span> <span class='ocrx_word' id='word_1_501' title='bbox 1488 4079 1622 4148; x_wconf 86' lang='lat' dir='ltr'><strong>Desinit</strong></span> <span class='ocrx_word' id='word_1_502' title='bbox 1642 4082 1877 4168; x_wconf 87' lang='grc' dir='ltr'><strong>διαιρείτωσαν.</strong></span> <span class='ocrx_word' id='word_1_503' title='bbox 1908 4077 2039 4146; x_wconf 90' lang='lat' dir='ltr'><strong>Titulus</strong></span> 
     </span>
     <span class='ocr_line' id='line_1_36' title="bbox 135 4177 2036 4269; baseline -0.003 -18"><span class='ocrx_word' id='word_1_504' title='bbox 135 4189 235 4252; x_wconf 84' lang='lat' dir='ltr'><strong>est:</strong></span> <span class='ocrx_word' id='word_1_505' title='bbox 257 4183 326 4268; x_wconf 81' lang='grc' dir='ltr'><strong>περὶ</strong></span> <span class='ocrx_word' id='word_1_506' title='bbox 348 4183 526 4260; x_wconf 79' lang='grc' dir='ltr'><strong>συνηθείας</strong></span> <span class='ocrx_word' id='word_1_507' title='bbox 547 4183 611 4248; x_wconf 82' lang='grc' dir='ltr'><strong>τάν</strong></span> <span class='ocrx_word' id='word_1_508' title='bbox 630 4191 923 4266; x_wconf 74' lang='grc' dir='ltr'><strong>χειροτονονμινων</strong></span> <span class='ocrx_word' id='word_1_509' title='bbox 943 4186 1000 4264; x_wconf 80' lang='grc' dir='ltr'><strong>τῆς</strong></span> <span class='ocrx_word' id='word_1_510' title='bbox 1020 4180 1088 4268; x_wconf 94' lang='grc' dir='ltr'><strong>λβ’.</strong></span> <span class='ocrx_word' id='word_1_511' title='bbox 1111 4181 1296 4264; x_wconf 82' lang='grc' dir='ltr'><strong>διατάξεως.</strong></span> <span class='ocrx_word' id='word_1_512' title='bbox 1320 4221 1360 4232; x_wconf 94' lang='grc'><strong>-</strong></span> <span class='ocrx_word' id='word_1_513' title='bbox 1383 4179 1464 4269; x_wconf 85' lang='lat' dir='ltr'><strong>Cup.</strong></span> <span class='ocrx_word' id='word_1_514' title='bbox 1489 4180 1552 4248; x_wconf 89' lang='grc'><strong>33.</strong></span> <span class='ocrx_word' id='word_1_515' title='bbox 1581 4183 1718 4250; x_wconf 82' lang='grc' dir='ltr'><strong>Νοιυοο.</strong></span> <span class='ocrx_word' id='word_1_516' title='bbox 1747 4178 1805 4246; x_wconf 91' lang='grc'><strong>14.</strong></span> <span class='ocrx_word' id='word_1_517' title='bbox 1831 4177 1866 4246; x_wconf 87' lang='grc'><strong>3.</strong></span> <span class='ocrx_word' id='word_1_518' title='bbox 1890 4201 1920 4268; x_wconf 88' lang='grc' dir='ltr'><strong>ρ.</strong></span> <span class='ocrx_word' id='word_1_519' title='bbox 1945 4177 2036 4246; x_wconf 89' lang='grc'><strong>619.</strong></span> 
     </span>
     <span class='ocr_line' id='line_1_37' title="bbox 131 4281 2039 4371; baseline -0.004 -18"><span class='ocrx_word' id='word_1_520' title='bbox 131 4282 280 4369; x_wconf 82' lang='lat' dir='ltr'><strong>Incipit</strong></span> <span class='ocrx_word' id='word_1_521' title='bbox 301 4289 330 4348; x_wconf 83' lang='grc' dir='ltr'><strong>ελ</strong></span> <span class='ocrx_word' id='word_1_522' title='bbox 350 4284 385 4348; x_wconf 76' lang='grc' dir='ltr'><strong>δὲ</strong></span> <span class='ocrx_word' id='word_1_523' title='bbox 406 4285 522 4368; x_wconf 70' lang='grc' dir='ltr'><strong>συμβῇ.</strong></span> <span class='ocrx_word' id='word_1_524' title='bbox 546 4281 679 4350; x_wconf 87' lang='lat' dir='ltr'><strong>Desinit</strong></span> <span class='ocrx_word' id='word_1_525' title='bbox 699 4291 926 4370; x_wconf 73' lang='grc' dir='ltr'><strong>συγχωροῦμεν</strong></span> <span class='ocrx_word' id='word_1_526' title='bbox 947 4285 1113 4368; x_wconf 76' lang='grc' dir='ltr'><strong>γίνεσθαι.</strong></span> <span class='ocrx_word' id='word_1_527' title='bbox 1138 4285 1269 4352; x_wconf 88' lang='lat' dir='ltr'><strong>Titulus</strong></span> <span class='ocrx_word' id='word_1_528' title='bbox 1292 4289 1361 4352; x_wconf 84' lang='lat' dir='ltr'><strong>est:</strong></span> <span class='ocrx_word' id='word_1_529' title='bbox 1383 4281 1449 4350; x_wconf 87' lang='grc' dir='ltr'><strong>νἰιιό</strong></span> <span class='ocrx_word' id='word_1_530' title='bbox 1477 4285 1536 4350; x_wconf 80' lang='grc' dir='ltr'><strong>τοῦ</strong></span> <span class='ocrx_word' id='word_1_531' title='bbox 1558 4281 1617 4367; x_wconf 89' lang='grc' dir='ltr'><strong>ιβ’.</strong></span> <span class='ocrx_word' id='word_1_532' title='bbox 1638 4285 1822 4371; x_wconf 82' lang='grc' dir='ltr'><strong>κεφαλαίου</strong></span> <span class='ocrx_word' id='word_1_533' title='bbox 1843 4281 1900 4360; x_wconf 78' lang='grc' dir='ltr'><strong>τῆς</strong></span> <span class='ocrx_word' id='word_1_534' title='bbox 1919 4283 2039 4368; x_wconf 79' lang='grc' dir='ltr'><strong>νεαρᾶς</strong></span> 
     </span>
     <span class='ocr_line' id='line_1_38' title="bbox 133 4379 2039 4473; baseline -0.005 -20"><span class='ocrx_word' id='word_1_535' title='bbox 133 4379 345 4463; x_wconf 82' lang='grc' dir='ltr'><strong>διατάξεως.</strong></span> <span class='ocrx_word' id='word_1_536' title='bbox 374 4421 414 4432; x_wconf 88' lang='grc'>-</span> <span class='ocrx_word' id='word_1_537' title='bbox 459 4383 541 4471; x_wconf 87' lang='lat' dir='ltr'><strong>Cap.</strong></span> <span class='ocrx_word' id='word_1_538' title='bbox 565 4381 627 4450; x_wconf 88' lang='grc'><strong>34.</strong></span> <span class='ocrx_word' id='word_1_539' title='bbox 658 4385 791 4452; x_wconf 88' lang='lat' dir='ltr'><strong>Nnmnc.</strong></span> <span class='ocrx_word' id='word_1_540' title='bbox 818 4385 881 4452; x_wconf 92' lang='grc'><strong>14.</strong></span> <span class='ocrx_word' id='word_1_541' title='bbox 906 4385 942 4452; x_wconf 90' lang='grc'><strong>3.</strong></span> <span class='ocrx_word' id='word_1_542' title='bbox 965 4406 997 4473; x_wconf 89' lang='lat' dir='ltr'><strong>p.</strong></span> <span class='ocrx_word' id='word_1_543' title='bbox 1022 4383 1115 4452; x_wconf 90' lang='grc'><strong>619.</strong></span> <span class='ocrx_word' id='word_1_544' title='bbox 1158 4385 1278 4472; x_wconf 80' lang='lat' dir='ltr'><strong>InprIt</strong></span> <span class='ocrx_word' id='word_1_545' title='bbox 1298 4384 1376 4464; x_wconf 78' lang='grc' dir='ltr'><strong>τοὺς</strong></span> <span class='ocrx_word' id='word_1_546' title='bbox 1396 4387 1430 4451; x_wconf 82' lang='grc' dir='ltr'><strong>δέ</strong></span> <span class='ocrx_word' id='word_1_547' title='bbox 1451 4386 1692 4470; x_wconf 79' lang='grc' dir='ltr'><strong>πρεσβυτέρους.</strong></span> <span class='ocrx_word' id='word_1_548' title='bbox 1736 4381 1871 4450; x_wconf 88' lang='lat' dir='ltr'><strong>Desinit</strong></span> <span class='ocrx_word' id='word_1_549' title='bbox 1893 4385 2039 4466; x_wconf 87' lang='grc' dir='ltr'><strong>λειτουρ-</strong></span> 
     </span>
     <span class='ocr_line' id='line_1_39' title="bbox 127 4479 2036 4574; baseline -0.004 -20"><span class='ocrx_word' id='word_1_550' title='bbox 127 4493 229 4572; x_wconf 76' lang='grc' dir='ltr'><strong>γίαν</strong></span> <span class='ocrx_word' id='word_1_551' title='bbox 254 4485 492 4570; x_wconf 77' lang='grc' dir='ltr'><strong>συγχωροῦμεν.</strong></span> <span class='ocrx_word' id='word_1_552' title='bbox 538 4485 611 4554; x_wconf 86' lang='grc' dir='ltr'><strong>Ηοο</strong></span> <span class='ocrx_word' id='word_1_553' title='bbox 632 4485 703 4553; x_wconf 89' lang='lat' dir='ltr'><strong>loco</strong></span> <span class='ocrx_word' id='word_1_554' title='bbox 724 4505 802 4573; x_wconf 88' lang='lat' dir='ltr'><strong>pars</strong></span> <span class='ocrx_word' id='word_1_555' title='bbox 825 4487 961 4574; x_wconf 91' lang='lat' dir='ltr'><strong>capituli</strong></span> <span class='ocrx_word' id='word_1_556' title='bbox 987 4488 1060 4555; x_wconf 89' lang='lat' dir='ltr'><strong>sola</strong></span> <span class='ocrx_word' id='word_1_557' title='bbox 1089 4485 1238 4554; x_wconf 90' lang='lat' dir='ltr'><strong>habetur.</strong></span> <span class='ocrx_word' id='word_1_558' title='bbox 1285 4521 1326 4538; x_wconf 89' lang='lat'><em>-</em></span> <span class='ocrx_word' id='word_1_559' title='bbox 1379 4488 1460 4572; x_wconf 86' lang='lat' dir='ltr'><strong>Cap.</strong></span> <span class='ocrx_word' id='word_1_560' title='bbox 1485 4485 1548 4552; x_wconf 89' lang='grc'><strong>35.</strong></span> <span class='ocrx_word' id='word_1_561' title='bbox 1579 4488 1716 4554; x_wconf 83' lang='grc' dir='ltr'><strong>Νοιιεοο.</strong></span> <span class='ocrx_word' id='word_1_562' title='bbox 1742 4481 1803 4550; x_wconf 89' lang='grc'><strong>14.</strong></span> <span class='ocrx_word' id='word_1_563' title='bbox 1831 4486 1864 4549; x_wconf 91' lang='grc'><strong>1.</strong></span> <span class='ocrx_word' id='word_1_564' title='bbox 1888 4504 1920 4570; x_wconf 95' lang='grc' dir='ltr'><strong>ρ.</strong></span> <span class='ocrx_word' id='word_1_565' title='bbox 1944 4479 2036 4548; x_wconf 80' lang='grc'><strong>618.</strong></span> 
     </span>
     <span class='ocr_line' id='line_1_40' title="bbox 128 4579 2036 4675; baseline -0.005 -19"><span class='ocrx_word' id='word_1_566' title='bbox 128 4585 276 4675; x_wconf 88' lang='lat' dir='ltr'><strong>Incipit</strong></span> <span class='ocrx_word' id='word_1_567' title='bbox 298 4583 371 4652; x_wconf 78' lang='grc' dir='ltr'><strong>ἀλλ’</strong></span> <span class='ocrx_word' id='word_1_568' title='bbox 397 4585 481 4652; x_wconf 74' lang='lat' dir='ltr'><strong>oriris.</strong></span> <span class='ocrx_word' id='word_1_569' title='bbox 526 4587 657 4656; x_wconf 86' lang='lat' dir='ltr'><strong>Desinit</strong></span> <span class='ocrx_word' id='word_1_570' title='bbox 677 4585 890 4670; x_wconf 76' lang='grc' dir='ltr'><strong>ἐκωλύσαμεν.</strong></span> <span class='ocrx_word' id='word_1_571' title='bbox 913 4625 955 4640; x_wconf 78' lang='grc'><strong>-</strong></span> <span class='ocrx_word' id='word_1_572' title='bbox 988 4586 1069 4675; x_wconf 84' lang='lat' dir='ltr'><strong>Cap.</strong></span> <span class='ocrx_word' id='word_1_573' title='bbox 1095 4587 1158 4654; x_wconf 83' lang='lat'><strong>37.</strong></span> <span class='ocrx_word' id='word_1_574' title='bbox 1187 4587 1324 4654; x_wconf 84' lang='lat' dir='ltr'><strong>Nomnc.</strong></span> <span class='ocrx_word' id='word_1_575' title='bbox 1344 4584 1418 4672; x_wconf 72' lang='grc'><strong>28.</strong></span> <span class='ocrx_word' id='word_1_576' title='bbox 1445 4609 1477 4674; x_wconf 92' lang='grc' dir='ltr'><strong>ρ.</strong></span> <span class='ocrx_word' id='word_1_577' title='bbox 1509 4584 1601 4653; x_wconf 87' lang='grc'><strong>635.</strong></span> <span class='ocrx_word' id='word_1_578' title='bbox 1643 4587 1764 4674; x_wconf 88' lang='lat' dir='ltr'><strong>Incipit</strong></span> <span class='ocrx_word' id='word_1_579' title='bbox 1784 4579 2036 4670; x_wconf 79' lang='grc' dir='ltr'><strong>άιιαγορεάομεν.</strong></span> 
     </span>
     <span class='ocr_line' id='line_1_41' title="bbox 126 4681 2037 4776; baseline -0.004 -18"><span class='ocrx_word' id='word_1_580' title='bbox 126 4689 291 4758; x_wconf 83' lang='lat' dir='ltr'><strong>Desinit</strong></span> <span class='ocrx_word' id='word_1_581' title='bbox 312 4685 546 4772; x_wconf 77' lang='grc' dir='ltr'><strong>ἐμβάλλεσθαι.</strong></span> <span class='ocrx_word' id='word_1_582' title='bbox 592 4691 721 4756; x_wconf 88' lang='lat' dir='ltr'><strong>Titulus</strong></span> <span class='ocrx_word' id='word_1_583' title='bbox 743 4696 816 4756; x_wconf 78' lang='lat' dir='ltr'><strong>est:</strong></span> <span class='ocrx_word' id='word_1_584' title='bbox 838 4691 894 4768; x_wconf 76' lang='grc' dir='ltr'><strong>τῆς</strong></span> <span class='ocrx_word' id='word_1_585' title='bbox 918 4685 977 4764; x_wconf 74' lang='grc' dir='ltr'><strong>λς’.</strong></span> <span class='ocrx_word' id='word_1_586' title='bbox 1001 4687 1186 4770; x_wconf 84' lang='grc' dir='ltr'><strong>διατάξεως.</strong></span> <span class='ocrx_word' id='word_1_587' title='bbox 1210 4727 1250 4738; x_wconf 90' lang='grc'>-</span> <span class='ocrx_word' id='word_1_588' title='bbox 1286 4686 1367 4776; x_wconf 82' lang='lat' dir='ltr'><strong>Cup.</strong></span> <span class='ocrx_word' id='word_1_589' title='bbox 1392 4683 1455 4754; x_wconf 88' lang='grc'><strong>39.</strong></span> <span class='ocrx_word' id='word_1_590' title='bbox 1486 4689 1622 4756; x_wconf 87' lang='lat' dir='ltr'><strong>Numcc.</strong></span> <span class='ocrx_word' id='word_1_591' title='bbox 1650 4689 1711 4754; x_wconf 89' lang='grc'><strong>15.</strong></span> <span class='ocrx_word' id='word_1_592' title='bbox 1738 4688 1771 4752; x_wconf 92' lang='grc'><strong>1.</strong></span> <span class='ocrx_word' id='word_1_593' title='bbox 1795 4707 1826 4772; x_wconf 90' lang='lat' dir='ltr'><strong>p.</strong></span> <span class='ocrx_word' id='word_1_594' title='bbox 1851 4681 1942 4750; x_wconf 89' lang='grc'><strong>619.</strong></span> <span class='ocrx_word' id='word_1_595' title='bbox 1979 4681 2037 4750; x_wconf 91' lang='lat' dir='ltr'><strong>In-</strong></span> 
     </span>
     <span class='ocr_line' id='line_1_42' title="bbox 127 4784 2035 4879; baseline -0.005 -20"><span class='ocrx_word' id='word_1_596' title='bbox 127 4793 230 4879; x_wconf 82' lang='lat' dir='ltr'><strong>cipit</strong></span> <span class='ocrx_word' id='word_1_597' title='bbox 256 4799 328 4864; x_wconf 88' lang='grc' dir='ltr'><strong>τοΐς</strong></span> <span class='ocrx_word' id='word_1_598' title='bbox 348 4787 541 4868; x_wconf 76' lang='grc' dir='ltr'><strong>ἐπισκόποις.</strong></span> <span class='ocrx_word' id='word_1_599' title='bbox 585 4790 720 4858; x_wconf 88' lang='lat' dir='ltr'><strong>Desinit</strong></span> <span class='ocrx_word' id='word_1_600' title='bbox 740 4791 891 4858; x_wconf 87' lang='grc' dir='ltr'><strong>συνείδοι.</strong></span> <span class='ocrx_word' id='word_1_601' title='bbox 935 4791 1069 4858; x_wconf 89' lang='lat' dir='ltr'><strong>Titulus</strong></span> <span class='ocrx_word' id='word_1_602' title='bbox 1090 4795 1161 4856; x_wconf 81' lang='lat' dir='ltr'><strong>est:</strong></span> <span class='ocrx_word' id='word_1_603' title='bbox 1183 4791 1240 4868; x_wconf 81' lang='grc' dir='ltr'><strong>τῆς</strong></span> <span class='ocrx_word' id='word_1_604' title='bbox 1260 4787 1310 4874; x_wconf 93' lang='grc' dir='ltr'><strong>β’.</strong></span> <span class='ocrx_word' id='word_1_605' title='bbox 1334 4787 1519 4870; x_wconf 87' lang='grc' dir='ltr'><strong>διατάξεως.</strong></span> <span class='ocrx_word' id='word_1_606' title='bbox 1544 4829 1584 4840; x_wconf 90' lang='grc'>-</span> <span class='ocrx_word' id='word_1_607' title='bbox 1612 4786 1695 4876; x_wconf 83' lang='lat' dir='ltr'><strong>Cup.</strong></span> <span class='ocrx_word' id='word_1_608' title='bbox 1717 4785 1782 4854; x_wconf 93' lang='grc'><strong>40.</strong></span> <span class='ocrx_word' id='word_1_609' title='bbox 1812 4785 1846 4849; x_wconf 90' lang='grc' dir='ltr'><strong>Ν</strong></span> <span class='ocrx_word' id='word_1_610' title='bbox 1848 4805 1948 4853; x_wconf 90' lang='lat' dir='ltr'><strong>omuc.</strong></span> <span class='ocrx_word' id='word_1_611' title='bbox 1974 4784 2035 4853; x_wconf 93' lang='grc'><strong>15.</strong></span> 
     </span>
     <span class='ocr_line' id='line_1_43' title="bbox 128 4884 2036 4980; baseline -0.006 -19"><span class='ocrx_word' id='word_1_612' title='bbox 128 4893 172 4961; x_wconf 86' lang='grc'><strong>2.</strong></span> <span class='ocrx_word' id='word_1_613' title='bbox 203 4911 292 4980; x_wconf 83' lang='lat' dir='ltr'><strong>pag.</strong></span> <span class='ocrx_word' id='word_1_614' title='bbox 316 4887 409 4958; x_wconf 82' lang='grc'><strong>620.</strong></span> <span class='ocrx_word' id='word_1_615' title='bbox 451 4891 572 4978; x_wconf 89' lang='lat' dir='ltr'><strong>Incipit</strong></span> <span class='ocrx_word' id='word_1_616' title='bbox 593 4889 666 4959; x_wconf 80' lang='grc' dir='ltr'><strong>ἀλλ’</strong></span> <span class='ocrx_word' id='word_1_617' title='bbox 693 4889 778 4958; x_wconf 79' lang='grc' dir='ltr'><strong>οὐδέ.</strong></span> <span class='ocrx_word' id='word_1_618' title='bbox 822 4891 955 4960; x_wconf 89' lang='lat' dir='ltr'><strong>Desinit</strong></span> <span class='ocrx_word' id='word_1_619' title='bbox 977 4897 1093 4980; x_wconf 82' lang='grc' dir='ltr'><strong>ίερέως.</strong></span> <span class='ocrx_word' id='word_1_620' title='bbox 1138 4890 1269 4956; x_wconf 85' lang='lat' dir='ltr'><strong>Titulus</strong></span> <span class='ocrx_word' id='word_1_621' title='bbox 1290 4899 1360 4959; x_wconf 84' lang='lat' dir='ltr'><strong>est:</strong></span> <span class='ocrx_word' id='word_1_622' title='bbox 1403 4893 1459 4970; x_wconf 81' lang='grc' dir='ltr'><strong>τῆς</strong></span> <span class='ocrx_word' id='word_1_623' title='bbox 1479 4887 1523 4976; x_wconf 90' lang='grc' dir='ltr'><strong>μ’.</strong></span> <span class='ocrx_word' id='word_1_624' title='bbox 1546 4889 1731 4970; x_wconf 84' lang='grc' dir='ltr'><strong>διατάξεως.</strong></span> <span class='ocrx_word' id='word_1_625' title='bbox 1775 4924 1819 4937; x_wconf 92' lang='grc'>-</span> <span class='ocrx_word' id='word_1_626' title='bbox 1863 4887 1945 4972; x_wconf 85' lang='lat' dir='ltr'><strong>Cap.</strong></span> <span class='ocrx_word' id='word_1_627' title='bbox 1969 4884 2036 4952; x_wconf 89' lang='grc'><strong>41.</strong></span> 
     </span>
     <span class='ocr_line' id='line_1_44' title="bbox 120 4981 2034 5080; baseline -0.007 -18"><span class='ocrx_word' id='word_1_628' title='bbox 120 4996 293 5062; x_wconf 83' lang='lat' dir='ltr'><strong>Nomou.</strong></span> <span class='ocrx_word' id='word_1_629' title='bbox 319 4991 378 5057; x_wconf 89' lang='grc'><strong>17.</strong></span> <span class='ocrx_word' id='word_1_630' title='bbox 406 4991 439 5056; x_wconf 92' lang='grc'><strong>1.</strong></span> <span class='ocrx_word' id='word_1_631' title='bbox 460 5015 492 5080; x_wconf 92' lang='grc' dir='ltr'><strong>ρ.</strong></span> <span class='ocrx_word' id='word_1_632' title='bbox 516 4990 607 5060; x_wconf 87' lang='grc'><strong>625.</strong></span> <span class='ocrx_word' id='word_1_633' title='bbox 652 4994 773 5080; x_wconf 89' lang='lat' dir='ltr'><strong>Incipit</strong></span> <span class='ocrx_word' id='word_1_634' title='bbox 794 4999 872 5068; x_wconf 77' lang='grc' dir='ltr'><strong>ελτις</strong></span> <span class='ocrx_word' id='word_1_635' title='bbox 894 4998 1076 5070; x_wconf 79' lang='grc' dir='ltr'><strong>ἐνάεκοιιος.</strong></span> <span class='ocrx_word' id='word_1_636' title='bbox 1122 4991 1256 5060; x_wconf 90' lang='lat' dir='ltr'><strong>Desinit</strong></span> <span class='ocrx_word' id='word_1_637' title='bbox 1277 4989 1513 5080; x_wconf 81' lang='grc' dir='ltr'><strong>διορδάσηται.</strong></span> <span class='ocrx_word' id='word_1_638' title='bbox 1557 4993 1769 5059; x_wconf 86' lang='lat' dir='ltr'><strong>Titulusest:</strong></span> <span class='ocrx_word' id='word_1_639' title='bbox 1792 4990 1849 5067; x_wconf 77' lang='grc' dir='ltr'><strong>τῆς</strong></span> <span class='ocrx_word' id='word_1_640' title='bbox 1867 4982 1925 5069; x_wconf 86' lang='grc' dir='ltr'><strong>με’.</strong></span> <span class='ocrx_word' id='word_1_641' title='bbox 1947 4981 2034 5076; x_wconf 75' lang='lat' dir='ltr'><strong>(Du.</strong></span> 
     </span>
     <span class='ocr_line' id='line_1_45' title="bbox 116 5086 2036 5186; baseline -0.002 -30"><span class='ocrx_word' id='word_1_642' title='bbox 116 5091 236 5186; x_wconf 71' lang='grc' dir='ltr'><strong>μετ’.)</strong></span> <span class='ocrx_word' id='word_1_643' title='bbox 264 5088 449 5171; x_wconf 79' lang='grc' dir='ltr'><strong>διατάξεως.</strong></span> <span class='ocrx_word' id='word_1_644' title='bbox 477 5131 511 5142; x_wconf 91' lang='grc'><strong>-</strong></span> <span class='ocrx_word' id='word_1_645' title='bbox 537 5093 618 5180; x_wconf 85' lang='lat' dir='ltr'><strong>Cap.</strong></span> <span class='ocrx_word' id='word_1_646' title='bbox 641 5092 706 5160; x_wconf 87' lang='grc'><strong>42.</strong></span> <span class='ocrx_word' id='word_1_647' title='bbox 730 5095 867 5161; x_wconf 83' lang='grc' dir='ltr'><strong>Νοιυοο.</strong></span> <span class='ocrx_word' id='word_1_648' title='bbox 890 5091 954 5160; x_wconf 78' lang='grc'><strong>25.</strong></span> <span class='ocrx_word' id='word_1_649' title='bbox 981 5095 1016 5159; x_wconf 96' lang='grc'><strong>1.</strong></span> <span class='ocrx_word' id='word_1_650' title='bbox 1038 5115 1070 5182; x_wconf 89' lang='grc' dir='ltr'><strong>ρ.</strong></span> <span class='ocrx_word' id='word_1_651' title='bbox 1094 5090 1184 5162; x_wconf 75' lang='grc'><strong>632.</strong></span> <span class='ocrx_word' id='word_1_652' title='bbox 1228 5091 1348 5180; x_wconf 84' lang='lat' dir='ltr'><strong>Incipit</strong></span> <span class='ocrx_word' id='word_1_653' title='bbox 1368 5091 1547 5182; x_wconf 84' lang='grc' dir='ltr'><strong>κληρικοάς.</strong></span> <span class='ocrx_word' id='word_1_654' title='bbox 1591 5091 1726 5158; x_wconf 88' lang='lat' dir='ltr'><strong>Desinit</strong></span> <span class='ocrx_word' id='word_1_655' title='bbox 1746 5086 1864 5174; x_wconf 78' lang='grc' dir='ltr'><strong>γάμον.</strong></span> <span class='ocrx_word' id='word_1_656' title='bbox 1907 5086 2036 5152; x_wconf 76' lang='lat' dir='ltr'><strong>uitulus</strong></span> 
     </span>
     <span class='ocr_line' id='line_1_46' title="bbox 119 5183 2035 5282; baseline -0.007 -17"><span class='ocrx_word' id='word_1_657' title='bbox 119 5203 210 5264; x_wconf 87' lang='lat' dir='ltr'><strong>est:</strong></span> <span class='ocrx_word' id='word_1_658' title='bbox 240 5194 307 5271; x_wconf 82' lang='grc' dir='ltr'><strong>τῆς</strong></span> <span class='ocrx_word' id='word_1_659' title='bbox 328 5189 400 5275; x_wconf 77' lang='grc' dir='ltr'><strong>μβ.</strong></span> <span class='ocrx_word' id='word_1_660' title='bbox 423 5191 608 5271; x_wconf 79' lang='grc' dir='ltr'><strong>διατάξεως.</strong></span> <span class='ocrx_word' id='word_1_661' title='bbox 633 5231 675 5242; x_wconf 92' lang='lat'><strong>-</strong></span> <span class='ocrx_word' id='word_1_662' title='bbox 699 5197 781 5280; x_wconf 86' lang='lat' dir='ltr'><strong>Cap.</strong></span> <span class='ocrx_word' id='word_1_663' title='bbox 805 5192 870 5260; x_wconf 89' lang='grc'><strong>43.</strong></span> <span class='ocrx_word' id='word_1_664' title='bbox 903 5195 1040 5262; x_wconf 88' lang='lat' dir='ltr'><strong>Nomoc.</strong></span> <span class='ocrx_word' id='word_1_665' title='bbox 1065 5191 1129 5262; x_wconf 89' lang='grc'><strong>25.</strong></span> <span class='ocrx_word' id='word_1_666' title='bbox 1152 5191 1188 5261; x_wconf 90' lang='grc'><strong>2.</strong></span> <span class='ocrx_word' id='word_1_667' title='bbox 1220 5215 1252 5281; x_wconf 95' lang='grc' dir='ltr'><strong>ρ.</strong></span> <span class='ocrx_word' id='word_1_668' title='bbox 1275 5193 1367 5262; x_wconf 88' lang='grc'><strong>632.</strong></span> <span class='ocrx_word' id='word_1_669' title='bbox 1411 5195 1529 5282; x_wconf 89' lang='lat' dir='ltr'><strong>Incipit</strong></span> <span class='ocrx_word' id='word_1_670' title='bbox 1550 5188 1774 5277; x_wconf 79' lang='grc' dir='ltr'><strong>πρεσβύτερον.</strong></span> <span class='ocrx_word' id='word_1_671' title='bbox 1821 5187 1954 5254; x_wconf 90' lang='lat' dir='ltr'><strong>Desinit</strong></span> <span class='ocrx_word' id='word_1_672' title='bbox 1974 5183 2035 5270; x_wconf 79' lang='grc' dir='ltr'><strong>μά-</strong></span> 
     </span>
     <span class='ocr_line' id='line_1_47' title="bbox 113 5287 2032 5382; baseline -0.005 -20"><span class='ocrx_word' id='word_1_673' title='bbox 113 5320 234 5381; x_wconf 83' lang='grc' dir='ltr'><strong>μους.</strong></span> <span class='ocrx_word' id='word_1_674' title='bbox 291 5289 421 5358; x_wconf 81' lang='lat' dir='ltr'><strong>Titulus</strong></span> <span class='ocrx_word' id='word_1_675' title='bbox 443 5299 513 5358; x_wconf 83' lang='lat' dir='ltr'><strong>est:</strong></span> <span class='ocrx_word' id='word_1_676' title='bbox 534 5294 590 5370; x_wconf 80' lang='grc' dir='ltr'><strong>τῆς</strong></span> <span class='ocrx_word' id='word_1_677' title='bbox 611 5291 679 5376; x_wconf 66' lang='grc' dir='ltr'><strong>μα’.</strong></span> <span class='ocrx_word' id='word_1_678' title='bbox 703 5291 889 5373; x_wconf 85' lang='grc' dir='ltr'><strong>διατάξεως.</strong></span> <span class='ocrx_word' id='word_1_679' title='bbox 921 5329 965 5342; x_wconf 89' lang='grc'>-</span> <span class='ocrx_word' id='word_1_680' title='bbox 1008 5297 1089 5382; x_wconf 85' lang='lat' dir='ltr'><strong>Cap.</strong></span> <span class='ocrx_word' id='word_1_681' title='bbox 1113 5293 1179 5362; x_wconf 87' lang='grc'><strong>45.</strong></span> <span class='ocrx_word' id='word_1_682' title='bbox 1207 5297 1344 5364; x_wconf 88' lang='lat' dir='ltr'><strong>Nomuc.</strong></span> <span class='ocrx_word' id='word_1_683' title='bbox 1368 5293 1432 5362; x_wconf 85' lang='grc'><strong>25.</strong></span> <span class='ocrx_word' id='word_1_684' title='bbox 1456 5297 1491 5362; x_wconf 92' lang='grc'><strong>3.</strong></span> <span class='ocrx_word' id='word_1_685' title='bbox 1514 5316 1546 5382; x_wconf 88' lang='grc' dir='ltr'><strong>ρ.</strong></span> <span class='ocrx_word' id='word_1_686' title='bbox 1571 5291 1662 5360; x_wconf 84' lang='grc'><strong>632.</strong></span> <span class='ocrx_word' id='word_1_687' title='bbox 1706 5291 1826 5378; x_wconf 89' lang='lat' dir='ltr'><strong>Incipit</strong></span> <span class='ocrx_word' id='word_1_688' title='bbox 1854 5287 1897 5372; x_wconf 82' lang='grc' dir='ltr'><strong>μὴ</strong></span> <span class='ocrx_word' id='word_1_689' title='bbox 1920 5287 2032 5365; x_wconf 83' lang='grc' dir='ltr'><strong>άλλως.</strong></span> 
     </span>
     <span class='ocr_line' id='line_1_48' title="bbox 114 5387 2035 5484; baseline -0.005 -20"><span class='ocrx_word' id='word_1_690' title='bbox 114 5394 290 5465; x_wconf 84' lang='lat' dir='ltr'><strong>Desinit</strong></span> <span class='ocrx_word' id='word_1_691' title='bbox 310 5390 533 5475; x_wconf 77' lang='grc' dir='ltr'><strong>ἐκβαλλέσθω.</strong></span> <span class='ocrx_word' id='word_1_692' title='bbox 579 5392 708 5462; x_wconf 88' lang='lat' dir='ltr'><strong>Titulus</strong></span> <span class='ocrx_word' id='word_1_693' title='bbox 730 5399 802 5462; x_wconf 76' lang='lat' dir='ltr'><strong>est:</strong></span> <span class='ocrx_word' id='word_1_694' title='bbox 824 5395 879 5474; x_wconf 84' lang='grc' dir='ltr'><strong>τῆς</strong></span> <span class='ocrx_word' id='word_1_695' title='bbox 899 5392 958 5478; x_wconf 86' lang='grc' dir='ltr'><strong>με’.</strong></span> <span class='ocrx_word' id='word_1_696' title='bbox 979 5393 1165 5477; x_wconf 84' lang='grc' dir='ltr'><strong>διατάξεως.</strong></span> <span class='ocrx_word' id='word_1_697' title='bbox 1188 5433 1228 5450; x_wconf 92' lang='grc'><strong>-</strong></span> <span class='ocrx_word' id='word_1_698' title='bbox 1274 5395 1353 5484; x_wconf 81' lang='lat' dir='ltr'><strong>Gap.</strong></span> <span class='ocrx_word' id='word_1_699' title='bbox 1376 5395 1442 5464; x_wconf 86' lang='grc'><strong>47.</strong></span> <span class='ocrx_word' id='word_1_700' title='bbox 1476 5395 1613 5464; x_wconf 76' lang='lat' dir='ltr'><strong>Nomou.</strong></span> <span class='ocrx_word' id='word_1_701' title='bbox 1638 5389 1701 5460; x_wconf 84' lang='grc'><strong>26.</strong></span> <span class='ocrx_word' id='word_1_702' title='bbox 1724 5391 1763 5458; x_wconf 88' lang='grc'><strong>4.</strong></span> <span class='ocrx_word' id='word_1_703' title='bbox 1785 5411 1816 5479; x_wconf 92' lang='lat' dir='ltr'><strong>p.</strong></span> <span class='ocrx_word' id='word_1_704' title='bbox 1841 5387 1931 5456; x_wconf 87' lang='grc'><strong>633.</strong></span> <span class='ocrx_word' id='word_1_705' title='bbox 1976 5389 2035 5455; x_wconf 88' lang='lat' dir='ltr'><strong>In-</strong></span> 
     </span>
    </p>
   </div>
   <div class='ocr_carea' id='block_1_3' title="bbox 307 5716 2032 5788">
    <p class='ocr_par' dir='ltr' id='par_1_4' title="bbox 307 5716 2032 5788">
     <span class='ocr_line' id='line_1_49' title="bbox 307 5716 2032 5788; baseline -0.003 -20"><span class='ocrx_word' id='word_1_706' title='bbox 307 5716 355 5776; x_wconf 76' lang='grc'><strong>23)</strong></span> <span class='ocrx_word' id='word_1_707' title='bbox 372 5717 402 5767; x_wconf 92' lang='lat' dir='ltr'><strong>ln</strong></span> <span class='ocrx_word' id='word_1_708' title='bbox 419 5717 508 5768; x_wconf 78' lang='lat' dir='ltr'><strong>libro:</strong></span> <span class='ocrx_word' id='word_1_709' title='bbox 526 5717 578 5770; x_wconf 82' lang='lat' dir='ltr'><strong>lite</strong></span> <span class='ocrx_word' id='word_1_710' title='bbox 597 5719 754 5772; x_wconf 75' lang='lat' dir='ltr'><strong>serettclte</strong></span> <span class='ocrx_word' id='word_1_711' title='bbox 769 5722 821 5774; x_wconf 81' lang='lat' dir='ltr'><strong>der</strong></span> <span class='ocrx_word' id='word_1_712' title='bbox 837 5721 971 5774; x_wconf 81' lang='lat' dir='ltr'><strong>Nouellerr</strong></span> <span class='ocrx_word' id='word_1_713' title='bbox 989 5737 1015 5788; x_wconf 89' lang='lat' dir='ltr'><strong>p.</strong></span> <span class='ocrx_word' id='word_1_714' title='bbox 1033 5723 1094 5776; x_wconf 85' lang='lat' dir='ltr'><strong>roc.</strong></span> <span class='ocrx_word' id='word_1_715' title='bbox 1111 5724 1169 5776; x_wconf 88' lang='lat' dir='ltr'><strong>not.</strong></span> <span class='ocrx_word' id='word_1_716' title='bbox 1187 5721 1230 5774; x_wconf 71' lang='lat' dir='ltr'><strong>es.</strong></span> <span class='ocrx_word' id='word_1_717' title='bbox 1358 5718 1407 5778; x_wconf 76' lang='lat' dir='ltr'><strong>et)</strong></span> <span class='ocrx_word' id='word_1_718' title='bbox 1423 5719 1553 5772; x_wconf 76' lang='lat' dir='ltr'><strong>canuam</strong></span> <span class='ocrx_word' id='word_1_719' title='bbox 1571 5719 1749 5784; x_wconf 81' lang='lat' dir='ltr'><strong>capitulorum</strong></span> <span class='ocrx_word' id='word_1_720' title='bbox 1767 5719 1797 5768; x_wconf 90' lang='lat' dir='ltr'><strong>ln</strong></span> <span class='ocrx_word' id='word_1_721' title='bbox 1814 5717 2032 5768; x_wconf 78' lang='lat' dir='ltr'><strong>n&#39;omocanonern</strong></span> 
     </span>
    </p>
   </div>
   <div class='ocr_carea' id='block_1_4' title="bbox 107 5803 1628 5952">
    <p class='ocr_par' dir='ltr' id='par_1_5' title="bbox 107 5803 1628 5952">
     <span class='ocr_line' id='line_1_50' title="bbox 107 5803 1628 5952; baseline -0.003 -92"><span class='ocrx_word' id='word_1_722' title='bbox 107 5809 348 5862; x_wconf 70' lang='lat' dir='ltr'><strong>inuenturum</strong></span> <span class='ocrx_word' id='word_1_723' title='bbox 364 5803 486 5853; x_wconf 72' lang='grc'><strong>1111111111</strong></span> <span class='ocrx_word' id='word_1_724' title='bbox 502 5803 557 5854; x_wconf 87' lang='lat' dir='ltr'><strong>tam</strong></span> <span class='ocrx_word' id='word_1_725' title='bbox 574 5803 710 5858; x_wconf 77' lang='grc' dir='ltr'><strong>Βίειιιτιιι</strong></span> <span class='ocrx_word' id='word_1_726' title='bbox 726 5805 746 5858; x_wconf 85' lang='grc'><strong>1.</strong></span> <span class='ocrx_word' id='word_1_727' title='bbox 763 5806 782 5859; x_wconf 82' lang='lat' dir='ltr'><strong>t</strong></span> <span class='ocrx_word' id='word_1_728' title='bbox 802 5820 828 5872; x_wconf 84' lang='lat' dir='ltr'><strong>p.</strong></span> <span class='ocrx_word' id='word_1_729' title='bbox 845 5809 929 5859; x_wconf 75' lang='grc'><strong>531-</strong></span> <span class='ocrx_word' id='word_1_730' title='bbox 940 5809 1002 5860; x_wconf 77' lang='grc'><strong>515.</strong></span> <span class='ocrx_word' id='word_1_731' title='bbox 1603 5883 1628 5952; x_wconf 56' lang='lat'>2</span> 
     </span>
     <span class='ocr_line' id='line_1_51' title="bbox 1564 5884 1595 5952; baseline 0 0"><span class='ocrx_word' id='word_1_732' title='bbox 1564 5884 1595 5952; x_wconf 84' lang='lat' dir='ltr'><strong>G</strong></span> 
     </span>
    </p>
   </div>
   <div class='ocr_carea' id='block_1_5' title="bbox 0 0 2406 7060">
    <p class='ocr_par' dir='ltr' id='par_1_6' title="bbox 0 0 2406 7060">
     <span class='ocr_line' id='line_1_52' title="bbox 0 0 2406 7060; baseline 0 16"><span class='ocrx_word' id='word_1_733' title='bbox 0 0 2406 7060; x_wconf 95' lang='lat' dir='ltr'><strong> </strong></span> 
     </span>
    </p>
   </div>
  </div>
 </body>
</html>
