4784 7068
345 503 402 572 so
485 447 493 452 ’
1074 493 1498 564 inusnnsrr

347 696 447 764 οίκιίας
483 691 524 770 (v.
553 690 669 760 οίκείας)
688 693 694 768 Ι
714 689 887 771 ὑπογραφῆς.
931 687 1004 748 τίδὲ
1025 690 1111 746 τοῦτο
1132 709 1259 766 παρορα·
1302 687 1519 760 subscriptione
1547 701 1611 742 sua.
1640 685 1694 742 Sin
1723 691 1820 742 autern
1851 687 1907 742 boc
1929 687 2095 760 neglectum
2119 689 2218 756 suerit,

346 783 396 854 θῇ,
419 783 448 836 οἰ
467 777 596 836 δικασταὶ
617 778 662 834 καὶ
685 779 713 834 m'
732 769 979 851 ἔξοπρρετοὺμενοι
1000 767 1098 841 αὑτοῖς
1119 768 1168 833 eir-v
1185 771 1258 850 ’ζιμιέ
1301 772 1416 828 indices
1446 777 1474 826 et
1497 771 1536 842 ii,
1565 771 1614 840 rpri
1646 770 1719 840 ipsis
1742 775 1892 842 apparent,
1914 771 2058 842 damnum,
2081 773 2158 842 φοοδ
2178 775 2216 843 ei,

346 885 382 922 αν
403 857 453 938 τὴν
480 863 624 940 γενομένην
654 863 693 934 τῷ
723 859 931 933 ἐκκαλεσαμένιρ
953 860 983 916 ἐκ
1003 861 1055 914 τοῦ
1074 851 1115 934 pr)
1136 859 1259 934 δοθῆναι
1301 858 1350 928 qui
1373 855 1555 928 provocavit,
1578 855 1674 910 datum
1698 860 1802 910 estex
1826 871 1870 918 eo,
1894 855 1970 925 quod
1993 861 2059 910 acta
2081 857 2138 928 ipsi
2160 858 2217 912 da-

346 943 425 1020 αὑτῲ
452 939 488 1005 τά
515 945 697 1022 πεπραγμένα
726 937 1258 1018 οέκοθνν(ν.οι1ιοθεν)καταθι)οοο.
1301 947 1331 996 ta
1353 957 1411 996 uon
1433 941 1504 1007 sint,
1526 940 1564 994 de
1584 955 1639 994 suo
1661 940 1786 1002 solvent,
1815 945 1844 995 et
1873 955 1968 1009 poena
1989 939 2126 996 denarum
2150 943 2212 998 auri

249 1036 254 1045 '
346 1054 399 1103 σιν,
420 1031 466 1088 καλ
487 1024 644 1106 πρόστιμον
665 1031 695 1086 ἐκ
716 1031 767 1086 τοὺ
788 1027 891 1102 φίοκοο
913 1020 940 1083 ι’.
961 1023 1133 1104 χροσιόυθΰ)
1157 1026 1258 1104 λιτρῶν
1302 1026 1441 1081 librarum
1455 1025 1492 1078 ob
1506 1023 1545 1079 iis
1560 1025 1697 1098 exigetur
1716 1024 1780 1079 fisci
1796 1025 1921 1080 nomine.
1940 1025 2062 1096 Scripta
2077 1033 2121 1082 est

345 1108 602 1192 άπαιτρθῆοονται.
651 1099 805 1191 ΈγρῬῖ)
829 1150 837 1164 .
856 1149 924 1164 ....

448 1289 591 1392 ζ’.”8)ἡ
620 1290 780 1382 διάταξις
805 1291 876 1386 ἔχει
913 1287 1144 1390 κεφάλαιαθθ)
1399 1286 1524 1368 Const.
1551 1285 1586 1360 7.
1640 1285 1780 1382 (Haec)
1808 1285 2010 1362 constitutio
2029 1285 2134 1363 lmbei
2152 1315 2216 1363 on-

346 1401 501 1494 πριὺτον,
528 1397 567 1466 ἐν
590 1399 638 1498 τῇ
663 1390 818 1478 ἐξετάσει
844 1398 918 1466 τοῖν
951 1388 1128 1490 ἐκκλήτων
1140 1393 1168 1472 ι)
1196 1385 1257 1466 καί
1299 1390 1371 1491 pita
1397 1421 1462 1481 ...ς
1514 1387 1676 1490 primum,
1713 1387 1803 1462 utin
1831 1387 2074 1462 examinandis
2096 1391 2216 1490 appel-

346 1491 627 1594 ἀναιμηλοιφήσει
651 1491 808 1567 καὶτῶν
834 1498 872 1565 ἐκ
891 1499 963 1566 τοῖν
981 1491 1257 1566 δικαστῶνάνα-
1298 1491 1485 1566 lationibus
1517 1501 1553 1566 et
1586 1489 1887 1564 retractationibus
1912 1505 1948 1566 et
1973 1491 2208 1580 relationibus,

346 1597 517 1698 poprist),
544 1591 636 1668 dicre
663 1594 739 1668 κατ’
766 1596 921 1684 ἐκείνους
944 1588 1032 1682 τοὺς
1056 1590 1190 1687 νόμους
1202 1596 1257 1665 τέ·
1300 1617 1388 1690 quae
1414 1617 1436 1666 a
1461 1591 1634 1666 iudicibus
1660 1591 1756 1682 srnrrt,
1782 1614 1932 1664 corisson
1958 1590 2147 1666 secundum
2170 1594 2215 1664 il-

346 1705 509 1794 μνεοθαι
534 1693 629 1786 τὰς)
661 1699 691 1775 3)
717 1695 912 1785 ὑποθέσεις
938 1692 1035 1774 καί)
1063 1690 1150 1785 τοὺς
1173 1721 1256 1794 τροι-
1300 1695 1353 1768 las
1381 1695 1482 1792 leges
1509 1691 1723 1782 decidantur,
1750 1717 1839 1789 quae
1865 1704 2022 1792 tempore
2044 1695 2215 1766 sententi-

346 1805 503 1889 τοὺιτας
535 1801 573 1868 έν
605 1803 656 1894 τῷ
694 1805 804 1898 καιριῇ
835 1803 902 1923 τῆς
937 1793 1062 1896 φήφοο
1096 1792 1155 1868 καὶ
1191 1802 1258 1894 τῆς
1299 1821 1342 1870 ae
1367 1796 1521 1891 ¹(latae)
1555 1805 1589 1868 et
1622 1793 1867 1892 suggestionis
1892 1797 2023 1896 valent,
2057 1817 2124 1867 non
2152 1820 2212 1868 se-

345 1898 542 1999 μηνὺσεως,
567 1897 610 1972 οὑ
634 1892 709 1998 μὴν
742 1892 829 1989 τοὺς
853 1897 1046 1998 ὑστερονλ)
1080 1899 1258 1986 τεθέντας
1300 1895 1449 1972 cundum
1478 1922 1553 1986 cas,
1580 1919 1669 1991 quae
1701 1905 1826 1994 postea
1852 1896 2092 1994 promulgatae
2123 1909 2213 1988 sunt,

347 1995 477 2075 καὶτὰ
504 2001 592 2099 ἑξῆς.
1300 2007 1336 2074 et
1362 2023 1450 2094 quae
1475 1996 1655 2095 deinceps

204 2161 266 2206 ‘'¹⁰⁸''
291 2157 348 2203 ¹¹⁵·
430 2169 463 2234 Ὁ
482 2165 569 2241 αὑτὸς
596 2165 727 2250 βασιλεὺς
753 2175 794 2245 τῷ
823 2167 912 2245 αὑτῷ.
952 2161 1085 2230 Ἠλθεν
1107 2173 1158 2241 είς
1179 2175 1258 2249 γνῶ·
1384 2169 1463 2226 idem
1499 2169 1656 2240 imperator
1668 2169 1782 2226 eidem.
1825 2169 1965 2226 Peruenit
1992 2171 2215 2230 concientiam

346 2279 411 2337 οην
432 2256 473 2326 (v.
501 2253 649 2334 χνοὺσιν)
670 2260 736 2332 τῆς
755 2254 942 2332 ὑμετέρας
963 2249 1229 2332 γαλονὺτφτος.
1300 2260 1427 2312 nostroe
1447 2257 1626 2310 concutiatis.

434 2343 521 2414 0τῷ
542 2337 690 2416 maadi)
703 2335 818 2410 δικάζων
839 2340 1007 2416 δικαστηρίῳ
1025 2333 1099 2398 κατὰ
1113 2334 1258 2418 τοὺςκρα-
1385 2342 1431 2410 is,
1459 2339 1561 2409 quiin
1583 2337 1774 2410 appellatorio
1806 2336 1918 2394 iudicat
1945 2335 2073 2410 iudicio,
2103 2355 2215 2396 seeun-

344 2431 464 2496 τοὺντας
484 2419 588 2502 νὺμοος
609 2426 637 2482 έν
658 2429 699 2498 τῷ
720 2427 810 2501 καιρῷ
832 2427 883 2500 τῆς
903 2417 1127 2500 ἐναλητιοθὴσφς
1153 2424 1194 2494 (v.
1217 2427 1258 2482 έκ-
1301 2423 1369 2480 1111111
1391 2440 1443 2479 eas
1464 2423 1566 2497 leges,
1588 2438 1664 2494 quae
1687 2423 1786 2478 valent
1808 2427 1937 2492 ternpore
1967 2423 2133 2480 sententiae
2163 2425 2212 2479 la-

344 2505 560 2588 κλητεοθείοιχς)
582 2502 684 2585 oppon
711 2511 825 2586 κρινέτω
846 2502 884 2566 τοὶ
911 2511 963 2583 τῆς
991 2510 1119 2584 ἐφέσεως,
1150 2509 1197 2568 καλ
1217 2502 1257 2585 μι)
1301 2513 1358 2578 tae,
1380 2508 1417 2564 de
1439 2523 1497 2578 qua
1519 2507 1687 2578 provocatio
1708 2507 1789 2562 sacta
1811 2511 1866 2576 est,
1888 2521 2025 2562 caussam
2054 2509 2212 2580 appellati-

344 2591 419 2662 κατὰ
445 2587 512 2663 τοὺς
538 2587 610 2669 μετὰ
635 2596 728 2652 ταῦτα
753 2593 974 2668 ἐκφωνηθέντος,
997 2594 1023 2650 εί
1047 2593 1094 2650 καλ
1116 2586 1259 2670 ένάχονται
1301 2593 1366 2650 onis
1388 2593 1526 2664 iudicato,
1549 2607 1643 2662 neque
1673 2591 1832 2648 secundum
1855 2606 1922 2653 eas,
1954 2606 2030 2660 quae
2051 2599 2117 2664 post
2138 2594 2212 2653 baec

344 2684 383 2751 είς
412 2673 449 2738 τά
468 2671 706 2755 προλαμβάνοντα
733 2670 838 2752 φάκτα,
867 2669 976 2736 τούτων
1003 2669 1181 2752 κρατούντων
1211 2678 1258 2736 καλ
1299 2677 1500 2750 promulgatae
1521 2683 1600 2749 sont,
1622 2676 1679 2732 etsi
1701 2677 1758 2732 bae
1785 2677 1823 2731 ad
1853 2676 1933 2730 iacta
1961 2679 2120 2748 praeterita
2141 2694 2212 2749 pro-

344 2766 391 2828 έπλ
412 2768 447 2839 τῇ
468 2755 690 2839 ἀναψαλαφήσει
710 2765 767 2819 τῶν
789 2754 962 2836 ἀποφάσεων
983 2764 1040 2820 τοῖν
1061 2755 1190 2840 ἐπάρχων
1210 2762 1263 2823 καὶ,
1300 2761 1460 2832 ducantur,
1490 2761 1537 2816 bis
1566 2761 1733 2818 valentibus
1755 2767 1784 2816 et
1806 2761 1835 2816 in
1858 2761 2068 2818 retractatione
2090 2769 2213 2820 senten-

345 2850 391 2910 ἐπὶ
411 2858 474 2917 ταῖς
502 2848 661 2924 γοωμένοις
691 2844 923 2924 (κρινομένοις)
946 2840 1257 2923 ἀναφοραῖςτώνάρ·
1299 2847 1403 2902 tiorum
1426 2847 1643 2916 praefectorum
1674 2849 1703 2900 et
1732 2845 1762 2900 iu
1784 2843 1988 2913 relationibus,
2010 2861 2086 2916 quae
2108 2863 2126 2901 a
2147 2863 2213 2904 ma-

344 2927 459 3016 χόντων,
477 2927 557 3008 ἡνίκα
578 2933 634 2990 τῶν
655 2922 704 2989 δὺο
725 2933 819 3008 μερῶν
839 2925 1060 3004 ἀποταξαμίνων
1077 2941 1136 3000 τοῖς
1151 2925 1257 3009 alydon
1298 2931 1474 3004 gistratibus
1505 2930 1603 2986 sactae
1633 2935 1720 3002 sunt,
1749 2929 1863 3000 quando
1896 2935 2019 2998 utraque
2047 2945 2117 3001 pars
2139 2948 2213 2987 con-

344 3011 548 3080 πονθάνεοθαι
560 3008 594 3073 τὺ
610 3025 767 3090 πρακταῖον
781 3013 825 3089 (ν.
837 3011 990 3090 πρακτέον)
1001 3008 1017 3072 ὁ
1027 3007 1169 3089 δικαστὺς,
1184 3007 1256 3091 ὑπερ
1298 3015 1451 3070 troversiis
1464 3015 1686 3087 renuntiaverit,
1708 3019 1738 3069 et
1758 3014 1859 3090 iudex,
1881 3011 1950 3084 quid
1973 3013 2140 3071 iaciendum
2163 3018 2213 3090 sit,

344 3097 540 3172 dvarocirad).
562 3101 656 3158 alceir
669 3097 883 3174 δικαζομένωνθ)
896 3091 930 3156 τὺ
957 3089 988 3156 ἓν
1007 3107 1092 3174 μέρος
1119 3093 1255 3168 ἀποτάξε·
1298 3100 1481 3172 interrogare
1506 3099 1649 3156 maluerit.
1693 3099 1725 3156 si
1760 3114 1799 3154 ex
1825 3097 2025 3171 litigatoribus
2053 3115 2112 3154 una
2146 3117 2213 3171 pars

344 3184 423 3259 ταιθ)
438 3178 671 3261 decipiendam,
685 3177 717 3242 τὸ
735 3181 763 3240 δὲ
778 3177 873 3258 ἕτερον
901 3178 1087 3260 ὑπερτίθεται
1110 3177 1256 3253 ἀποτάξα·
1299 3181 1562 3257 (controversiae),
1583 3183 1806 3252 renuntiaverit,
1828 3183 1912 3253 quasi
1922 3187 2058 3240 contenta
2070 3184 2119 3256 sit,
2135 3184 2214 3241 alte-

345 3269 469 3346 cenam)
482 3258 614 3349 οὑςῆδφτι
627 3271 843 3345 προσθῆταιίτ.
852 3262 1036 3342 προσθεῖναι)
1046 3277 1109 3336 ταῖς
1122 3267 1258 3326 δικαωλο·
1299 3283 1333 3324 ra
1361 3273 1459 3323 autem
1494 3268 1740 3324 renuntiationem
1767 3267 1899 3340 diderat,
1927 3267 2015 3340 (oum
2045 3266 2214 3342 111οοί)ιο

343 3349 457 3434 χίαις,ὁ
482 3346 617 3428 δικαστὴς
628 3361 703 3428 τρεῖς
716 3352 862 3428 παρεχέτω
874 3353 1058 3427 προθεσμίας
1070 3345 1131 3412 ἀπὸ
1144 3345 1178 3410 λ’.
1193 3347 1257 3428 ripa·
1300 3353 1418 3422 habere,
1441 3352 1518 3422 quod
1546 3353 1775 3426 allegationibus
1797 3351 1895 3424 addat,
1925 3351 2015 3407 iudex
2038 3353 2094 3407 tria
2116 3355 2214 3426 spatia
2309 3379 2315 3386 -

345 3441 419 3518 ροὺν,
441 3426 628 3512 conflaris
645 3439 672 3494 εί
678 3430 716 3512 μὴ
738 3429 922 3512 ἀποτάξιχται,
939 3437 1077 3513 ἐκφερέτω
1089 3432 1140 3512 τὴν
1159 3440 1260 3512 ψῆφον
1301 3437 1467 3506 concedito,
1497 3437 1621 3510 triginta
1647 3437 1782 3508 quodque
1810 3436 1938 3506 dierum,
1972 3437 2049 3491 intra
2080 3453 2156 3508 quae
2187 3440 2214 3494 si

343 3517 417 3605 μετὰ
428 3521 474 3593 ¹²)
497 3516 616 3597 τὴντῶν
636 3523 823 3598 πραχθέντων
844 3513 960 3595 δὺναμιν
970 3518 1023 3592 ¹³).
1044 3514 1083 3597 μὴ
1100 3517 1201 3589 έξίστω
1215 3517 1258 3593 ¹⁴)
1302 3537 1360 3578 uon
1374 3521 1596 3592 renuntiaverit,
1618 3521 1792 3577 sententiam
1808 3522 1936 3591 proferto
1951 3519 2111 3576 secuudum
2126 3528 2215 3578 acto-

345 3617 405 3676 τοϊς
431 3597 642 3673 draconemve
664 3595 1260 3680 κατιόνταςίξαὑτώνάρρενάς15)τεκα1
1302 3622 1365 3661 rum
1405 3607 1464 3661 vim
1503 3610 1533 3662 et
1566 3609 1748 3677 potestatem.
1797 3606 1843 3662 Ne
1875 3606 1964 3662 liceto
1985 3605 2214 3664 ascendentibus

346 3683 750 3767 θηλείας111)ρκαιτνρίτοος
769 3681 1261 3765 ἣεξαιρετάτονςποιεῖσθαιένταῖς
1302 3690 1517 3746 descendentes
1538 3691 1575 3745 ab
1597 3691 1672 3762 ipsis
1703 3695 1731 3746 et
1758 3690 1904 3746 masculos
1926 3691 1956 3744 et
1977 3691 2102 3746 reminas
2123 3707 2214 3764 prrae-

345 3777 428 3843 ἰδίαις
437 3765 937 3848 (ν.έδίαις)”)διαθὴκως,κάνείῑθ)
946 3766 1259 3850 διάοίασδὴποτεδωρε-
1301 3775 1390 3830 terire
1405 3779 1456 3832 aut
1470 3775 1599 3832 scribere
1622 3775 1803 3830 exhaeredes
1825 3775 1855 3829 in
1867 3773 1931 3830 suis
1949 3776 2143 3847 testamentis,
2165 3785 2214 3832 et-

345 3849 1260 3936 dciili)ipycicccacd'oiordr'pnoreepdnovar'periprpoocrirotc
1301 3860 1327 3914 si
1356 3874 1408 3930 per
1436 3859 1666 3930 qualemcunque
1693 3860 1877 3916 donatiouem
1903 3862 1962 3914 ‘aut
1995 3859 2127 3933 legatum
2162 3867 2214 3917 aut

345 3932 1261 4040 aapryorevw)poipau²¹)‚olr',ceipipolpopcoaeiop(adponant-
1303 3943 1433 4014 quolibet
1454 3943 1537 4000 modo
1557 3944 1718 4018 legitimam
1740 3945 1778 3999 iis
1799 3944 1960 4014 portionem
1982 3943 2061 4014 dent,
2083 3945 2141 4000 nisi
2162 3947 2215 4002 in-

345 4025 395 4101 ας)
404 4045 519 4086 οπεοτιν
527 4019 620 4100 λάχος,
629 4025 722 4094 ι’δικιθς
730 4019 771 4090 (v.
781 4019 958 4100 ίδικως)παρ’
968 4021 1062 4086 αὑτῶν
1077 4029 1104 4084 έν
1118 4030 1152 4102 τῇ
1160 4019 1260 4102 oratii)-
1302 4028 1494 4102 gratitudinis
1522 4030 1597 4086 ratio
1625 4030 1737 4100 subest,
1766 4027 1935 4099 specialiter
1956 4027 1992 4082 ab
2014 4029 2088 4098 ipsis
2109 4029 2140 4085 in
2163 4035 2213 4085 te-

346 4102 651 4188 κῃπροοχραφὺμενος.
665 4111 795 4168 ἐντεῦθεν
804 4102 1068 4186 electissimorum)
1078 4105 1205 4186 ἀριθμὸν
1214 4131 1260 4170 ne·
1302 4116 1447 4169 stomento
1476 4113 1633 4184 adscripta.
1675 4113 1747 4170 Inde
1775 4113 1805 4168 in
1834 4128 1955 4168 numero
1978 4113 2068 4168 facile
2089 4116 2214 4186 conspi-

345 4191 515 4274 ριϊοτῶνλῧ)
530 4187 662 4269 τοὺςτῆς
676 4189 844 4270 ἀχαριστίας
864 4185 989 4270 τρόπους
1010 4195 1055 4252 καλ
1076 4186 1179 4262 ἀλλους
1201 4197 1256 4252 έπι-
1303 4212 1358 4252 cuo
1388 4196 1496 4270 (baec)
1522 4198 1572 4254 lex
1592 4197 1816 4272 ingratitudinis
1838 4213 1961 4253 caussas
1985 4199 2214 4269 comprrebeudit,

343 4281 501 4379 plepeodoa
528 4270 639 4346 τούτοις
664 4299 703 4353 μη
731 4281 883 4354 συγχωρῶν
910 4272 926 4336 ὁ
955 4271 1040 4354 νόμος
1061 4279 1256 4352 παρατίθεται
1299 4285 1329 4336 et
1347 4281 1422 4336 allas
1437 4282 1485 4337 itis
1497 4282 1654 4338 immisceri
1670 4297 1726 4338 non
1750 4282 1893 4350 concedit,
1916 4287 1946 4336 et
1961 4283 2042 4352 prius
2054 4282 2214 4358 (caussas)

344 4383 484 4440 προτερον
504 4355 557 4430 τάς
577 4355 651 4420 κατά
671 4364 728 4420 τῶν
748 4362 856 4420 παίδων
877 4357 1052 4440 ἀχαριστίας.
1075 4363 1143 4420 aloia
1165 4351 1254 4420 δὲαὺ·
1298 4365 1521 4438 ingratitudinis
1542 4366 1685 4422 adversus
1714 4367 1823 4422 liberos
1846 4367 1975 4436 expronit.
2018 4368 2213 4424 suntantea

344 4467 401 4507 ται.
423 4443 456 4505 τὸ
479 4450 604 4522 τοπῆσαι
624 4439 690 4514 τοὺς
711 4455 807 4522 γονεῖς,
829 4439 862 4504 τὸ
884 4447 993 4523 βαρέως
1013 4444 1136 4524 ὑβρίσαι,
1158 4440 1191 4503 τό
1215 4449 1256 4522 έγ-
1299 4449 1371 4505 liae:
1394 4451 1420 4505 si
1443 4456 1579 4521 parentes
1600 4453 1832 4520 verberaverint,
1854 4451 1939 4525 gravi
1969 4451 2077 4506 iniuria
2099 4455 2214 4508 allece-

343 4531 720 4608 κληματικοὺςκατργορεῑσαι
730 4526 1257 4608 (1.κατηγορῆσαι)1111)χωρὶς141))τῶν
1298 4535 1374 4604 rint,
1406 4535 1433 4589 si
1455 4536 1586 4592 criminis
1616 4537 1836 4607 accusaverint,
1871 4535 2003 4605 exceptis
2032 4535 2079 4590 bis
2109 4537 2215 4592 crimi-

344 4609 803 4695 ιίςτὴνβασιλείανῆτὴνπολιτιάν
813 4612 852 4688 (v.
860 4611 1258 4692 πολιτνίαν)146)ἀναφερομέ-
1299 4619 1396 4688 albae,
1418 4635 1494 4690 quae
1516 4625 1616 4676 contra
1638 4621 1853 4694 imperatoriam
1875 4620 2058 4676 maiestatem
2074 4626 2141 4676 sunt
2166 4623 2216 4677 rel

1077 4703 1083 4714 a

340 4771 746 4793 -p——u-—a-

410 4881 457 4947 oe)
474 4883 526 4933 Pro
543 4880 650 4950 νροσίοο
667 4880 759 4930 Codex
775 4881 854 4929 babet
868 4881 974 4947 χροοοῦ.
1043 4879 1088 4942 117)
1105 4881 1217 4946 Reliqua
1233 4894 1268 4930 ex
1284 4884 1479 4945 subscriptione
1495 4885 1594 4934 desunt
1610 4887 1636 4933 1ο
1654 4884 1760 4934 Codice.
1799 4887 1964 4946 Quapropter
1981 4885 2090 4933 turcanae
2108 4890 2217 4949 signum

344 4955 429 5014 poeni.
463 4951 567 5000 Excidit
584 4953 671 4997 antem
689 4952 766 4997 ettam
786 4948 855 4996 Nov.
874 4949 929 5010 76,
947 4949 1053 5011 quaein
1070 4948 1204 4998 titulorum
1223 4949 1310 4998 indice
1328 4955 1424 4999 exstat.
1460 4949 1505 5014 98)
1523 4953 1564 5000 Ad
1582 4953 1788 5020 marginempt.
1836 4955 1880 5011 tta)
1899 4953 2029 5002 blxciriere
2047 4954 2073 5002 11.
2091 4953 2108 5000 1.
2128 4955 2218 5004 verba

343 5017 381 5076 ς’.
399 5016 441 5078 τό,
458 5025 486 5068 111
503 5032 537 5066 ex
554 5021 594 5067 ttt.
613 5019 700 5065 rubroc
717 5016 857 5064 constabit.
950 5014 978 5079 1)
996 5017 1088 5065 Codex
1105 5013 1238 5080 έκκλητῶν.
1324 5016 1354 5080 2)
1372 5019 1466 5068 Codex
1482 5016 1628 5087 ἀναοὺρων.
1716 5019 2046 5081 miseraratione.
2120 5021 2152 5086 4)
2170 5022 2217 5072 sat

343 5089 450 5136 vtdetnr
466 5097 529 5135 esse
547 5085 683 5135 delendam
701 5084 734 5130 ob
752 5089 834 5132 totum
852 5087 1043 5132 sententiarum
1066 5095 1170 5134 nexum.
1212 5084 1297 5133 Deest
1314 5088 1392 5134 ettam
1411 5090 1438 5135 tu
1455 5095 1612 5148 argumento
1635 5087 1764 5136 Noveitae
1783 5089 1840 5137 iio.
1915 5093 1944 5146 o)
1962 5089 2014 5138 Pro
2032 5081 2140 5155 ὕστερον
2156 5089 2219 5138 Co·-

342 5156 395 5204 dex
412 5155 488 5203 babet
505 5150 606 5220 ὑοτερο.
649 5149 678 5214 d)
700 5151 740 5198 art
758 5153 903 5212 marginem
921 5151 989 5218 περὶ.
1007 5149 1099 5206 ποίους
1109 5149 1203 5208 νόμους
1212 5147 1262 5218 χρὴ
1280 5150 1435 5208 διδάξασθαι
1453 5151 1500 5212 τὰς
1512 5155 1575 5217 (leg.
1594 5150 1666 5214 τοὺς)
1684 5153 1776 5212 έφετάς
1789 5156 1851 5216 (leg.
1862 5153 1979 5216 iniens),-
2015 5153 2141 5218 vinnons
2159 5159 2214 5206 dii-

343 5223 430 5272 dctlts.
448 5221 500 5272 Pro
518 5221 608 5269 verbis
626 5212 691 5286 ὅπερ
704 5213 851 5285 ἀναιρεῖται
865 5218 927 5282 lego
937 5221 1035 5278 μᾶλλον
1059 5215 1180 5286 αἱρεῖται.
1217 5219 1281 5267 Nam
1306 5224 1333 5268 et
1351 5221 1460 5270 verbum
1472 5219 1663 5272 πυνθάνεσθαι
1677 5235 1731 5272 uon
1746 5224 1832 5280 babet,
1857 5236 1907 5285 qno
1920 5224 2064 5283 referatur,
2083 5227 2112 5272 et
2129 5237 2218 5274 voces

342 5284 408 5355 ὅπερ
425 5285 572 5356 ἀναιρεῖται
590 5292 617 5337 et
634 5299 693 5335 cum
710 5285 892 5347 superioribus
910 5291 938 5335 et
953 5287 1023 5336 Nov.
1044 5285 1106 5336 iio.
1130 5298 1188 5347 cap.
1207 5285 1232 5334 1.
1250 5286 1327 5348 piane
1350 5293 1474 5349 prrgnant.
1516 5293 1557 5338 Au
1574 5291 1713 5354 legendnm
1729 5291 1761 5338 ad
1778 5289 1882 5340 Codicis
1906 5293 2009 5340 litteras
2027 5293 2218 5342 accommoda-

344 5359 396 5408 ttns
415 5352 481 5423 ὑπὲρ
498 5353 582 5404 αὑτοῦ
599 5357 633 5409 tb.
652 5365 677 5402 e.
695 5353 728 5402 de
747 5365 780 5400 ea
798 5352 915 5414 ipsane)
933 5352 1066 5422 αἱρεῖται)
1116 5354 1224 5402 Amicus
1246 5356 1349 5418 qnidam
1368 5360 1522 5406 coniecerat
1544 5353 1558 5406 o‘
1576 5354 1697 5421 δικαστὴς
1713 5361 1893 5426 προαιρεῖται,
1920 5359 1969 5408 troc
1992 5363 2042 5414 est,
2058 5361 2215 5408 constitnit.

342 5423 372 5481 8)
390 5421 480 5472 Codex
498 5423 530 5470 ad
548 5429 692 5486 marginem
714 5423 780 5469 baec
797 5421 886 5468 babet:
903 5421 963 5490 περὶ
986 5423 1035 5470 τοῦ
1053 5415 1261 5486 ὑπερτιθεμένου
1278 5419 1469 5478 ἀποτάξασθαι
1484 5426 1543 5478 ταῖς
1565 5422 1750 5486 δικαιολογίαις
1766 5421 1832 5484 μετὰ
1848 5421 1880 5474 τὸ
1897 5426 2030 5494 πληρῶσαι
2048 5420 2095 5474 τὸν
2109 5419 2218 5474 ἀντίδι-

344 5505 389 5538 κον
406 5487 489 5538 αὑτοῦ
507 5490 553 5554 τῆς
570 5486 668 5546 οἰκείας
688 5489 789 5551 (Codex
812 5486 926 5549 οἰκείας).
1009 5486 1039 5548 9)
1055 5488 1107 5536 Pro
1133 5485 1295 5544 ἀποτάεεταν
1320 5495 1359 5538 tn.
1384 5495 1411 5541 ὑ.
1430 5498 1512 5552 porat.
1538 5490 1563 5550 S.
1590 5490 1935 5556 13.11111111111ἀποτάξητττι.
1996 5489 2041 5552 to)
2058 5489 2124 5540 Cori.
2140 5489 2219 5542 ἀπο·

343 5557 487 5612 ταεαοθαι.
564 5557 614 5615 11)
630 5557 683 5606 Ρτο
700 5547 735 5604 ὧν
751 5555 841 5606 Codex
859 5557 937 5606 babet
954 5551 995 5604 διν.
1081 5557 1123 5615 te)
1142 5557 1194 5605 Pro
1211 5552 1278 5615 μετὰ
1294 5559 1333 5606 tit.
1351 5560 1376 5606 θ.
1394 5563 1479 5620 parat.
1497 5558 1522 5614 S.
1541 5559 1583 5606 io.
1601 5559 1788 5610 babentaatol.
1863 5559 1907 5620 ta>
1924 5559 2076 5624 [regendum
2094 5559 2221 5612 raama

344 5621 411 5674 ιιατά
428 5621 477 5688 τὴν
499 5625 549 5673 τοῖν
579 5625 750 5692 πραχθέντων
773 5621 890 5682 δύναμιν.
948 5623 1001 5681 14)
1013 5623 1064 5672 Pro
1081 5622 1172 5680 ι’ἒέστω
1190 5623 1281 5673 Codex
1309 5625 1387 5673 babet
1408 5620 1551 5681 ἐξεταζέτω.
1587 5625 1626 5674 Ad
1642 5631 1786 5689 marginem
1802 5628 1861 5698 περὶ
1887 5629 1935 5676 τοῦ
1949 5630 1984 5694 μὴ
2002 5625 2220 5714 πραετεριτεὺεεν

349 5688 554 5760 *discredendam
563 5689 886 5760 (Οοδθκέξεραδεοττὺειν)
896 5685 957 5746 τοὺς
969 5689 1066 5746 παῖδας
1076 5691 1152 5759 χωρὶς
1166 5691 1269 5751 (Codex
1278 5689 1367 5758 χωρις)
1379 5689 1451 5753 λόγον
1466 5689 1918 5764 ἀχαριστίας(Οοδθκάχαριοτείας).
1941 5693 2219 5764 15)(3οδοιπρρέτας.

342 5709 399 5816 id)
416 5758 511 5821 incipit
530 5759 575 5808 iol.
596 5759 654 5809 tot.
673 5761 707 5808 A.
776 5759 819 5816 17)
836 5758 928 5809 Codex
949 5756 1033 5813 ἰδίαις.
1077 5760 1116 5807 1111
1134 5764 1280 5822 marginem
1303 5759 1488 5827 πραετερίτονις
1505 5756 1521 5824 ἦ
1539 5757 1698 5828 ίξεριδάτονς
1720 5761 1995 5831 napaptdroucffiodex
2017 5759 2220 5828 παραράυᾲῆ

344 5823 471 5895 ἀκλήροσς
487 5824 591 5884 <Codex
607 5822 735 5895 ἄκληρος).
807 5825 852 5890 ts)
869 5825 960 5876 Codex
977 5825 1021 5874 καὶ
1044 5827 1122 5876 babet
1138 5839 1188 5888 pro
1205 5822 1254 5874 aci·
1271 5822 1302 5874 ιε’.
1319 5829 1322 5836 ’
1337 5827 1452 5876 Novella
1470 5827 1530 5876 ilo.
1553 5839 1610 5888 cap.
1630 5831 1656 5876 a.
1675 5825 1722 5878 κάν
1739 5827 1763 5879 εἰ
1779 5829 1816 5878 δι’
1836 5829 1993 5894 οίαιιδῆπιιτε
2010 5835 2062 5878 etc.
2159 5825 2223 5896 ἃ)

343 5894 436 5944 Codex
453 5892 604 5958 λφγονττὺιιν
630 5896 707 5949 baltei
729 5905 780 5956 pro
796 5890 911 5958 ληγάτου
928 5889 954 5958 ἦ.
978 5893 1092 5943 Novella
1110 5894 1169 5944 lta.
1194 5906 1250 5953 ortt.
1268 5895 1294 5941 C.
1314 5889 1332 5958 ’l
1353 5892 1469 5958 ληχάτοτ·
1492 5892 1508 5958 ἢ
1532 5892 1746 5954 ςνδεϊκομμέσοοσ.
1822 5899 1870 5958 20)
1888 5897 1980 5948 Codex
1996 5911 2016 5945 rr
2062 5913 2118 5958 χτντ
2132 5897 2234 5955 him·

343 5973 393 6025 pro
410 5963 556 6030 παρέχοιεν.
596 5961 709 6012 Novella
732 5960 794 6011 lio.
816 5973 873 6023 cap.
896 5964 922 6012 8.
947 5957 1114 6027 παράσχοιεν.
1186 5959 1237 6014 21)
1254 5959 1345 6010 Codex
1361 5959 1463 6030 μοίρον.
1537 5963 1587 6019 22)
1609 5962 1699 6014 Codex
1724 5959 1891 6014 εὑοννόπτοτ.
1967 5959 2016 6023 23)
2059 5967 2129 6018 odax
2143 5960 2224 6034 aa&

344 6029 428 6080 ῑρςῶχ,
462 6027 654 6093 24a)Novelltt
672 6030 735 6082 ito.
754 6031 853 6090 1111118.
876 6023 901 6077 al
916 6027 959 6078 tut
977 6026 1173 6091 ίχκληματικαῖς
1195 6023 1294 6082 αἰτίαις
1313 6024 1399 6077 αὑτῶν
1415 6026 1597 6096 κατηγορήσοι.
1615 6027 1786 6092 9411)(11111111
1800 6031 1884 6101 χώρας.
1920 6033 1984 6095 Cdo)
2003 6029 2224 6088 Gotlmiaeln.
