4748 7074
859 613 1009 684 Nov.
1059 610 1332 684 IUSTIN.
1947 619 2027 688 267

183 828 233 876 ωσι,
250 798 488 884 λαμβάνουσιν,
469 829 547 878 οσον,
569 801 842 886 ειπεριηνόπατηρ
864 805 967 880 αὐτῶν,
989 802 1071 888 ελάμ
1123 809 1181 862 itm
1216 811 1327 876 lidriem
1355 803 1519 880 decipiunt,
1559 812 1695 880 quantam
1733 816 1815 880 pater
1845 828 1961 884 eorum,
2000 815 2028 872 si

182 892 244 968 βακε.
284 892 330 950 καλ
357 895 386 949 σι’
414 889 515 990 ηιλνλλ)
543 893 573 952 ολ
596 887 741 967 περιόντες
769 891 903 992 ἀδελησλ
910 899 959 953 τοῦ
981 895 1070 954 γελιν
1123 895 1310 964 superesset,
1339 893 1515 962 accepisset
1567 894 1631 964 Αο,
1665 893 1808 964 siquidem
1837 899 1944 953 tratres
1971 899 2028 954 de-

183 971 306 1052 ιη’σοντος
327 971 496 1053 ὁμοπάτριοι
521 976 568 1036 καλ
590 969 756 1053 ὁμομήτριοι
776 974 865 1036 αὐτοῦ
886 970 977 1055 ἦσαν,
1005 975 1072 1038 6dl
1123 975 1235 1048 forneti,
1269 975 1318 1048 qni
1346 981 1519 1050 supersunt,
1549 993 1614 1032 enm
1636 977 1701 1049 ipso
1723 993 1761 1034 ex
1782 983 1865 1050 patre
1885 987 1915 1036 et
1936 989 2028 1040 matre

182 1053 336 1136 τελευτήσας
370 1056 440 1131 ἐξ’
427 1055 488 1128 ενός
520 1053 610 1136 μόνου
644 1063 758 1136 γονίως,
796 1065 824 1120 ολ
848 1059 965 1140 ἀδελησλ
992 1055 1073 1140 μόνοι
1124 1059 1273 1116 coniuncti
1296 1067 1391 1132 eraut,
1413 1059 1440 1116 is
1462 1077 1548 1135 vero,
1571 1063 1620 1132 qul
1643 1063 1802 1120 defunctus
1824 1072 1887 1130 est
1910 1081 1947 1122 ex
1969 1083 2027 1124 uno

181 1145 385 1221 κληρονομοῦσι,
411 1165 468 1204 των
486 1139 703 1246 ἀδνληοπαίδονν
721 1141 951 1242 ἀποκλειομένων.
1000 1149 1028 1206 ιλ
1045 1145 1073 1204 δὲ
1123 1149 1245 1216 parente
1281 1145 1360 1206 solo
1400 1145 1522 1202 fratrum
1557 1147 1626 1202 tiliis
1656 1149 1802 1220 exclusis,
1836 1150 1942 1206 fratres
1972 1151 2028 1207 soli

182 1223 365 1287 ιοόναντίον’
351 1249 366 1286 ο
388 1227 438 1326 μὲγ
458 1223 663 1304 πελεντησας’
649 1222 831 1328 ομονιάτριος
843 1232 890 1289 καὶ
905 1227 1078 1335 όμρμὴιριοη
1125 1227 1268 1284 haeredes
1297 1231 1378 1286 flunt.
1428 1230 1460 1284 Si
1488 1244 1558 1285 vero
1587 1246 1625 1286 ex
1651 1234 1795 1288 contrario
1826 1233 1867 1304 is,
1900 1235 1950 1304 qui
1972 1235 2028 1291 de-

183 1305 224 1388 ίην,
252 1317 279 1371 ol
298 1309 328 1370 bl
355 1305 498 1389 περιόντες
525 1307 642 1387 ἀδελφοὶ
664 1309 725 1382 ίξ’
713 1306 774 1384 ενὸς
793 1307 882 1390 μόνον
904 1320 1019 1416 γονέως,
1049 1319 1078 1374 οἱ
1126 1315 1245 1368 functus
1274 1317 1335 1384 est,
1369 1327 1407 1368 ex
1436 1318 1518 1384 patre
1555 1320 1583 1372 et
1613 1322 1703 1372 matra
1731 1323 1875 1390 cognatus
1904 1319 1975 1392 fuit,
2006 1320 2028 1376 ii

184 1391 377 1473 άδιληόπαιδες
403 1397 621 1474 κληρονομοῦσι,
656 1400 713 1454 τῶν
739 1393 869 1475 ἀδελφῶν
895 1395 1075 1500 άποκλιιομέ-
1126 1402 1241 1468 autem,
1271 1397 1321 1467 qui
1343 1407 1519 1470 supersunt,
1548 1399 1653 1458 fratres
1676 1417 1714 1458 ex
1735 1418 1792 1458 uuo
1814 1407 1933 1473 parente
1955 1405 2028 1480 solo,

183 1503 241 1552 νων,
265 1474 317 1539 κάν
339 1484 367 1539 οι
391 1483 441 1557 μέν
467 1485 519 1540 ιλσι
547 1475 585 1560 γ’.
606 1481 742 1558 βαθμοῦ,
772 1481 850 1541 ον’δδ
870 1477 911 1560 β’·
943 1478 1025 1627 μόνοι
1047 1482 1076 1580 ηλλ
1126 1440 1249 1536 tratrur6
1277 1482 1330 1537 tilii
1359 1481 1414 1536 soli
1445 1482 1587 1544 haeredes
1616 1487 1705 1556 flunt,
1728 1487 1866 1544 tratribus
1888 1487 2029 1560 exclusis,

181 1569 232 1625 mir
260 1568 289 1624 ἐκ
306 1565 444 1665 πλαγιογ
478 1558 700 1666 ἀδεληόπηηιδες
719 1561 920 1664 ἀναβαίνουσιν
952 1572 991 1638 ελς
1024 1559 1076 1646 τὴν
1127 1565 1183 1622 etsi
1212 1566 1242 1622 bi
1271 1565 1386 1636 quidem
1416 1567 1494 1622 tertii
1524 1569 1636 1666 gradus
1665 1577 1749 1633 sunt
1783 1571 1828 1626 illi
1856 1577 1953 1626 autem
1974 1588 2029 1628 se·

181 1643 250 1720 τόξα
268 1652 319 1708 τοῦ
341 1643 451 1726 πατρὸς
472 1645 574 1709 αὐτῶν.
602 1641 650 1707 ἐάν
671 1642 724 1724 γάρ
746 1641 799 1708 ἀοι
820 1663 907 1729 γονεις
928 1653 975 1712 καλ
996 1648 1075 1710 ἀδελ-
1127 1649 1225 1706 cundi.
1273 1651 1320 1706 Ex
1342 1649 1530 1724 bisantem,
1566 1654 1616 1724 qni
1639 1669 1675 1708 ex
1697 1655 1788 1709 latere
1809 1656 1927 1730 cognati
1949 1661 2030 1738 sunt,

181 1735 222 1832 ηηλ
247 1734 297 1792 τοῦ
324 1727 558 1832 τελειγτησαντος,
594 1729 789 1794 ἀποκλείονται
815 1739 844 1794 ολ
869 1729 1075 1836 ἀδεληόπαιδες
1126 1734 1181 1791 soli
1214 1735 1337 1790 fratrum
1372 1733 1425 1790 illli
1460 1735 1490 1790 iu
1526 1739 1617 1806 patris
1651 1739 1699 1794 sui
1732 1739 1824 1794 lucum
1858 1741 2030 1798 succedunt.

181 1814 275 1876 αι’νιοιλ·
279 1812 355 1944 ..μὴ
383 1813 512 1878 ἀνιόντων
533 1817 562 1876 δὲ
580 1819 722 1959 γονε’,ων
732 1818 760 1876 ολ
784 1814 990 1918 ἀδελφόπαιδες
1011 1821 1073 1898 κλη-
1125 1819 1201 1876 Naro
1230 1820 1255 1872 ai
1284 1824 1422 1890 parentes
1451 1825 1480 1874 et
1502 1821 1608 1876 fratres
1631 1821 1768 1878 defuneto
1791 1825 1867 1896 sint,
1889 1825 1941 1880 lilii
1964 1826 2031 1881 fra-

1063 1907 1200 1959 trum
1225 1902 1290 1958 elus
1308 1901 1521 1975 excluduntur;
1543 1905 1656 1960 sivero
1677 1913 1813 1977 parentes
1832 1924 1886 1963 nou
1904 1909 2029 1983 subsint,

1063 1988 1178 2045 -dlii
1211 1989 1334 2042 fratrum
1364 2004 1429 2043 cum
1458 1988 1590 2044 defuncti
1616 1992 1755 2048 fratribus
1783 1991 1924 2048 lineredes
1946 1995 2031 2066 frunt,

179 2065 310 2148 ιη’σαντος
328 2070 376 2129 καλ
397 2073 426 2130 ον’
444 2063 709 2148 6622666697'.
731 2069 905 2151 66666635)
928 2075 1004 2135 serait
1124 2073 1166 2128 ita
1187 2075 1219 2126 ut
1241 2075 1353 2142 patruis
1376 2073 1440 2128 suis
1461 2075 1680 2146 praeferantur,
1702 2077 1757 2132 etsi
1780 2078 1875 2148 patrui
1897 2077 2029 2134 defuncti

1125 2161 1155 2214 et
1177 2157 1299 2213 fratrum
1320 2157 1373 2214 tilii
1395 2157 1474 2213 tertii
1495 2159 1607 2234 gradus
1628 2159 1696 2215 sint.

1059 2377 1145 2433 VIII.

684 2522 811 2600 Codex
840 2523 1398 2622 60616633996563166.
1427 2523 1520 2600 129.

254 2667 333 2762 ρνε’.
377 2672 483 2738 Πεοι
511 2699 581 2740 τον
607 2673 823 2742 δυνασθαι
859 2697 957 2750 τους
985 2681 1075 2740 παι
1212 2681 1285 2736 165.
1326 2672 1383 2740 De
1404 2675 1478 2763 Ιιοο
1500 2674 1655 2742 αλλιδονι
1674 2678 1837 2744 αδοονιιικ
1855 2681 2027 2765 potentes,
2048 2703 2180 2752 6616,

176 2761 243 2834 δας
286 2754 392 2823 κατόν
432 2759 506 2822 τῶν
547 2760 899 2862 ἐπιτροπευόντων
944 2756 1076 2824 αὐτῶν
1127 2759 1202 2844 ηιιιΙ
1213 2777 1328 2822 οονιινι
1354 2723 1489 2824 ίαλοίιιόι
1515 2762 1769 2849 adamitae-ant,
1805 2765 1841 2828 ιἰι
1869 2767 2032 2849 ιἰιίεηικινιι

175 2865 322 2925 γουεων
349 2840 747 2911 ἀποκαθίστασθαι.
801 2842 976 2932 εγΙκετνρίαν
1003 2839 1075 2908 ἀνι·
1126 2844 1259 2908 restitui
1276 2846 1414 2928 γνοκκὶιιί.
1458 2851 1588 2908 Manum
1614 2810 1779 2926 ιαμμλλονόι
1806 2855 1933 2912 Mariba
1962 2870 2032 2916 πιο-

174 2949 252 2991 τεινε
273 2927 410 3012 Μάρθα
431 2951 477 3008 την
498 2925 636 3012 η’μιτίρηι
655 2923 775 3014 κράτει.
1127 2933 1225 2990 testati
1246 2941 1367 2990 austrae
1386 2937 1537 3008 perrecit.

254 3027 321 3092 Ἐόιν
337 3026 408 3132 γυνη
429 3037 485 3092 τῶν
513 3035 616 3134 ἐαυηῆς
635 3027 859 3112 ἐπιτροπεύοντα
879 3035 988 3093 παίδων
1008 3053 1078 3111 προ·
1214 3033 1246 3088 Si
1268 3035 1388 3108 mulier,
1416 3052 1492 3106 quae
1511 3036 1667 3092 liberorum
1690 3052 1807 3094 suorum
1831 3040 1950 3096 tutelam
1972 3054 2032 3112 ge-

172 3111 299 3217 βάληται
314 3121 365 3196 της
386 3119 516 3194 δευτέρας
537 3116 632 3178 αὐτῶν
654 3115 760 3218 η’λοιίας
781 3111 934 3218 κηδεμόνα,
956 3117 1003 3178 καλ
1024 3139 1078 3177 πα·
1128 3117 1181 3190 rit,
1209 3119 1357 3174 secuntiae
1379 3136 1477 3176 eorum
1501 3121 1609 3178 aetatis
1637 3129 1799 3177 curatorem
1822 3124 2033 3197 designaverit,

173 3194 337 3302 ρασκιυάηη
366 3195 438 3278 πρὸς
466 3196 555 3280 αὐτὴν
582 3197 778 3264 διαλύσασθαι
806 3203 870 3278 περλ
891 3206 948 3262 τάν
969 3207 1078 3302 ε’πιτρο·
1129 3218 1165 3257 ιιο
1186 3203 1300 3276 iecerit,
1322 3209 1355 3259 ut
1376 3221 1474 3261 secum
1497 3207 1533 3260 dc
1552 3207 1714 3262 rationibus
1737 3207 1910 3263 tutelaribus
1932 3215 2032 3262 trans-

171 3289 263 3346 πικῶν
281 3279 379 3364 λόγων,
401 3279 475 3345 οότω
494 3284 674 3366 τὲδευτίροις
689 3280 1078 3366 προσομιλήσαιλθῃάμοις,
1129 3285 1261 3342 actiones
1282 3244 1368 3362 δοιά,
1390 3294 1419 3344 et
1441 3291 1486 3345 sie
1508 3291 1544 3346 ad
1566 3291 1712 3346 secundas
1734 3293 1851 3362 nuptias
1873 3292 2033 3364 transierit,

171 3366 307 3429 δόναιται
334 3373 366 3471 oi¹
387 3371 498 3442 τιαῑδις,
531 3367 615 3470 μήπω
642 3377 692 3448 τῆς
726 3374 843 3449 νομίμης
870 3368 977 3472 ηλικίας
988 3391 1077 3470 γενο·
1128 3372 1229 3444 liberi,
1271 3373 1320 3443 qui
1356 3329 1481 3430 6ondum
1520 3375 1681 3448 legitimam
1708 3379 1833 3432 aetatem
1861 3378 1936 3450 attig
1933 3382 2034 3446 er,unt

169 3459 266 3534 μένοι,
300 3450 366 3547 καη’
405 3451 493 3532 αὐτῆς
521 3453 792 3516 ἀποκαθίστασθαι.
855 3449 888 3515 τό
924 3449 996 3515 αότό
1032 3455 1080 3514 καὶ
1130 3456 1274 3510 adversus
1303 3472 1365 3512 earn
1392 3459 1423 3514 in
1451 3459 1598 3532 integrum
1627 3460 1742 3514 restitui
1769 3466 1901 3531 possunt.
1952 3461 2034 3516 Idem

169 3541 219 3600 ἐπὶ
248 3531 405 3639 πατρώιον
432 3535 672 3614 ἐπιτροπευόντων
698 3546 754 3639 τολγ
776 3538 851 3600 ίδίων
872 3535 1078 3618 ἀπολευθίρων.
1130 3545 1160 3595 et
1181 3540 1211 3595 ln
1233 3542 1364 3611 patronis
1386 3543 1515 3616 obtioet,
1551 3544 1601 3612 qui
1623 3544 1789 3600 libertorum
1811 3559 1928 3600 suorum
1951 3551 2034 3600 tute-

166 3617 228 3722 χρὴ
257 3616 457 3700 φνλάττεσθαι
490 3634 549 3693 τοῖς
577 3629 686 3726 γονεῦσι
713 3617 764 3699 τὴν
791 3621 971 3726 ὀφειλομένην
1001 3619 1081 3700 παρὰ
1130 3625 1187 3680 lam
1215 3631 1330 3698 gerunt.
1381 3626 1501 3697 Oportet
1529 3627 1642 3682 servari
1669 3629 1838 3699 parentibus
1866 3630 1993 3684 debitam
2015 3645 2034 3683 a

166 3712 232 3768 τῶν
261 3708 370 3766 παίδων
397 3709 467 3800 αλδηλ
489 3709 586 3767 τεκαὶ
615 3711 787 3786 θεραπείαν,
821 3711 850 3766 ἐν
877 3698 901 3783 ᾧ
928 3701 967 3787 μὴ
988 3703 1080 3807 βλάβη
1130 3709 1231 3764 liberis
1253 3711 1448 3766 reverentiam
1470 3712 1674 3785 officiumque,
1701 3713 1852 3770 dummodo
1878 3731 1916 3769 oc
1933 3713 2035 3769 liberis

167 3788 249 3870 παρ’
274 3787 367 3889 αόιῶγ
387 3787 462 3852 κατά
484 3791 540 3850 τῶν
562 3794 670 3852 παίδων
692 3797 823 3892 γίνεται
852 3797 908 3852 τῶν
929 3791 959 3852 δὲ
980 3796 1010 3852 ἐκ
1030 3795 1080 3852 τοῦ
1131 3793 1266 3850 damnum
1295 3795 1331 3850 ab
1360 3795 1406 3850 liis
1433 3796 1556 3854 inlatum
1584 3797 1632 3852 sit
1687 3797 1811 3854 Liberos
1838 3802 1950 3869 autem,
1985 3798 2036 3870 qui

165 3897 317 3956 προτερον
331 3897 420 3952 γαμου
441 3877 549 3936 παίδων
569 3880 704 3956 περιορᾶν
726 3899 790 3937 αντε
805 3898 892 3948 οσιον
914 3897 979 3936 oute
992 3897 1080 3978 προσ
1132 3893 1170 3933 ex
1197 3877 1288 3950 priori
1316 3880 1500 3937 matrimonio
1530 3881 1592 3936 nati
1621 3885 1705 3954 sunt,
1732 3881 1888 3956 negligere
1910 3897 1965 3938 nec
1987 3881 2034 3936 fbs

164 3967 259 4040 ἧκον,
302 3955 339 4018 τόι
368 3963 397 4018 εκ
418 3954 554 4060 πατρῴας
575 3963 740 4038 περιουσίας
761 3966 799 4034 είς
821 3954 925 4046 αὐτοὺς
946 3956 1082 4040 ἐρχόμενα
1132 3965 1194 4035 est,
1229 3977 1285 4018 neo
1314 3963 1451 4037 (pietati)
1481 3963 1636 4035 convenit,
1671 3981 1725 4040 ea,
1758 3981 1833 4037 qnae
1855 3971 2036 4038 expleterus

163 4041 228 4114 τὰς
256 4045 380 4122 μητέρας
401 4039 545 4104 δόνασθοιι
561 4047 727 4125 κερδαίνειν,
756 4040 773 4124 6
801 4050 857 4106 τῶν
878 4041 1051 4124 δεννέρων’
1034 4067 1081 4106 αν·
1132 4047 1299 4102 substantia
1332 4047 1406 4102 ad
1398 4063 1479 4120 ipsos
1507 4051 1696 4122 perveniant,
1727 4065 1745 4104 a
1770 4051 1913 4108 matribus
1940 4050 2036 4108 lueri-

163 4132 252 4225 δρῶγ
288 4123 304 4206 6
339 4149 395 4187 των
431 4127 458 4200 ἔξ
491 4126 585 4188 αὐτῶν
617 4133 773 4208 τεχθίνιων
806 4133 898 4188 ταῦτα
924 4135 1084 4190 ποιεισθαι.
1132 4131 1196 4187 ileri
1217 4147 1320 4202 posse,
1350 4138 1401 4188 aut
1423 4133 1461 4188 ad
1482 4134 1627 4190 secundos
1656 4135 1736 4190 viros
1757 4134 1896 4208 veihos,
1925 4136 2035 4206 quiex

160 4207 250 4276 κατά
281 4214 396 4292 μίμησιν
422 4211 451 4271 δὲ
483 4217 539 4272 τῶν
569 4205 661 4274 ἀλλων
690 4209 849 4294 ἐπιτρόπων
875 4217 904 4272 ἐν
930 4218 971 4288 τῷ
992 4215 1081 4290 καιρῷ
1132 4214 1180 4270 bis
1208 4217 1270 4270 nati
1306 4219 1390 4288 sunt,
1432 4217 1595 4272 transferri.
1648 4218 1699 4276 Ad
1734 4218 1826 4274 instar
1860 4219 2037 4290 reliquorum

158 4304 225 4377 τῆς
247 4297 375 4376 προβοΥ
349 4320 390 4376 ,ης
417 4292 599 4394 ἀναγκάζεται
626 4301 856 4368 κατατίθεσθαι,
889 4291 928 4376 μὴ
950 4301 997 4358 ιάν
1019 4295 1081 4357 ἀδε-
1132 4305 1259 4356 tutorum
1282 4305 1427 4372 tempore,
1454 4317 1510 4374 qno
1532 4302 1719 4375 designatur,
1743 4302 1888 4374 deponere
1910 4306 2037 4378 cogitur,

159 4341 343 4461 αενδεότους
380 4377 446 4451 ιοός
474 4384 594 4488 παηδας,
621 4389 668 4441 και·
695 4395 752 4455 τοῖς
774 4383 962 4458 εἰιιτροπικοῖς
982 4384 1081 4460 ἐνδίγε-
1133 4399 1166 4438 se
1187 4383 1296 4440 liberos
1317 4385 1489 4440 indefensos
1512 4402 1568 4442 non
1590 4401 1657 4442 esse
1678 4387 1860 4461 relicturam,
1889 4393 1917 4444 et
1942 4389 2038 4444 ratio-

157 4465 279 4542 1063‘1')
301 4465 351 4524 λο
336 4477 456 4544 μσμοις·
477 4467 524 4525 καλ
541 4489 618 4546 ειπερ
641 4464 734 4547 ἕτερον
750 4468 904 4572 βοιληθείη
923 4477 981 4538 τοῖς
1000 4467 1083 4568 γιαισλ
1132 4467 1220 4524 nibus
1251 4465 1311 4541 (λ)
1339 4470 1512 4526 tutelaribus
1541 4472 1667 4527 obnoxia
1700 4478 1761 4542 σοῖς
1803 4487 1839 4528 ae
1867 4473 1893 4527 si
1922 4472 2038 4542 quidem

156 4509 396 4647 προβάλλεόθαι
417 4545 570 4652 κηδεμόνα,
602 4553 691 4626 ολκείην
713 4547 828 4628 κινδύνῳ
848 4552 895 4611 κοιλ
916 4555 972 4612 τῶν
992 4547 1081 4632 ὑπαρ-
1133 4551 1223 4608 alium
1246 4552 1346 4608 liberis
1368 4559 1493 4610 tutorem
1515 4554 1751 4630 (curatoremve)
1777 4556 1934 4630 designare
1956 4555 2038 4628 velit,

154 4633 284 4717 χόντων
304 4629 376 4714 αὕτη
397 4640 482 4696 τοῦτο
502 4631 635 4716 πράττειν
656 4631 845 4718 ἀναγκάζεται.
1134 4637 1191 4694 boo
1213 4652 1268 4694 suo
1289 4638 1420 4709 periculo
1443 4639 1686 4716 substantiaeque
1707 4657 1781 4704 sude
1802 4643 1901 4698 faeere
1919 4641 2038 4716 cogitur

1080 4857 1134 4913 IX.

1038 5001 1184 5076 Ibidem.

261 5147 543 5252 67211616
529 5180 547 5220 ο
574 5153 626 5254 μὴ
658 5149 855 5222 ἀδιτεόων
887 5157 960 5232 κλη
942 5148 1082 5257 ηροιό-
1220 5158 1292 5216 159.
1344 5153 1486 5256 Quando
1522 5157 1660 5240 luteres,
1711 5156 1769 5239 qttt'
1798 5115 2046 5222 liueretIffafem
2055 5185 2115 5229 ιον.
2133 5183 2186 5228 rsa.

152 5263 249 5324 μσς
281 5263 325 5304 το
353 5239 587 5318 δι’γκαιον
542 5241 611 5318 τῆς
633 5233 903 5318 ἀδιτιὸνουλθ)
925 5239 993 5302 καὶ
1015 5233 1083 5300 66-
1134 5255 1201 5302 aton
1229 5239 1315 5323 indit,
1358 5243 1411 5304 itte
1438 5242 1595 5306 arditionis
1625 5239 1671 5303 ad
1698 5257 1776 5303 ενοι
1804 5257 1931 5326 quoque
1953 5240 2040 5306 flae-

154 5346 304 5392 satae
336 5333 423 5398 τοῖς
456 5325 584 5399 λδιόις
626 5327 910 5420 παραπέμπειν
944 5317 1083 5384 διαδό-
1134 5321 1233 5386 tedes
1255 5327 1480 5390 transmittere
1504 5325 1618 5407 possit.
1663 5330 1771 5389 Preces
1791 5331 1875 5387 nobile
1896 5324 2093 5390 recitatae

151 5432 280 5489 χοις.
324 5409 440 5484 Λιησις
467 5405 542 5488 ἡμιν
569 5405 764 5490 ἀνεγνώσθη
797 5405 900 5485 Θέκλη
883 5431 916 5485 ης
945 5406 1000 5484 τῆς
1028 5407 1084 5470 καὶ
1134 5425 1204 5470 aunt
1228 5413 1372 5492 Tbeeloe,
1406 5427 1484 5487 ηιιοο
1505 5418 1533 5470 et
1554 5413 1673 5471 Marino
1694 5415 1813 5474 dicitur.

153 5491 310 5559 Μάνου.

153 5687 544 5704 W

332 5811 379 5870 84]
402 5813 455 5861 Pro
482 5810 507 5861 ai
525 5811 571 5872 μλν
594 5811 735 5874 legendum
759 5808 784 5860 ω’
804 5813 858 5872 μίν.
977 5813 1023 5870 85)
1048 5811 1136 5864 Codex
1159 5815 1235 5878 βπθμ
1237 5829 1277 5864 ον.
1396 5814 1442 5872 36]
1461 5811 1549 5864 Codex
1569 5815 1768 5884 προσομιλῆσαι.
1885 5817 1932 5877 37)
1949 5820 1982 5868 V.
2001 5819 2041 5868 Cl-

152 5883 302 5934 Pomultz
322 5887 395 5930 recte
413 5881 506 5930 scribit
523 5879 635 5942 ι’νλγεναι
746 5881 792 5938 38)
810 5879 900 5930 Codex
918 5876 1056 5937 ἀδιιιόνος.

1689 5979 1772 6050 ³4*
