4824 7048
834 405 1434 527 'nnonnoumnnn
2005 465 2085 540 pm

210 646 243 708 te
262 640 321 708 lati
342 640 521 726 decedunt,
548 646 584 710 et
605 658 738 729 quorum
758 659 823 709 non
845 641 1010 710 invenitur
1030 642 1160 732 proies,
1190 661 1233 712 ne
1255 642 1340 712 forte
1362 643 1511 730 cognatis
1532 663 1644 714 eorum
1665 666 1709 718 ex
1730 650 1806 740 lege
1827 652 1957 720 vocatis
1979 655 2083 722 omnis

207 741 352 812 trudatur
375 743 558 828 hereditas,
591 762 678 811 neve
685 793 695 828 ,
717 745 748 810 si
778 745 811 811 bi
833 763 898 810 nou
921 749 1071 831 exstent,
1092 742 1173 809 fisco
1194 751 1428 828 accenseatur,
1450 745 1569 813 sedni
1591 745 1674 816 duae
1696 760 1808 838 partes
1829 753 1871 820 iis
1893 754 2085 845 tribuantur,

208 845 304 914 tertia
332 865 412 912 vero
440 846 514 913 ibeo
542 850 762 912 consecretur.
814 845 899 912 item
927 845 1066 911 omnium
1096 863 1267 912 servorum
1296 845 1479 913 libertatern
1501 847 1691 940 imperavit,
1718 853 1824 940 pretio
1847 870 1956 922 eorum
1977 875 2084 946 ecquo

204 945 331 1014 ratione
361 947 393 1012 ei
420 948 505 1034 purii
527 946 805 1036 connumerando,
833 967 927 1034 quam
950 945 1041 1034 lieo,
1063 944 1246 1042 diuitiarum
1268 947 1423 1033 largitori,
1446 949 1700 1034 assignavimus.
1744 950 1806 1020 Sin
1827 974 1907 1022 vero
1929 957 2082 1026 maiorem

203 1053 330 1132 partem
351 1048 555 1138 hereditatis,
575 1049 632 1114 vei
654 1049 751 1116 etiam
773 1049 933 1134 integram
955 1046 1065 1112 servis
1087 1055 1239 1113 constare
1262 1048 1449 1134 contingat,
1471 1069 1492 1117 a
1513 1051 1684 1117 servitutis
1705 1052 1781 1140 iugo
1802 1073 1916 1120 omnes
1934 1056 2083 1126 liberen-

202 1151 264 1212 tur.
316 1149 389 1215 Hos
419 1150 506 1216 enim
535 1149 634 1214 etiam
663 1148 866 1216 morientium
893 1147 1037 1216 nonnulli
1072 1147 1223 1214 libertate
1252 1147 1392 1238 donant,
1429 1167 1536 1238 neque
1562 1150 1637 1220 ideo
1659 1152 1808 1240 exiguam
1834 1159 2082 1228 successoribus

199 1247 385 1336 relinquunt
409 1249 660 1316 hereditatem.“

297 1435 302 1444 ¹
352 1351 475 1418 Habuit
501 1352 586 1418 banc
614 1351 880 1418 constitutionem
907 1349 1076 1416 Antonius
1105 1347 1328 1444 01111144),
1355 1351 1391 1419 11
1411 1351 1577 1419 codicibus
1598 1353 1759 1422 Vaticano
1781 1349 1867 1446 (No.
1890 1353 1983 1425 Sus.
2004 1381 2080 1450 pag.

198 1445 317 1542 404.)
340 1459 375 1519 et
396 1453 615 1520 Laurentiano
638 1448 747 1544 (riui.
770 1452 905 1520 LXXX.
929 1451 1000 1520 cod.
1024 1446 1083 1543 Θ.)
1106 1469 1178 1518 eam
1203 1449 1328 1541 latere,
1355 1452 1583 1522 indicaverunt
1603 1454 1897 1540 Assemonomii)
1926 1465 1960 1528 ct
1981 1460 2079 1532 nan-

196 1551 382 1634 drisimir).
2082 1589 2086 1598 ·

356 1650 405 1746 2)
432 1656 577 1722 Novella
606 1653 753 1722 Romani
773 1661 894 1736 (utrum
921 1651 1097 1740 Lecupem
1118 1673 1162 1720 an
1182 1651 1479 1744 Pmpipropeniie
1500 1677 1566 1726 non
1588 1657 1705 1746 liquet)
1747 1657 1802 1727 De
1824 1680 1951 1748 poenae
1971 1665 2079 1754 stipu-

194 1751 450 1842 lationibus⁴⁷)‚
473 1776 567 1843 quarn
588 1763 721 1844 praeter
742 1753 1006 1834 Bondiniimi⁴⁸)
1027 1773 1121 1820 nemo
1143 1755 1416 1823 animadvertisse
1437 1757 1577 1825 videtur.

348 1851 395 1948 3]
417 1859 560 1926 Novella
587 1857 753 1924 loicaneria
779 1853 953 1922 Tsiuriscc's
974 1855 1017 1922 de
1039 1856 1254 1942 vectigalibus
1276 1857 1516 1942 mancipiorum.
1553 1859 1656 1926 Cuius
1676 1861 1841 1930 Novellae
1868 1859 2078 1958 Teimirceor,

194 1973 261 2021 non
287 1954 507 2050 Conspectum,
530 1961 581 2026 cui
601 1957 662 2024 Du
688 1957 894 2044 eunoicus)
917 1975 989 2022 eam
1011 1958 1137 2038 tribuit,
1160 1965 1324 2024 auctorem
1345 1977 1441 2038 esse,
1472 1968 1604 2046 praeter
1624 1963 1782 2030 rationem
1811 1967 1985 2054 temporis,
2013 1989 2076 2054 qun

192 2057 362 2142 appendix
384 2057 588 2147 Synopseos,
612 2061 738 2147 qualem
758 2061 791 2124 iu
813 2059 905 2124 liuius
927 2057 1049 2124 ordinis
1071 2057 1236 2124 codicibus
1257 2077 1340 2144 prae
1360 2079 1398 2124 se
1421 2060 1494 2142 lert,
1517 2063 1649 2128 formum
1670 2065 1866 2154 accepit⁵⁰)‚
1886 2078 2075 2152 argumento

193 2164 251 2224 est
271 2159 370 2240 πίναξ
389 2161 510 2228 codicis
531 2161 744 2229 Laurentiani
765 2160 852 2225 Plui.
875 2157 934 2224 IV.
957 2159 1027 2226 cod.
1054 2157 1136 2250 iit,
1157 2165 1301 2226 nostram
1323 2161 1600 2244 constitutionem,
1624 2164 1656 2229 in
1679 2165 1751 2251 ipso
1774 2166 1874 2242 libro,
1895 2170 1955 2234 sub
1978 2170 2074 2236 linem

190 2261 322 2342 mutilo,
353 2260 590 2344 desideratam,
612 2263 665 2329 iris
685 2261 795 2329 verbis
816 2261 1013 2339 innuensfl)
1034 2306 1175 2326 .....
1199 2261 1259 2324 τοῦ
1280 2261 1455 2342 τζομισχσῡ
1479 2267 1548 2350 περὶ
1570 2266 1629 2330 τοῦ
1650 2272 1847 2352 κσμμερκίσα
1867 2270 1933 2334 τῶν
1954 2268 2073 2336 ἁλωσί-

192 2385 266 2444 μων
287 2368 470 2450 coloprino.
486 2402 527 2414 -
571 2363 712 2430 Praeter
732 2359 793 2426 Du
817 2360 982 2447 Conplura
1003 2365 1162 2427 neminem
1184 2361 1247 2427 bae
1267 2360 1415 2428 Novella
1437 2383 1529 2430 usum
1551 2383 1629 2431 esse
1651 2366 1749 2432 video
1762 2371 1823 2448 δ’).

341 2459 391 2554 4)
413 2465 680 2553 supplementum
700 2463 863 2529 Novellae
885 2462 1006 2528 liosiiii
1027 2463 1270 2548 Buipuroctoru‘
1291 2461 1333 2527 de
1355 2481 1439 2528 anno
1463 2460 1566 2552 996,
1587 2465 1677 2532 cuius
1693 2469 1801 2553 priora
1823 2471 1931 2556 capita
1952 2469 2075 2539 Βασα-

188 2564 323 2632 moins
345 2565 409 2632 ium
430 2565 472 2634 ad
494 2565 616 2632 calcem
629 2561 900 2650 synopseos),
922 2564 1048 2652 plonius
1070 2571 1176 2630 autem
1198 2563 1231 2627 in
1246 2561 1323 2630 lure
1340 2560 1470 2630 Graeco
1483 2563 1691 2648 Romanoll)
1713 2569 1933 2652 ediderat⁵⁵i.
1952 2573 2074 2640 llabuit

187 2665 254 2734 hoc
276 2667 419 2733 ultimum
441 2665 682 2734 constitutionis
703 2671 800 2754 caput
823 2661 1053 2752 0111σὶ11511),
1076 2684 1170 2752 quem
1190 2665 1297 2732 minus
1320 2669 1412 2746 recte
1432 2666 1512 2732 solis
1545 2667 1618 2734 rimi
1639 2669 1760 2736 ordinis
1786 2671 1951 2739 codicibus
1981 2693 2073 2742 usum

187 2785 272 2835 esse
294 2765 510 2849 dixeraml'lJ.

343 3022 392 3084 st)
409 3023 449 3074 sd
467 3023 701 3088 Ησσνανπομαὶνοι
717 3023 737 3074 1.
756 3035 780 3074 c.
797 3035 833 3074 ex
850 3023 913 3076 edit.
932 3023 1042 3078 11νί1111.
1079 3023 1125 3084 lb)
1142 3025 1310 3076 bibliothece
1329 3025 1399 3076 luris
1417 3023 1558 3076 orientalis
1574 3027 1698 3076 canonici
1715 3031 1744 3078 et
1760 3028 1849 3080 civilis
1865 3019 1976 3096 Romae,
1993 3033 2070 3086 1782.

183 3107 214 3160 4.
234 3106 416 3158 11271111.
437 3109 478 3158 iit.
530 3107 578 3168 lii)
595 3107 742 3171 catalogus
759 3106 961 3168 coridonem.
978 3107 1042 3158 bibi.
1061 3110 1325 3162 mediceo-Laurens
1342 3109 1389 3160 lii.
1409 3109 1468 3160 187.
1502 3107 1784 3168 succumbamus
1808 3112 1848 3164 At
1862 3110 1964 3166 Ῥοπαὶ
1981 3131 2006 3180 p.
2025 3119 2068 3169 88.

182 3197 244 3242 not.
264 3193 289 3244 ii.
358 3193 408 3250 18)
424 3191 443 3242 1
462 3205 486 3242 c.
505 3192 646 3246 11111111.
714 3191 760 3248 ie)
786 3191 816 3242 ln
832 3193 923 3244 lodice
940 3199 1080 3244 oiictorunr
1098 3205 1260 3256 graecorum
1277 3194 1439 3244 ineditorum
1456 3195 1485 3242 in
1502 3194 1578 3242 calce
1597 3193 1730 3244 Glossarii
1748 3196 1781 3245 ad
1798 3201 1946 3262 scriptores
1964 3199 2070 3251 mediae

181 3281 215 3327 ct
232 3275 341 3327 inilnrae
362 3279 523 3340 graecitatis
539 3291 565 3338 p.
584 3277 642 3324 281
664 3274 797 3335 „loconis
815 3275 947 3328 Comanis·
973 3277 1037 3341 lurp.
1056 3279 1169 3328 Novella
1185 3276 1246 3346 napi
1263 3277 1397 3347 κσμερνὶσσ
1413 3278 1464 3326 coia
1481 3272 1615 3337 ἁλωσίμων
1632 3278 1780 3348 popuplus,
1798 3295 1847 3330 seu
1865 3283 1898 3333 de
1916 3285 2068 3348 mancipiis,

181 3372 220 3410 ex
248 3361 310 3411 cori.
337 3363 405 3424 lieg.
428 3359 529 3410 tow
562 3359 684 3409 scbcdae
701 3359 763 3408 viri
781 3357 853 3412 clar.
879 3361 1035 3414 saciacus
1054 3361 1122 3412 duos
1145 3361 1265 3412 indicant
1282 3360 1451 3427 parisienses
1468 3361 1588 3426 codices,
1605 3363 1746 3416 Nouellum
1763 3373 1884 3416 nostram
1901 3369 2067 3432 exhibentes,

180 3448 307 3498 nnmems
325 3445 399 3495 itini.
417 3447 445 3494 et
461 3442 537 3496 wod.
556 3445 708 3508 insignitos.
725 3443 792 3494 Uter
809 3455 874 3500 vero
892 3457 986 3498 eorum
1003 3446 1090 3498 codici
1107 3445 1288 3509 Dncnngisno
1306 3448 1458 3512 conveniat,
1476 3448 1578 3494 nescio.
1629 3446 1674 3506 bii)
1692 3449 1849 3498 zachariae
1866 3452 1935 3502 iiist.
1953 3453 2006 3501 iur.
2024 3464 2069 3516 gr.

179 3541 257 3581 nom.
281 3544 308 3594 p.
333 3529 443 3578 81111.
466 3529 492 3578 b.
561 3528 607 3587 bi)
630 3527 672 3579 iii.
694 3527 853 3578 Zeitscbriil
875 3526 921 3582 nir
941 3532 1034 3593 gescb.
1050 3531 1146 3582 11.-11.
1164 3543 1191 3593 p.
1210 3528 1269 3580 171.
1336 3530 1383 3588 12]
1401 3528 1443 3578 Gi.
1461 3529 1629 3581 nunciatum
1645 3531 1664 3580 1.
1683 3545 1706 3583 c.
1725 3533 1774 3585 ilo·
1792 3535 1866 3584 xvi.
1935 3537 1984 3592 88)
2002 3536 2068 3600 Peg,

177 3611 218 3663 no
234 3636 272 3648 -
289 3614 332 3664 ὅθ.
400 3611 680 3671 11111172-79,
749 3615 799 3671 tib)
816 3614 977 3664 zeitschrift
993 3616 1011 3666 i.
1030 3625 1056 3662 c.
1072 3629 1098 3678 p.
1117 3613 1177 3666 171.
1195 3613 1253 3664 188.
1294 3615 1444 3664 zacharine
1462 3611 1502 3662 Αἱ
1517 3609 1612 3664 Ῥοπαὶ
1630 3617 1826 3678 181119.
1899 3617 2068 3677 111111111-

175 3697 274 3748 versis
293 3701 441 3760 temporum
459 3700 716 3760 praescriptionibus
733 3704 760 3750 et
778 3700 899 3750 terminis
916 3697 1090 3767 πραγματεία.
1109 3697 1173 3760 cap.
1189 3698 1232 3748 28.
1246 3701 1275 3746 in
1292 3698 1312 3747 i.
1330 3697 1396 3760 0pp.
1415 3697 1463 3748 Ed.
1482 3699 1909 3752 11111σ-Μ111111111118111.
1927 3703 1986 3765 „iic
1998 3716 2066 3752 nun-

175 3781 256 3831 dinis
280 3783 408 3832 babemus
430 3783 596 3845 praeclaram
618 3784 753 3834 novellam
775 3783 870 3834 liasiiii
890 3783 962 3848 lum,
986 3795 1055 3846 quoe
1076 3785 1169 3846 aperte
1193 3780 1307 3842 indicat,
1330 3793 1377 3832 eas
1400 3784 1428 3832 in
1451 3785 1526 3846 agris
1544 3785 1708 3846 privatorum
1731 3789 1853 3848 institui,
1882 3788 1927 3848 qui
1949 3787 2000 3834 iioc
2024 3788 2066 3836 ius

177 3867 394 3928 impetraverint
400 3880 409 3928 ;
425 3879 477 3916 nec
493 3879 574 3929 posse
592 3868 734 3918 transferri
750 3868 779 3916 lu
796 3867 852 3917 alia
868 3869 943 3930 loca,
960 3869 1015 3918 nisi
1032 3879 1066 3918 ex
1083 3867 1217 3918 communi
1233 3868 1350 3916 omnium
1374 3869 1574 3930 negotiatorum
1589 3849 1738 3918 ‘sententia
1770 3871 1846 3930 Quod
1863 3871 1888 3918 si
1906 3868 2066 3920 dissentiunt

175 3951 257 4001 inter
280 3963 325 4012 se,
351 3957 379 4000 et
400 3951 449 4000 aiii
471 3951 560 4002 iocum
577 3957 743 4002 commutare
760 3951 861 4012 veiint,
878 3951 926 4000 sili
942 3963 999 4002 uon
1016 3955 1095 4015 item,
1112 3953 1334 4010 vincereeorinn
1350 3953 1523 4010 sententiam,
1541 3953 1587 4016 qui
1603 3963 1637 4001 ex
1654 3954 1764 4014 antiquo
1780 3965 1856 4004 more
1876 3951 1943 4000 nihii
1965 3953 2064 4002 mutcri

174 4033 288 4084 sciunt.
322 4036 358 4084 Ei
373 4035 425 4084 boc
441 4035 554 4098 quidem,
570 4038 594 4084 sl
611 4039 708 4100 agatur
725 4035 758 4084 de
775 4035 968 4088 transferendis
985 4037 1111 4094 nundinis
1127 4047 1145 4085 a
1161 4033 1358 4098 potentioribus
1375 4035 1409 4084 ad
1426 4037 1608 4100 potentiores,
1625 4037 1670 4084 rei
1687 4048 1704 4084 a
1721 4037 1889 4088 tenuioribus
1906 4035 1939 4084 ari
1959 4038 2065 4086 tenuio-

174 4129 227 4169 res
237 4149 247 4180 ‚
266 4117 311 4166 vei
327 4131 345 4168 s
359 4121 555 4180 pelendonibus
571 4119 605 4168 nd
623 4121 769 4171 tenuiores.
809 4120 835 4168 Δ
853 4121 1022 4176 securioribus
1039 4123 1109 4170 enlm
1128 4119 1161 4170 ad
1179 4119 1344 4182 potentiores
1361 4119 1540 4168 nirudinarum
1558 4119 1760 4168 translationem
1774 4125 1828 4168 nun
1843 4119 1916 4182 fied,
1928 4122 1982 4170 nisi
1996 4133 2063 4170 con

173 4207 280 4253 currat
296 4206 416 4254 vetustas
433 4207 461 4252 ei
477 4205 596 4254 omnium
614 4214 772 4265 uouemus,
796 4205 815 4256 i.
840 4215 865 4252 e.
882 4205 937 4253 nisi
959 4215 994 4251 ex
1010 4205 1128 4254 omniurn
1144 4204 1283 4252 voluntate
1302 4204 1499 4253 transferantur
1515 4204 1543 4252 iu
1561 4206 1742 4264 potentiorum
1759 4215 1853 4266 egros,
1877 4205 1905 4252 in
1923 4205 2017 4266 paribus
2035 4209 2064 4254 ei

169 4289 234 4340 iam
253 4287 320 4336 oiim
336 4287 370 4336 ab
387 4287 465 4336 initio
482 4289 619 4338 institutos
636 4287 752 4351 fuerint,
775 4291 802 4336 et
818 4291 913 4348 postea
929 4289 1046 4338 omnium
1062 4288 1198 4336 sententie
1214 4285 1363 4334 translatae
1388 4285 1422 4334 ad
1445 4289 1597 4350 tenuiores,
1619 4299 1637 4336 a
1659 4287 1754 4350 quibus
1777 4298 1848 4336 nunc
1871 4290 1992 4350 pristinis
2014 4288 2065 4336 do-

170 4373 265 4425 minis
288 4374 467 4422 restituentur
484 4368 591 4422 recie.“
663 4371 710 4430 17)
733 4372 890 4422 zeiisciiriii
912 4370 986 4422 viii.
1005 4371 1065 4422 181.
1090 4371 1125 4420 lli
1142 4372 1249 4421 initium
1271 4369 1349 4418 buius
1367 4371 1568 4420 constitutionis
1586 4373 1613 4420 in
1631 4369 1769 4420 codicibus
1786 4371 1867 4430 longe
1885 4371 1966 4420 aliter
1982 4375 2063 4433 atque

167 4456 251 4522 apud
268 4455 467 4507 securiculam
483 4455 610 4516 babetur,
628 4459 656 4504 et
673 4458 711 4506 liii
727 4455 847 4518 quidem:
881 4452 1040 4523 Ἐπσνδὴπερ
1065 4449 1217 4520 ἡβαοιλεία
1233 4448 1319 4518 ἡμῶν,
1341 4450 1384 4512 uip'
1408 4439 1440 4504 οὗ
1463 4451 1511 4520 τὴν
1532 4450 1752 4524 αὐτοκρατορικὴν
1775 4450 1859 4522 ἀρχὴν
1883 4451 1951 4502 Θεοῦ
1969 4451 2061 4524 χάριεν

169 4545 276 4606 napis,
293 4539 338 4590 soi
353 4533 402 4596 τὰς
417 4537 572 4600 imperitiae
588 4533 731 4596 duodicem
747 4535 866 4608 capuita
882 4541 935 4590 τῶν
950 4536 1081 4590 minucius
1097 4537 1141 4587 zai
1157 4540 1208 4586 τῶν
1224 4535 1350 4602 πενήτων.
1385 4538 1437 4588 Sed
1455 4541 1484 4587 et
1500 4538 1618 4600 reliqua,
1635 4551 1703 4602 quae
1720 4539 1851 4588 habentur
1867 4540 1896 4586 ln
1912 4537 2060 4616 codicibus,

168 4625 322 4687 Noveilce,
339 4624 429 4688 111111
453 4626 585 4686 lmpressa
609 4624 812 4685 circumfertur,
838 4627 891 4676 1111
914 4635 1008 4686 parum
1027 4624 1205 4684 conveniunt,
1227 4627 1257 4671 ut
1275 4624 1321 4671 rix
1337 4623 1410 4672 lines
1426 4623 1515 4671 lineae
1532 4623 1702 4686 respondeat.
1737 4625 1767 4672 iu
1785 4623 1879 4684 quibus
1897 4621 1964 4670 illud
1982 4633 2059 4685 quum

165 4712 296 4764 maxime
312 4709 458 4759 notandum
476 4713 531 4770 est,
554 4710 582 4756 et
599 4709 706 4758 nurnine
729 4711 758 4758 et
776 4719 855 4758 casus
878 4709 1036 4772 potentium,
1058 4706 1091 4758 ad
1111 4717 1225 4770 quorum
1242 4707 1392 4770 exemplum
1410 4707 1538 4770 provocat
1555 4707 1669 4756 Brasiiins
1686 4709 1715 4754 in
1733 4706 1934 4764 constitutione,
1953 4705 2060 4766 qualem

167 4795 265 4847 edidit
282 4791 480 4856 Lmnclaoicr,
498 4793 537 4854 (p.
558 4791 616 4842 178.
636 4791 705 4848 lib.)
723 4793 749 4842 in
768 4793 907 4844 codicibus
925 4795 1035 4854 prorsuis
1053 4801 1113 4840 esse
1130 4792 1238 4850 omina,
1256 4801 1325 4853 quine
1341 4791 1464 4854 proiecto
1482 4791 1568 4854 magis
1586 4793 1719 4852 epitomen
1737 4800 1815 4852 quarn
1832 4789 1979 4852 pleniorem
1999 4795 2059 4840 ies·

166 4881 243 4928 rium
270 4877 390 4926 indicare
412 4877 547 4926 ridentur.
582 4876 623 4924 lin
647 4882 737 4926 cirtem
754 4877 906 4940 inquibus,
930 4881 1000 4926 tesic
1022 4875 1056 4926 V.
1083 4874 1123 4934 01.
1148 4872 1305 4926 zoelus-iac
1328 4876 1356 4924 in
1373 4875 1479 4924 nobedis
1502 4874 1535 4922 de
1553 4875 1647 4936 quibus
1665 4884 1727 4922 mox
1744 4873 1848 4934 dicam,
1867 4872 1957 4922 diflert
1973 4873 2060 4923 codex

163 4961 340 5016 Par-islensis
357 4971 376 5008 a
390 4959 452 5010 lure
469 4971 689 5024 graecorornrinn.
707 4959 752 5010 ius
764 4971 1003 5022 graecoromnnuur
1013 4957 1154 5023 111171
1172 4959 1233 5008 liin.
1250 4958 1278 5008 1.
1295 4958 1381 5011 codex
1392 4955 1553 5022 βουλόμεναι.
1572 4957 1631 5006 bin.
1649 4961 1675 5006 b.
1692 4957 1718 5007 ii.
1737 4990 1745 5007 .
1764 4989 1772 5005 .
1790 4956 1832 5006 roi
1849 4953 1897 5013 τὰς
1913 4954 1982 5014 idlae
1998 4954 2061 5010 firi.

163 5042 282 5106 θυμίας
298 5038 352 5092 eia
369 5037 415 5100 do.
433 5041 470 5104 ἶχ.
487 5042 533 5092 τὸν
549 5045 623 5110 μέχρι
645 5045 692 5109 τῆς
707 5058 839 5101 ccco-..c
853 5045 956 5112 χρόνον.
976 5045 1128 5100 111111
1147 5041 1191 5092 καὶ
1209 5039 1302 5112 tripos,
1320 5041 1373 5092 εἶτα
1391 5043 1450 5092 liin.
1468 5041 1493 5089 7.
1511 5040 1537 5086 8.
1556 5037 1579 5087 δ.
1596 5041 1643 5106 τῆς
1659 5037 1765 5106 ἐνούσης
1782 5037 1872 5099 αὐτοῖς
1889 5039 1944 5091 dur.
1961 5041 2060 5092 τοῦτον

160 5129 309 5190 διελθεῖν,
326 5125 369 5176 καὶ
386 5127 530 5189 «membro
547 5125 615 5176 aurci
636 5128 690 5177 ssl-
707 5127 744 5188 ἔχ.
763 5125 837 5176 deon.
876 5129 944 5192 lain.
963 5125 1004 5177 ii.
1028 5123 1063 5175 sd
1084 5126 1259 5194 προλαβόντα.
1298 5127 1359 5176 nm.
1379 5126 1418 5177 lii.
1438 5141 1505 5174 ..σα
1522 5125 1572 5174 τοῦ
1588 5120 1624 5189 μὴ
1642 5127 1698 5181 τοῖς
1714 5121 1805 5182 αὐτοῖς
1821 5124 1985 5196 ἐπιχειρῆσαι
2000 5141 2057 5190 γαν,

158 5219 236 5272 Lim.
256 5209 299 5262 ic
315 5207 441 5260 ἐντεῦθεν
457 5203 587 5273 βοήθειαν
604 5204 692 5279 sciprio.
712 5210 771 5260 inin.
790 5209 831 5261 iti.
855 5207 881 5260 οἱ
897 5207 988 5266 παῖδες
1004 5206 1065 5259 αὐτ.
1082 5207 1126 5258 sul
1143 5200 1181 5266 olo
1197 5205 1231 5261 ἂν
1247 5211 1336 5260 ταῦτα
1352 5205 1551 5269 καταλείψουσι,
1571 5201 1615 5258 ὅτι
1641 5210 1701 5258 Lin.
1721 5204 2058 5278 11.18.τὴνσ.ὰχρσνα

159 5293 340 5353 (ismaelus.
363 5293 425 5343 1111.
442 5291 484 5343 w.
502 5291 602 5346 δίκαιον
619 5289 783 5357 ἆσπαζσμδνη
796 5291 839 5342 ναὶ
856 5293 887 5342 τὸ
903 5295 950 5360 τῆς
966 5291 1115 5352 πλεονεξίας
1130 5291 1215 5344 δεινὸν
1230 5291 1321 5350 πάθας
1339 5286 1533 5360 θεραπεύουσα.
1568 5293 1628 5342 Lln.
1646 5292 1689 5342 ai.
1707 5289 1750 5352 ἀφ’
1769 5283 1812 5344 ὧν.
1847 5295 1906 5346 bin.
1924 5293 1968 5342 22.
1986 5287 2058 5350 opst-

157 5387 255 5446 λομεν
272 5377 448 5429 ...πλεῖστα
466 5379 527 5428 1111.
543 5377 587 5427 ild.
604 5373 657 5428 dui
673 5376 733 5426 τῶν.
751 5377 811 5426 inlu.
828 5375 872 5428 24.
889 5376 933 5427 bo.
951 5376 1109 5446 ..ὁσημέραι
1126 5408 1197 5430 .....
1202 5395 1233 5436 ας
1250 5373 1354 5431 σι’κείσνς
1372 5372 1438 5431 riou.
1456 5375 1514 5424 Lln.
1532 5375 1575 5424 cii.
1593 5393 1691 5439 ...σαα
1709 5375 1848 5448 crepatores
1865 5377 1899 5444 τῇ
1916 5371 2057 5445 δυναστείᾳ

157 5469 214 5520 ,αἱ
242 5463 275 5516 sd
299 5459 434 5512 δύνασθαι
458 5458 495 5519 εἷς
518 5459 581 5518 τοὺς
605 5460 632 5520 li
653 5458 739 5512 αι’ποῦ
759 5461 941 5529 παραπέμψει.
991 5463 1053 5514 lulis.
1078 5462 1121 5511 iia.
1145 5461 1245 5524 ...prs
1266 5457 1408 5526 μαγνσερός
1425 5455 1481 5508 ἐστι
1498 5457 1541 5508 sol
1560 5457 1707 5519 δσμέοτινος
1723 5461 1774 5510 τῶν
1791 5460 1901 5523 σχολῶν,
1919 5457 1945 5508 οἱ
1960 5457 2052 5510 uie...

155 5555 241 5616 pag.
261 5547 321 5599 173.
338 5548 397 5597 [alii.
418 5544 443 5596 1.
462 5547 488 5597 2.
508 5543 600 5606 ὁμοίως
617 5543 726 5597 δυνατοὶ
742 5541 786 5594 καὶ
802 5545 886 5614 μέχρι.
921 5545 980 5596 bin.
998 5547 1024 5594 ii.
1043 5577 1104 5596 ....
1121 5541 1276 5614 εὐπραγίαν.
1295 5542 1356 5592 bin.
1373 5543 1399 5591 b.
1418 5541 1462 5592 aori
1478 5541 1510 5592 τὸ
1527 5541 1626 5611 προσὸν
1642 5542 1742 5594 δίκαιον
1755 5546 1811 5602 τοῖς
1827 5543 1942 5609 πένησιν,
1959 5540 1996 5601 ip'
2015 5533 2055 5600 οἷς

154 5637 264 5692 meis.
282 5634 344 5682 Lln.
362 5633 387 5680 ii.
405 5627 579 5699 ἀφῃρέθησαν
596 5631 640 5682 ναὶ
656 5629 751 5682 ἐπὶ...
769 5624 990 5694 Ιπνβραβσύσσμεν
1006 5629 1067 5680 lilii.
1086 5630 1112 5677 8.
1129 5629 1156 5678 7.
1173 5643 1235 5696 χαρ.
1252 5643 1318 5676 son·
1339 5626 1403 5676 Isin.
1422 5628 1448 5676 ii.
1467 5645 1550 5690 ..χαν
1565 5622 1633 5687 μετὰ
1648 5628 1696 5692 τῆς
1709 5627 1861 5697 περιουσίας
1876 5626 1919 5676 καὶ
1935 5622 1984 5693 τὴν
1995 5624 2044 5675 δαν

155 5713 588 5778 Lim-12.cip1iionusaiiol.
623 5713 813 5765 1.11.14.πῶν
829 5717 955 5766 τοιαύταν
972 5713 1087 5766 διέλθοι.
1132 5706 1533 5775 1111111111ναὶαμβοὶναιν.
1561 5711 1622 5760 bin.
1640 5708 1685 5761 20.
1704 5705 1748 5777 ἦν.
1766 5708 1781 5761 i
1798 5713 1853 5769 ταῖς
1869 5711 1958 5773 νόμοις
1974 5707 2053 5773 lpum·

259 5795 306 5870 ii,
1644 5789 1698 5857 34
