4784 7068
671 593 1320 668 nuv.1usrirt.‘iir.
1363 597 1406 666 X.
1932 599 2009 672 iit

169 790 352 866 coaptasti),
373 792 518 850 τουτίστιν
537 787 555 868 η’
577 789 625 868 μὲν
650 785 717 870 γυνη
747 785 800 862 τὴν
827 801 949 870 προῖκα,
984 787 1000 850 ό
1030 791 1060 852 ti
1101 787 1207 846 mulier
1234 789 1349 860 quidem
1371 789 1454 860 dota,
1489 789 1535 847 vir
1556 797 1654 848 autem
1680 799 1750 848 ante
1772 793 1889 866 nuptias
1917 793 2013 852 dona-

169 872 225 954 όνηρ
246 869 284 934 τα
303 871 385 946 ε’δνα,
417 871 452 934 oti
473 876 622 954 δυναμένης
642 881 694 952 τῆς
715 872 841 955 γυναικός
868 897 925 954 προ
946 897 1059 936 πενναε-
1102 873 1182 930 tione
1209 874 1392 948 (privatur),
1429 875 1469 930 iis
1493 881 1525 932 ut
1547 877 1651 932 uiulier
1679 885 1748 934 ante
1782 879 2012 950 quinquennium

169 956 270 1032 ιίαςῖθ)
298 954 370 1036 μετὰ
398 951 524 1018 διάλυσιν
549 965 600 1019 τοῦ
634 953 726 1039 γόμου
754 953 918 1031 ἀνευθύνως
933 959 978 1034 ⁷⁹)
1006 964 1060 1020 ἐντ’-
1102 965 1169 1030 post
1204 959 1369 1030 nuptiarum
1408 959 1629 1016 dissolutionem
1663 961 1782 1032 impune
1814 963 1865 1016 alii
1902 963 2013 1020 nubere

169 1043 256 1120 ρρθθ)
290 1039 455 1121 γαμείσθω.
499 1040 560 1102 ἀλλ’
590 1041 653 1103 ccidi
667 1043 715 1118 ⁸¹)
743 1039 855 1124 ἀλόγως
883 1039 998 1104 λόσασα
1011 1043 1058 1120 ⁸¹)
1102 1057 1159 1100 non
1179 1043 1284 1115 possit.
1326 1045 1436 1100 Verum
1460 1059 1523 1116 nee,
1544 1046 1571 1100 si
1592 1042 1731 1119 ἰατιτίλ)
1752 1045 1790 1102 de
1808 1061 1915 1102 caussa
1930 1047 2012 1120 (mn-

167 1149 210 1188 τον
233 1123 323 1208 γόμον
349 1121 406 1207 πρό
437 1127 619 1203 sunnon)
641 1123 769 1207 γαμήσει.
812 1125 828 1188 ό
858 1126 980 1208 δλόνηρ
1002 1132 1060 1188 δια-
1102 1123 1174 1200 lier)
1196 1127 1408 1184 matrimonium
1429 1128 1608 1200 dissolverit,
1630 1135 1700 1186 ente
1715 1145 1822 1186 annum
1844 1129 1930 1204 (aiii)
1953 1147 2013 1187 nu·

137 1237 141 1242 ’
168 1214 290 1282 λυθέντος
311 1217 362 1271 τοῦ
383 1206 483 1291 γόμου,
504 1205 553 1272 ότε
573 1207 720 1290 pinsas,
741 1205 893 1283 ducaliter
913 1211 1061 1293 γαμειθέ).
1101 1211 1161 1268 liet.
1201 1211 1395 1282 virentem,
1426 1211 1569 1270 dissoluto
1589 1213 1789 1288 matrimonio,
1811 1215 1926 1286 qnando
1955 1231 2012 1270 vo·

167 1291 308 1376 όναμόθη
339 1295 380 1365 (ν.
409 1287 571 1374 όνοὶγνωθι)
600 1297 647 1356 καλ
673 1299 746 1358 dms.
773 1291 821 1356 θ’.
840 1301 892 1357 τοῦ
918 1293 1060 1377 παρόντος
1102 1296 1160 1368 let,
1202 1309 1322 1352 uxorein
1358 1295 1466 1354 ducere
1494 1313 1550 1354 non
1583 1299 1762 1370 prohibetor.
1810 1299 1894 1372 Lege
1923 1299 2012 1356 etiam

166 1381 310 1458 κιρυλιιίου
340 1375 357 1458 ἢ
385 1379 433 1440 καλ
458 1374 518 1438 κθ’.
545 1381 592 1440 καλ
614 1375 657 1452 ις’.
666 1378 713 1456 ⁸⁸)
735 1393 772 1441 at:
795 1374 834 1440 δ’.
855 1383 929 1443 διατ.
949 1377 1059 1455 κα’.θ“)
1102 1383 1196 1436 coust.
1226 1380 1256 1436 9.
1284 1379 1449 1452 praesentis
1476 1381 1600 1456 eapitis,
1632 1383 1681 1438 vel
1708 1383 1796 1438 etiam
1827 1381 1877 1438 itit.
1899 1391 1930 1440 et
1952 1382 2013 1456 iti,

165 1466 252 1542 κεραλ
274 1459 320 1537 ιζ’.
350 1462 556 1541 καινίζουσιθῖ)
584 1460 638 1544 γὰρ
658 1467 706 1526 καλ
726 1460 781 1536 τὰς
801 1467 893 1536 αίτίας
913 1461 1060 1542 narsem)
1103 1463 1183 1520 tituli
1210 1461 1239 1518 t.
1274 1469 1368 1520 cenat.
1394 1463 1449 1519 λθ.
1475 1462 1540 1540 (i)
1570 1481 1635 1538 cap.
1658 1463 1708 1524 1⁷.
1749 1469 1906 1524 immutant
1934 1468 2012 1524 enim

165 1555 214 1608 τόν
232 1549 391 1627 ῥεπουδίων.
443 1539 509 1608 υότε
535 1546 717 1627 ἀγνοοῦντος,
755 1543 820 1610 τότε
841 1545 963 1624 εἰδότος,
995 1543 1061 1612 υότε
1103 1549 1192 1605 etlam
1207 1563 1330 1604 οιιιττιιτ
1350 1563 1518 1605 communes
1532 1551 1728 1622 repudiorum.
1771 1553 1836 1608 Nec
1849 1552 2011 1622 nesciente,

165 1638 350 1704 συναινοῡντος
384 1636 435 1692 τοῦ
463 1629 605 1693 δεσπότου
638 1631 759 1712 ἔρρωται
785 1631 801 1695 ό
830 1639 882 1694 τοῦ
908 1630 1061 1714 ἐναπογρά·
1108 1647 1163 1689 uec
1183 1633 1306 1698 sciente,
1329 1648 1383 1689 neo
1404 1635 1607 1691 consentiente
1628 1635 1743 1692 domino
1765 1636 1865 1691 valent
1893 1635 2013 1692 adscri-

162 1739 213 1794 φοο
238 1712 312 1796 πρὸς
340 1717 494 1792 ἐλευθέραν
522 1712 627 1796 γάμος,
662 1713 734 1778 ὅθεν
763 1716 828 1779 ccidi
849 1719 1015 1780 συνίσταται
1042 1717 1059 1798 ἡ
1103 1717 1186 1790 ptlcli
1208 1733 1274 1773 oum
1295 1717 1388 1772 libera
1418 1717 1574 1792 (muliere)
1596 1721 1726 1790 nuptiae.
1774 1720 1858 1777 Unde
1881 1737 1935 1776 nec
1956 1719 2011 1778 dos

161 1799 239 1880 προίξ
266 1797 284 1902 η’
315 1795 408 1880 δωρεὰ
435 1803 480 1862 ἐπὶ
507 1797 692 1876 menkenii)
713 1796 818 1881 γάμου,
850 1797 924 1864 ἀλλὰ
946 1799 1064 1864 δύναται
1104 1807 1156 1857 aut
1179 1801 1263 1874 (ante
1286 1801 1420 1876 nuptias)
1448 1801 1566 1860 donatio
1595 1805 1624 1859 iu
1646 1805 1698 1860 tali
1726 1805 1907 1860 matrimonio
1936 1820 2012 1862 con-

160 1881 554 1963 circumcidimini
583 1881 630 1946 δνοὶ
657 1891 708 1946 τοῦ
728 1879 864 1967 ἄρχοντος
884 1889 1063 1966 σωφρονίζειν
1104 1886 1202 1958 sistit,
1230 1901 1331 1942 verum
1356 1885 1490 1944 domiuus
1518 1889 1741 1960 perseipsum
1769 1888 1817 1944 vel
1839 1905 1891 1960 per
1911 1891 2011 1964 magi-

159 1967 207 2032 νόι
226 1969 296 2030 tiano
323 1969 365 2046 (r.
387 1967 469 2046 ιδιον)
490 1965 613 2050 γεωργὸν
639 1971 686 2030 καὶ
713 1975 765 2049 τῆς
785 1967 860 2050 πρὸς
880 1965 931 2050 την
951 1974 1063 2033 limui-
1104 1975 1226 2028 stratum
1248 1971 1381 2028 colonum
1403 1987 1488 2028 suum
1518 1973 1666 2045 castigare
1695 1979 1790 2044 potest
1825 1981 1854 2028 ct
1889 1987 1907 2028 a
1935 1990 1991 2030 con

156 2077 209 2134 ραν
241 2053 365 2134 χωρίζειν
378 2053 426 2132 ⁹⁰)
454 2056 615 2132 συναφείας.
672 2049 828 2134 όναγνοόθη
864 2058 911 2134 (ν.
939 2053 1062 2137 circipani·
1104 2054 1254 2111 iunctione
1275 2071 1340 2112 eum
1362 2055 1456 2112 liltera
1484 2055 1640 2132 (muliere)
1661 2057 1818 2112 dimovere.
1860 2059 1943 2132 Lege
1966 2059 2010 2119 tit.

157 2141 203 2214 θι)
224 2139 228 2218 )
248 2138 295 2214 ⁹¹)
316 2151 353 2198 at.
374 2133 419 2198 ια’.
428 2135 475 2214 ⁹¹)
497 2135 619 2200 διατ.δ’.
639 2135 800 2218 κεφάλαιον.
821 2134 853 2200 ι’.
880 2143 909 2200 ol
923 2139 1062 2220 pepigfli)
1105 2137 1155 2196 ii.
1178 2145 1272 2196 const.
1293 2137 1323 2194 λ.
1344 2155 1408 2211 στρ.
1431 2137 1481 2194 1⁰.
1523 2141 1670 2212 Nuptiae,
1692 2155 1767 2211 qliae
1789 2141 1900 2211 absque
1921 2143 2010 2198 dota-

154 2217 300 2302 αρυαυρλαυ
313 2224 492 2303 συμβολαίων
513 2228 543 2284 αι
562 2219 651 2302 μόνης
671 2226 830 2296 διαθέσεως
842 2220 997 2297 συστάντες
1014 2222 1063 2304 γεί-
1105 2219 1185 2279 lilius
1207 2224 1409 2280 instrumentis
1431 2239 1468 2280 ex
1487 2224 1550 2281 solo
1572 2241 1717 2282 consensu
1740 2231 1908 2282 contractae
1930 2233 2008 2300 suni,

154 2329 202 2385 μοι
229 2303 280 2368 τόν
296 2304 343 2383 ⁹⁴)
371 2303 482 2387 όλόγως
510 2302 637 2369 λόοαντα
669 2305 721 2370 τόν
747 2303 837 2389 γόμον
864 2313 905 2383 τῷ
934 2305 1062 2390 τετάρτῳ
1104 2323 1186 2380 eutn,
1216 2309 1265 2378 qui
1287 2309 1399 2380 alisque
1419 2308 1499 2364 iusta
1524 2325 1632 2366 caussa
1659 2309 1871 2368 matrimonium
1895 2311 2009 2366 dissol-

151 2395 229 2470 μίρει
248 2395 299 2469 τῆς
319 2395 421 2462 οόιείας
442 2389 571 2469 (ousiae)
592 2387 808 2465 καταδικάζουσι
828 2397 1006 2472 περιουσίας,
1028 2395 1063 2456 ου’
1105 2393 1164 2464 vit,
1198 2392 1236 2446 ad
1266 2393 1343 2450 hanc
1368 2407 1491 2465 poenam
1513 2393 1716 2468 adstringunt,
1747 2401 1781 2450 nt
1802 2399 1905 2465 quarta
1926 2401 2010 2468 parte

151 2479 310 2555 περαιτέρω
330 2479 500 2554 piissimis
521 2472 554 2554 ρ’.
582 2482 634 2538 τοῦ
659 2480 778 2557 χρυσίου
798 2479 908 2557 λιτρῶν,
931 2481 958 2538 ελ
975 2479 1060 2558 καλε)
1103 2492 1177 2532 sune
1205 2477 1389 2534 substantiae
1417 2478 1571 2547 multetur,
1615 2493 1673 2535 non
1703 2479 1780 2534 ultra
1807 2485 1902 2538 tamen
1933 2495 2008 2537 cen-

149 2557 313 2631 όπόστασις
333 2565 384 2619 τοῦ
403 2555 508 2634 τόνθὸ)
531 2556 621 2640 γόμον
642 2557 826 2634 διαλύσαντος
845 2558 1006 2640 ὑπερβαίνει
1026 2561 1060 2625 τὸ
1102 2566 1163 2616 tum
1193 2561 1258 2618 auri
1285 2561 1391 2632 libras,
1425 2563 1480 2618 etsi
1503 2563 1670 2620 substantia
1699 2564 1779 2630 eius,
1816 2563 1867 2634 qui
1900 2565 2007 2622 matri-

148 2639 361 2724 τετραπλότιοτ
387 2649 439 2721 τῆς
465 2648 605 2723 είρημένης
632 2639 806 2724 ποσότητος,
848 2651 898 2724 τῆς
931 2645 1061 2726 γυνααεός
1101 2645 1229 2702 monium
1257 2645 1410 2718 dissolvit,
1438 2646 1630 2718 quadruplum
1658 2647 1782 2723 (supra)
1808 2647 1905 2705 dictae
1932 2650 2008 2705 sult-

149 2725 363 2806 sdnai0u⁹⁸)
391 2725 429 2808 μὴ
452 2731 617 2810 δυναμένης,
648 2734 675 2791 εί
693 2725 815 2809 εὐλόγως
834 2726 919 2791 λόσαι
939 2726 990 2791 τόν
1011 2728 1059 2812 γό-
1100 2731 1229 2786 stantiae
1256 2735 1385 2802 superat.
1432 2730 1544 2788 Mulier
1570 2737 1601 2786 et
1627 2731 1658 2788 iu
1686 2734 1742 2790 ltoc
1763 2749 1853 2806 casn,
1880 2735 1907 2788 si
1929 2733 2008 2790 iusta

150 2835 215 2890 μον,
243 2807 301 2891 πρὸ
330 2817 457 2873 ἐνιαυτοῦ
484 2825 589 2892 γαμεῖν.
624 2817 651 2874 εἰ
668 2814 697 2874 di
719 2808 844 2892 ἀλόγως,
865 2810 922 2892 πρό
945 2837 1060 2878 nmat-
1101 2813 1139 2870 de
1160 2830 1269 2872 neusse
1290 2817 1410 2888 nuptias
1421 2815 1600 2883 dissolverit,
1621 2822 1690 2874 anto
1711 2833 1818 2874 annum
1840 2817 1926 2891 (alii)
1947 2835 2007 2874 uu-

150 2901 221 2969 τίας.
248 2901 279 2958 oi
297 2893 456 2969 όπεξοόσιοι
481 2899 528 2958 καλ
557 2901 586 2958 ολ
605 2901 788 2978 ἐμαμιίνιατοι
808 2901 908 2970 παῖδες
928 2902 972 2960 dai
993 2896 1060 2979 βλά-
1101 2899 1172 2956 ltere
1193 2915 1251 2956 uon
1271 2905 1385 2972 potest3
1413 2901 1460 2956 sin
1483 2915 1553 2958 vero
1575 2901 1686 2984 iniusta
1706 2901 1744 2958 de
1772 2917 1889 2972 caussa,
1917 2901 2007 2977 (nec)

153 2983 187 3059 βη
208 2987 265 3042 τόν
285 2985 385 3061 γονέων
404 2984 488 3060 γωρλς
509 2985 560 3061 τῆς
580 2981 675 3043 αὐτόν
696 2986 877 3055 συναινίσιιος
898 2980 1061 3057 τοόςίδίυυς
1102 2989 1171 3040 ante
1190 2983 1429 3056 quinquennium.
1479 2985 1596 3056 liberi,
1627 2987 1677 3056 qui
1708 2987 1737 3042 in
1759 2991 1906 3058 potestate
1927 2993 2006 3054 sunt,

157 3074 198 3132 (ιι.
227 3065 325 3140 ναίους)
352 3059 392 3143 μὴ
418 3067 608 3126 διαλυίιασαν
638 3063 751 3147 γάμους.
793 3063 939 3148 ἀνάγνωθι
966 3071 1061 3130 τίτλον
1102 3073 1133 3124 et
1160 3069 1335 3142 emancipati
1363 3069 1394 3126 ln
1420 3069 1553 3125 mudena
1589 3077 1739 3142 pareatum
1768 3073 1879 3141 alasque
1905 3085 2006 3127 eorum

158 3147 194 3221 ζ’.
214 3153 282 3210 διατ.
303 3143 335 3250 η’.
364 3169 422 3228 κεοι
450 3146 499 3224 δ’,
520 3147 591 3212 πότε
620 3146 791 3230 ι’γθυγότηρ
812 3147 929 3212 δόναται
955 3155 1002 3213 καλ
1012 3153 1059 3231 ⁰¹)
1102 3167 1250 3210 consensu
1271 3149 1389 3225 nuptias
1413 3169 1450 3210 tte
1471 3153 1664 3210 dissolvunto.
1706 3157 1790 3229 hege
1804 3156 1845 3212 tit
1868 3155 1897 3210 7.
1911 3159 2006 3211 const.

161 3235 239 3312 γιορλς
264 3257 372 3314 γνωμης
403 3239 454 3294 τοῦ
482 3231 592 3313 πατρός
627 3230 725 3315 γάμοις
753 3233 897 3313 ὁμιλῆσαι.
938 3233 1059 3315 θανάτῳ
1101 3236 1131 3291 8.
1145 3253 1209 3309 cap.
1231 3234 1271 3305 i..
1299 3239 1367 3312 (nbi
1391 3239 1429 3295 de
1451 3253 1485 3295 eo
1513 3239 1639 3312 τρίται.)
1666 3241 1781 3310 quando
1804 3239 1864 3296 iilia
1892 3241 2005 3310 absque

165 3319 334 3388 διαλυθέντος
354 3323 406 3378 τοῦ
425 3313 526 3398 γόμου,
547 3325 588 3394 τῷ
609 3315 734 3400 περιόντι
754 3316 827 3392 6⁹⁸)
848 3314 908 3380 ολπό
930 3323 1059 3400 τελευτῆς
1100 3323 1195 3393 patris
1217 3322 1369 3379 voluntate
1389 3323 1571 3380 matrimonio
1594 3323 1676 3397 (curn
1699 3323 1814 3396 aliquo)
1841 3339 1909 3380 sese
1929 3339 2005 3380 con-

164 3399 274 3481 ἁρμόσει
294 3399 383 3472 κόοος
402 3399 477 3463 κατὰ
498 3399 549 3480 τὴν
575 3401 692 3482 δύναμιν
719 3408 776 3464 τῶν
797 3409 922 3482 γαμικῶν
943 3403 1058 3486 coppini·
1099 3407 1224 3480 iungere
1252 3408 1355 3479 possit.
1397 3405 1534 3464 Diremtis
1573 3413 1664 3464 morte
1697 3409 1822 3479 nuptiis,
1856 3407 1893 3462 ad
1929 3423 2005 3476 eum,

164 3509 218 3546 νων.
258 3483 308 3558 τὰς
335 3485 449 3557 ἀνίσους
476 3483 614 3560 ἐπιδόσεις
641 3493 699 3548 τῶν
720 3493 845 3568 προικῶν
865 3491 911 3549 καλ
932 3496 990 3550 τῶν
1011 3486 1057 3552 διό
1099 3492 1150 3562 qttl
1176 3497 1326 3563 superest,
1360 3491 1491 3560 lucrum,
1536 3492 1612 3562 quod
1634 3507 1672 3548 ex
1693 3509 1765 3548 casu
1788 3493 1888 3548 mortis
1909 3493 2005 3563 venit,

162 3567 223 3642 τοὺς
242 3567 344 3651 γάμους
365 3573 478 3650 δωρεῶν
498 3573 605 3651 δι’γεται
626 3571 642 3632 ό
664 3567 760 3650 νόμος.
787 3567 825 3632 τὰ
846 3572 876 3632 di
896 3565 983 3635 όνισα
997 3578 1057 3654 aip-
1100 3575 1259 3646 pertinebit
1284 3575 1446 3632 secuudum
1469 3575 1544 3650 [vim
1568 3576 1614 3649 et)
1635 3581 1809 3648 potestatem
1832 3577 2005 3648 nuptialium

161 3657 194 3731 δη
218 3652 286 3734 πρός
311 3652 344 3716 τό
373 3656 484 3716 ιλλϊπυν
511 3657 553 3734 (v.
580 3655 718 3731 θλεῖπου)
743 3653 790 3730 ⁰⁹)
816 3657 1014 3731 κανονίζεσθαι
1031 3661 1058 3738 ¹)
1100 3659 1366 3716 instrumentorum.
1408 3661 1582 3732 inaequales
1604 3661 1737 3717 dationes
1759 3661 1870 3716 dotium
1892 3667 2006 3732 etpro-

162 3743 247 3816 ιςησίν.
286 3736 323 3800 τό
343 3735 449 3820 γαμικὰ
469 3743 551 3819 κέρδη
571 3738 644 3802 κατὰ
666 3743 803 3820 χρησινῦ)
824 3743 871 3802 καλ
892 3745 1058 3806 δεσποτείαν
1099 3749 1164 3816 pier
1176 3745 1294 3816 nuptias
1306 3743 1495 3802 donationum
1506 3745 1554 3801 lex
1566 3747 1713 3820 agnoscit.
1726 3745 1897 3816 inaequalia
1909 3749 2006 3802 autem

161 3819 198 3899 μὴ
215 3825 480 3904 δευτερωγαμοῦντες
501 3827 541 3901 (v.
563 3827 843 3904 δευτερογαμοῦντες)
865 3831 1004 3908 ἐγένωσαν
1030 3835 1059 3891 ολ
1097 3827 1224 3885 lucraad
1237 3843 1401 3886 mensuram
1414 3829 1491 3902 elus,
1503 3830 1579 3900 quod
1591 3829 1628 3884 ad
1642 3831 1832 3900 quantitatem
1845 3829 1939 3902 deest,
1948 3845 2006 3888 eit-

162 3917 249 3982 γονεῖς,
267 3911 312 3969 καλ
333 3914 360 3970 τί
377 3913 469 3968 ταῦτα
490 3909 588 3982 ζῶντες
609 3908 660 3970 οόκ
682 3908 846 3988 ἐξεποίησαν
858 3907 875 3988 ἢ
889 3917 980 3991 ῥητῶς
998 3914 1004 3990 l
1024 3913 1053 3991 ³)
1097 3913 1140 3987 igi
1148 3911 1434 3988 (naechonstitutio
1443 3913 1524 3970 dicit.
1537 3915 1633 3970 Lucra
1643 3915 1788 3984 nuptialia
1799 3919 1948 3990 parentes,
1956 3914 2007 3985 qui

161 3986 290 4053 ὑπέθεντο
321 3988 339 4072 ἢ
376 3994 468 4063 inaug
506 3993 551 4072 (ν.
582 3995 688 4068 ίδικοός)
715 3997 818 4070 ότίροις
851 4000 1053 4076 παρέπεμψαν,
1096 3998 2007 4070 τοοττσαοδττοοιιίειλιααιαιεριὶετ,ἰιιαταίτασιιετερεοριίτ-

161 4073 372 4152 λαμβανέτωσαν
400 4079 429 4136 ol
447 4071 555 4138 τοότων
575 4081 688 4151 παῖδες,
717 4076 745 4148 ἐξ
772 4075 835 4156 ι’σης
856 4075 931 4140 atri
952 4079 1059 4160 μεριζό·
1101 4089 1163 4138 tate
1180 4084 1314 4154 habento,
1336 4097 1429 4154 eaque
1444 4083 1481 4154 sl,
1502 4083 1571 4138 duni
1585 4083 1700 4152 vivunt,
1722 4098 1778 4138 non
1801 4083 2007 4140 alienaverunt

160 4179 234 4235 μενοι
257 4160 411 4240 μοίρος4),
446 4159 502 4222 εἴτε
528 4163 574 4222 καλ
595 4157 644 4240 μή.
680 4167 707 4222 εί
724 4161 754 4222 til
780 4157 930 4240 μετὰτῶν
951 4169 1060 4227 παίδων
1101 4171 1152 4222 aut
1172 4182 1313 4238 expresse
1328 4167 1512 4240 hypothecae
1534 4167 1691 4238 dederunt,
1712 4173 1763 4224 aut
1781 4167 1949 4238 specialiter
1969 4165 2006 4222 ad

159 4244 205 4300 ani
224 4241 365 4317 ἐξτπιιιοός
385 4243 509 4348 ἔγραψεν
536 4241 740 4326 κληρονόμους,
776 4250 805 4306 ol
829 4249 965 4324 audaci)
996 4249 1057 4311 κατ’
1101 4251 1177 4306 alios
1199 4252 1435 4319 transmiserunt,
1456 4267 1555 4308 eorunt
1576 4252 1660 4307 liberi
1683 4252 1821 4326 capiunt,
1845 4267 1882 4307 ex
1903 4251 2006 4321 aequis

159 4323 333 4407 ἕαίριτυνθ)
368 4331 508 4409 inponant
536 4325 573 4391 τόν
598 4335 717 4390 τοιαῦτα
738 4333 835 4409 altit,
862 4330 923 4394 ἀλλ’
947 4331 976 4405 ἐξ
996 4333 1060 4414 ε’σης
1100 4337 1283 4406 pnninninus
1310 4337 1376 4407 ipsa
1404 4335 1585 4406 dividentes,
1612 4337 1678 4390 sive
1707 4351 1758 4391 eos
1788 4335 1868 4406 ipsos
1897 4331 2007 4393 liberos

158 4407 232 4472 αὐτοὶ
241 4413 266 4490 λ)
291 4409 463 4494 μεριζόμενοι
489 4415 621 4492 μίροςθ)
651 4410 724 4494 πρός
751 4411 881 4490 ἑαυτοός,
909 4421 937 4478 εί
953 4421 1001 4480 καλ
1029 4419 1059 4493 ἐξ
1100 4419 1243 4476 haeredes
1273 4421 1473 4492 scripserunt,
1510 4421 1575 4476 sive
1597 4417 1718 4493 αοαίλ).
1768 4421 1822 4476 Sin
1851 4435 1920 4476 vero
1948 4435 2008 4476 una

1099 4517 1166 4560 otim
1200 4504 1303 4561 liberis
1331 4509 1362 4561 et
1393 4511 1549 4562 extraneos
1583 4505 1726 4561 haeredes
1759 4505 1893 4578 scripsit,
1921 4503 2005 4558 liberi

1098 4589 1182 4645 velut
1207 4589 1369 4662 praecipua
1395 4589 1467 4646 talia
1493 4589 1577 4646 lucra
1604 4591 1737 4664 capient,
1767 4603 1870 4646 verum
1891 4605 1929 4646 ex
1953 4603 2009 4642 nc-

157 4915 165 4922 *
223 4847 267 4908 77)
283 4849 372 4901 Codex
390 4848 435 4900 inl
452 4847 582 4912 δεδομένοι.
650 4851 697 4916 78)
714 4852 767 4904 i’ro
784 4852 939 4910 πενταετίας
956 4853 1048 4906 Codex
1064 4855 1144 4906 hebet
1163 4853 1182 4913 ἶ
1199 4855 1278 4913 nice.
1313 4873 1315 4882 ·
1345 4857 1393 4916 79)
1409 4853 1499 4906 Codex
1516 4851 1670 4914 ἀνευθυνος.
1756 4853 1802 4920 80)
1820 4855 1910 4906 Codex
1927 4852 2006 4920 ἐεερο.

148 4911 201 4973 eil)
217 4915 267 4964 Pro
282 4915 334 4968 ἀλλ’
351 4915 413 4967 cdii
429 4917 521 4968 Codex
537 4919 615 4969 nabet
630 4915 711 4970 nilico
727 4919 763 4970 δέ.
799 4921 950 4986 degendum
968 4927 1063 4984 postea
1079 4921 1199 4986 εὐλόγως.
1231 4924 1297 4974 Nam
1312 4935 1366 4974 vox
1388 4921 1447 4973 addi
1465 4925 1497 4973 ad
1514 4921 1624 4990 γαμήσει
1641 4927 1766 4986 pertinet.
1801 4923 1869 4972 Nou.
1887 4921 1931 4970 82.
1951 4931 2008 4984 cap.

149 4979 199 5028 is.
219 4979 244 5030 ai
257 4983 281 5032 tt
301 4985 344 5035 ναιό
361 4982 471 5048 εὐλόγως
488 4981 504 5052 ν)
521 4985 584 5052 γυνη
602 4984 633 5036 τό
658 4985 796 5056 ζιεποόδιον
818 4988 933 5039 οτιίλειε.
1001 4989 1047 5053 89)
1071 4989 1161 5041 Codex
1178 4992 1287 5041 λυοαοα.
1360 4989 1407 5053 83)
1425 4991 1515 5042 Codex
1532 4994 1662 5042 ενιαυτοΐι.
1737 4989 1783 5052 ui)
1801 4991 1891 5040 Codex
1908 4991 2006 5049 γαμεῖν.

144 5050 203 5104 eto)
222 5049 254 5097 tii
274 5055 374 5104 anmeri
398 5056 515 5116 corrupti
534 5061 602 5104 sunt.
637 5055 804 5119 significatur
831 5063 909 5120 capnt
931 5067 1018 5106 nome
1042 5061 1248 5109 constitutionis.
1296 5057 1349 5108 i’ro
1376 5059 1516 5116 κεφαλαίου
1532 5061 1672 5124 legentium
1696 5061 1885 5109 videturesse
1909 5055 2005 5104 τίτλου.

144 5115 292 5194 Utrumque
307 5125 377 5170 enim
394 5125 458 5171 uota
474 5123 602 5184 persimili
619 5125 646 5172 iu
664 5123 738 5172 codo.
757 5135 822 5172 mss.
840 5125 976 5188 designari
992 5123 1071 5175 solet.
1138 5125 1186 5189 86)
1204 5126 1256 5176 Pro
1274 5124 1336 5186 καί,
1360 5127 1428 5190 qnod
1445 5127 1535 5176 Codes
1554 5129 1643 5182 nabet,
1668 5129 1805 5190 legendum
1824 5124 2008 5172 videturesse

143 5187 207 5245 κβ.
250 5189 412 5250 signiientcr
429 5191 499 5238 enlm
516 5193 556 5240 tit
574 5191 601 5240 4.
620 5197 706 5240 euitat.
722 5191 768 5240 22.
847 5191 895 5247 87)
912 5191 1004 5241 codex
1021 5193 1065 5242 acti
1081 5189 1186 5248 νίζουσι.
1259 5195 1307 5255 88)
1331 5193 1383 5244 Pro
1400 5191 1486 5251 κοινὰς
1503 5193 1593 5244 Codex
1611 5195 1687 5243 iubet
1704 5209 1804 5247 ποινάς·
1879 5193 1927 5248 39)
1944 5189 2008 5240 P⁰⁸i

145 5261 249 5300 vocem
264 5253 384 5305 semime
401 5257 428 5305 in
445 5257 515 5306 linea
530 5261 643 5319 positum
661 5264 704 5306 est
720 5253 889 5326 σωφρονίζειν,
906 5261 1010 5320 punctis
1028 5265 1114 5310 tumen
1133 5275 1215 5324 snpra
1231 5261 1327 5312 lineam
1347 5265 1451 5324 positis.
1487 5263 1560 5320 Onne
1579 5275 1624 5311 res
1642 5261 1815 5322 exsequenti
1833 5271 1913 5308 versu
1932 5259 2008 5306 vide·

143 5325 192 5368 tur
210 5333 272 5370 esse
288 5327 409 5384 repetita.
477 5325 524 5382 ito)
540 5326 594 5374 Pro
609 5321 726 5393 χωρίζειν
741 5324 833 5374 Codex
850 5326 928 5376 sanet
943 5322 1064 5394 χαρίζοιο,
1083 5341 1149 5391 quac
1173 5341 1226 5378 vox
1244 5335 1272 5378 et
1294 5333 1384 5379 nctivo
1401 5339 1502 5393 genere
1525 5341 1578 5380 nou
1596 5331 1763 5388 enuntiatur,
1785 5333 1812 5374 et
1829 5327 1862 5376 ab
1881 5329 1930 5375 noc
1948 5327 2006 5375 ioco

141 5394 188 5434 est
207 5388 284 5450 plane
299 5391 396 5441 alienu.
430 5391 498 5440 nav.
516 5393 560 5442 28.
578 5405 634 5453 cap.
656 5392 698 5442 17.
715 5388 834 5449 δφέλνειν
850 5389 906 5442 ἀπὸ
923 5394 970 5458 τῆς
991 5392 1077 5459 μάτην
1093 5391 1165 5460 αὐτῷ
1183 5393 1318 5460 συνούσης.
1370 5397 1414 5462 oi)
1428 5397 1522 5448 Codex
1546 5395 1698 5458 ἀνάγνωθι).
1723 5393 1818 5454 lnclplt
1835 5393 1880 5444 iol.
1902 5393 1960 5442 iuti.
1980 5395 2006 5442 ll.

143 5453 195 5514 θθ)
215 5457 267 5505 Pro
288 5458 387 5508 litteris
405 5455 450 5506 ια’.
469 5459 560 5510 Codex
578 5461 656 5510 isset
671 5455 730 5509 νυοί.
804 5461 854 5519 θθ)
870 5459 909 5510 Ad
927 5465 1071 5528 marginem
1093 5463 1201 5514 Codicis
1223 5465 1283 5534 περὶ
1300 5465 1440 5534 προαρλυν.
1521 5463 1567 5526 ai)
1590 5465 1643 5512 Pro
1663 5461 1710 5510 τόν
1732 5461 1825 5512 Codex
1848 5462 1926 5510 nabet
1948 5461 2006 5509 τῶν.

140 5524 195 5594 tid)
213 5523 265 5574 Pro
284 5527 374 5575 veritis
397 5527 446 5575 τοῦ
462 5523 508 5576 τὸν
529 5527 621 5578 Codex
642 5527 721 5576 habet
742 5526 846 5577 τοῦτον.
916 5529 1072 5588 uincentes
1089 5527 1237 5582 νιῖνιαυθα.
1318 5529 1365 5596 et)
1381 5533 1434 5582 Pro
1452 5530 1496 5579 ναὶ
1513 5531 1603 5582 codex
1621 5529 1698 5577 liabeo
1714 5527 1809 5578 καιναί.
1884 5527 1930 5592 98)
1947 5529 2008 5578 Vox

141 5605 157 5634 υ
178 5589 258 5642 deest
273 5596 311 5643 tit.
330 5593 356 5642 o.
375 5597 459 5654 parnt.
477 5595 502 5655 S.
527 5594 571 5646 te.
638 5595 685 5652 eo)
705 5593 795 5644 Codex
812 5595 925 5646 ίλλιννον.
961 5596 1052 5646 Possis
1070 5604 1097 5648 et
1114 5597 1218 5648 ἐλλιπόν
1235 5603 1377 5650 conlisere.
1449 5597 1473 5662 1)
1492 5599 1584 5649 Codex
1601 5593 1792 5650 pancratiasten.
1867 5597 1898 5650 2)
1917 5595 2008 5646 Codex

138 5655 248 5735 γρηοιν.
315 5659 344 5722 θ)
362 5659 457 5724 incipit
477 5662 523 5712 iol.
547 5662 609 5713 iou.
631 5663 662 5710 A.
687 5661 779 5712 Codex
801 5647 866 5730 ρηἕ.
942 5663 973 5726 i)
989 5665 1055 5716 Post
1079 5677 1173 5717 vocent
1190 5671 1282 5733 μοίρας
1306 5667 1398 5717 lacuna
1419 5669 1445 5716 lu
1469 5666 1567 5717 Codice
1584 5669 1694 5726 apparet
1710 5665 1790 5714 utilia.
1842 5663 1938 5726 Supple
1955 5663 2007 5712 εἴτε

140 5731 259 5790 ἐτίταινε
276 5726 331 5790 (vei
349 5728 477 5796 ἐγραναν)
494 5727 592 5786 αὐτοὺς
608 5725 669 5788 τοὺς
685 5729 782 5786 παῖδας
798 5730 984 5800 κληρονόμους,
1008 5733 1059 5784 εἴτε
1077 5733 1121 5782 καλ
1137 5732 1182 5800 με).
1222 5737 1295 5794 Quae
1313 5737 1416 5798 quidem
1434 5738 1544 5796 propter
1561 5743 1608 5792 en,
1638 5743 1705 5794 quae
1721 5737 1816 5796 postea
1834 5734 1921 5792 posita
1939 5739 2008 5790 snut,

141 5791 228 5840 facile
244 5797 366 5846 excidere
383 5803 531 5858 potnerunt.
571 5797 677 5848 Fundus
699 5800 775 5848 inin·
799 5800 993 5849 emendationis
1016 5805 1059 5850 est
1084 5802 1152 5852 Nor.
1171 5803 1213 5850 22.
1233 5815 1264 5851 cn
1284 5835 1290 5850 .
1307 5801 1354 5852 20.
1372 5799 1501 5866 λήιοονται
1518 5798 1612 5858 ταυτα,
1630 5799 1715 5848 καίτοι
1739 5797 1774 5863 μη
1793 5798 2009 5867 νληρονομοῠννες

141 5859 195 5936 ταῦ
216 5863 312 5920 γονίας.
347 5865 391 5912 Sic
408 5869 436 5914 et
452 5867 517 5914 satis
542 5865 679 5915 commode
696 5867 819 5928 opposita
836 5871 915 5916 eruat
932 5867 997 5917 iaec
1019 5871 1105 5918 verba
1122 5865 1148 5918 α’
1169 5867 1197 5917 et
1213 5885 1278 5929 μετα
1296 5871 1348 5918 τοῖν
1364 5865 1472 5917 παίδοιν.
1515 5867 1628 5916 Brevius
1646 5871 1685 5916 tit.
1704 5869 1728 5915 a.
1748 5873 1831 5929 paret.
1850 5867 1875 5926 s.
1896 5866 1938 5916 ie.
1957 5867 2008 5915 εἴτε

144 5931 348 5994 ιΑ’νιηνινονμοῦσιν
364 5927 425 5987 τοὺς
441 5935 538 5993 γονεῖς,
560 5932 611 5981 εἴτε
629 5931 672 5982 καὶ
688 5929 732 5998 με).
802 5931 832 5996 δ)
849 5935 923 5983 unco
942 5947 1036 5984 vocum
1054 5933 1079 5985 oi
1095 5936 1186 5993 παῖδες
1202 5935 1294 5986 Codex
1318 5937 1394 5984 ltubet
1411 5929 1527 5990 ι’·πυιῖδυς.
1604 5936 1635 5996 o)
1653 5935 1743 5985 Codex
1762 5935 1840 5984 nubet
1857 5931 1921 5984 καθ’
1939 5931 2007 5990 ἐξαί-

144 6009 232 6074 tmftv·
298 5997 329 6056 ⁷]
345 5997 399 6048 Pro
417 6011 484 6048 voce
501 5995 571 6049 αὐτὰ
587 5999 679 6050 Codex
705 6000 783 6050 labet
806 5995 900 6050 αὐτῶν.
971 6001 1002 6091 8)
1023 6003 1083 6053 Vox
1099 6005 1174 6072 μέρος
1192 6006 1251 6053 nuic
1267 6005 1327 6052 inco
1345 6015 1399 6052 nou
1417 6004 1483 6049 satis
1499 6007 1560 6064 apin
1577 6009 1619 6052 est
1641 6011 1668 6053 et
1687 6001 1892 6052 accommodata
1936 6003 2009 6062 Lege

144 6076 252 6140 ratispon.¹
292 6065 383 6116 Paullo
407 6079 487 6129 supra
511 6069 607 6118 dictum
630 6075 689 6122 erat
712 6066 739 6126 tt
762 6067 819 6133 ίοης
843 6065 912 6119 αὐτόν
928 6067 1088 6140 μεριςόμενοι
1110 6069 1210 6140 μοίρας.
1262 6071 1330 6120 Not.
1348 6069 1392 6120 et.
1412 6080 1468 6132 cap.
1485 6069 1531 6120 tto.
1549 6069 1576 6130 S.
1596 6073 1618 6121 i.
1637 6067 1691 6122 ἀλλ’
1711 6069 1737 6128 ἐξ
1754 6071 1810 6134 ἴσης
1828 6067 2006 6137 διαιρηοονιαι

141 6142 212 6194 προς
228 6147 273 6182 τον
290 6127 408 6204 ἀριθμόν
423 6150 470 6186 τον
481 6133 585 6188 ίουνολν.
1510 6200 1596 6269 15*
