4784 7068
690 585 1328 658 Νο9.1ΠΒΤΙΝ.ΤΙΤ.
1370 591 1414 660 Χ.
1676 635 1680 649 .
1927 595 2005 666 133

163 775 221 860 μετά
242 784 294 858 τῆς
320 781 393 852 ιδίας
412 777 455 858 (ν.
476 779 562 858 ἰδίας)
584 776 771 854 ὑποστάσεως
791 784 988 862 παραδίδωμι
1010 783 1052 861 (τ,
1095 781 1307 840 matrimonium
1336 782 1498 856 contrahit,
1527 785 1719 844 curiae·cum
1747 805 1803 844 sua
1832 779 1999 846 substantio

163 864 362 946 παραδίδοται).
404 861 584 946 άναηνάστης
605 869 642 939 δέ,
668 862 708 945 μὴ
735 861 810 927 κατὰ
830 863 868 928 τά
888 871 1053 948 έπιτετραμ·
1096 865 1228 922 traditur.
1271 869 1378 924 Lector
1399 875 1505 942 autem,
1528 870 1577 942 qui
1599 887 1656 930 noo
1678 873 1838 929 secundnm
1861 889 1906 946 ee,
1929 891 2004 944 (μιαν

161 956 219 1028 μένα
244 948 397 1032 γαμῶνλλ)
425 945 443 1030 ἢ
471 953 607 1030 δευτέροις
634 947 739 1030 ὁμιλῶν
764 947 877 1030 γάμοις,
911 947 951 1031 μὴ
982 973 1052 1035 μμ).
1094 949 1178 1006 iussa
1200 955 1283 1017 sunt,
1305 951 1517 1010 matrimonium
1539 955 1702 1030 cotttrahit,
1724 957 1834 1014 autad
1857 960 2004 1015 secundas

161 1037 283 1096 eenre'rcr.
738 1081 742 1088 .
1093 1035 1214 1106 nuptias
1235 1037 1353 1106 transit,
1374 1053 1410 1092 ne
1432 1045 1624 1108 promovetor.

233 1121 256 1194 §.
278 1116 308 1182 9.
328 1117 412 1178 Διατ.
433 1111 475 1196 ιη’.
506 1115 540 1178 Ὀ
560 1112 619 1178 άπὸ
639 1123 769 1200 μεταχεῖν
790 1113 934 1200 γενόμενος
961 1122 1051 1200 κληρι-
1177 1117 1208 1190 3.
1231 1117 1259 1174 9.
1281 1121 1380 1176 Const.
1401 1120 1450 1175 13.
1494 1123 1549 1189 Qui
1579 1140 1616 1179 ex
1638 1123 1779 1180 monacho
1802 1123 1929 1182 clericus
1951 1129 2002 1182 sa·
2021 1133 2080 1177 Non.
2095 1133 2120 1178 ε.

160 1198 202 1274 τάς
217 1199 258 1304 μὴ
285 1204 406 1282 γαμείτω
436 1197 640 1280 ἢπορνεοίτω.
660 1231 703 1247 -
729 1207 820 1265 Τοῦτο
832 1203 876 1280 12)
897 1199 937 1284 μὴ
959 1227 1051 1283 παρα-
1093 1207 1160 1259 ctus
1183 1207 1242 1275 est,
1270 1219 1391 1261 uxorem
1419 1221 1456 1260 ne
1484 1205 1657 1284 ducitozaut
1685 1213 1837 1264 scortator.
1885 1213 1950 1268 lloc
1977 1211 2004 1268 si

160 1289 299 1365 ηιλαττων
320 1281 431 1364 ι’διάτης
451 1285 494 1362 (ν.
514 1281 638 1364 ίδιάτης)
659 1283 815 1368 γενήσεται,
836 1285 876 1368 με)
897 1283 1053 1368 δυνάμενος
1093 1301 1152 1344 nou
1175 1287 1321 1362 observet,
1342 1290 1475 1361 privatus
1495 1293 1563 1366 flet,
1586 1293 1636 1364 qui
1657 1292 1696 1348 ad
1716 1293 1850 1350 militiam
1871 1294 2005 1366 αεμὶιενο

159 1369 354 1453 στραιιίανλῧ)
375 1372 565 1449 παρεμβαλεῖν
575 1369 630 1450 ¹⁴).
1094 1385 1152 1428 nou
1173 1372 1277 1443 possit.

234 1458 257 1531 §⁴
278 1453 307 1519 3.
334 1459 375 1516 D:
397 1451 438 1516 δ’.
465 1457 537 1516 διατ.
557 1449 619 1534 κβ’,
645 1449 699 1534 Μὴ
722 1457 851 1519 κωλυέτω
872 1454 889 1520 ὁ
910 1449 1054 1528 πολιτικὸς
1179 1455 1211 1528 β.
1232 1455 1262 1511 3.
1283 1456 1340 1514 Tit.
1362 1453 1392 1511 ⁴¹.
1420 1461 1513 1515 coniti.
1541 1456 1593 1516 32.
1649 1459 1756 1518 Civilis
1786 1464 1838 1518 aut
1862 1461 2001 1520 1311113118
2018 1469 2079 1514 ch.
2097 1469 2153 1515 131-

157 1536 174 1620 ἢ
202 1533 400 1620 στρατιωταιὸς
435 1529 530 1618 ἄρχων
564 1541 695 1618 νομίμους
729 1537 978 1602 συναλλάττςσθαι
1005 1535 1053 1620 μά·
1094 1539 1300 1614 magistratus,
1341 1542 1495 1612 quominus
1528 1543 1680 1618 legitimae
1708 1547 1919 1603 collimitantur
1943 1563 2005 1604 nu·

156 1648 226 1704 μοας.
247 1659 290 1669 -
325 1619 596 1702 trepidaremus
617 1627 914 1703 γυναικώνίπλαίτίη
938 1620 979 1706 με)
1006 1629 1053 1704 ῥη·
1095 1625 1185 1698 patine,
1207 1640 1245 1681 ne
1266 1625 1428 1700 prohibeto.
1450 1657 1492 1668 -
1519 1629 1565 1686 Ite
1586 1629 1659 1686 viris
1682 1630 1919 1704 strumentus,
1953 1631 2005 1703 qui

157 1713 207 1779 τοῖς
226 1709 418 1790 διηηορευμένη
437 1712 479 1784 τῷ
508 1702 587 1786 νόμῳ
618 1704 788 1788 πεμπόντων
812 1705 944 1790 άλλήλοις
972 1711 1053 1790 χειρί·
1096 1711 1215 1781 μιαρίαν
1241 1725 1377 1766 caussam
1399 1710 1568 1784 specialiter
1593 1712 1625 1771 in
1651 1714 1721 1789 lege
1746 1729 1805 1772 nou
1832 1729 2003 1788 expressam

158 1815 262 1874 σματα,
294 1793 341 1851 καί
366 1793 430 1872 περὶ
455 1796 506 1870 τῆς
531 1789 626 1852 αὐτῶν
651 1787 854 1870 ὑποστάσεως,
885 1795 932 1854 καί
960 1797 1054 1864 ποίαις
1096 1793 1219 1864 repudia
1240 1795 1298 1852 sibi
1319 1795 1447 1868 mittunt,
1468 1812 1504 1854 ac
1525 1797 1563 1852 de
1581 1797 1869 1873 substantiaeomm,
1890 1806 1920 1858 et
1934 1801 2006 1872 ηαλ-

158 1873 357 1957 ὗποβάίλονται
376 1885 494 1948 ποιναῖς,
514 1877 561 1936 καλ
581 1878 645 1956 περὶ
664 1881 762 1958 μοιχοῦ
782 1881 829 1940 καλ
846 1873 980 1959 μοιχάδος
994 1881 1053 1940 δια·
1095 1878 1152 1934 ltus
1172 1879 1276 1951 poenis
1298 1880 1508 1956 sublimantur,
1538 1887 1568 1937 et
1589 1880 1626 1939 de
1646 1885 1779 1940 adultero
1809 1885 1896 1940 etde
1917 1885 2006 1942 adul-

160 1957 271 2040 τιποῑῆ
293 1957 417 2032 διάταξις
427 1958 482 2036 ¹⁵).
522 1963 569 2020 καλ
596 1957 750 2042 άιάμνιοδη
773 1964 814 2041 (v.
835 1959 994 2042 άιάηνωίλι)
1017 1956 1055 2024 τά
1096 1967 1160 2019 tera
1182 1962 1291 2037 (hacc)
1313 1966 1485 2022 constitutio
1507 1967 1612 2022 sancit.
1654 1971 1703 2028 Ae
1731 1969 1800 2042 lege
1821 1970 1896 2024 haec
1918 1971 2005 2041 capi-

163 2049 218 2125 περὶ
236 2039 340 2105 τούτων
360 2039 500 2122 κεφάλαια
510 2042 562 2122 ¹⁸).
583 2078 627 2090 -
650 2043 698 2106 Ἐκ
719 2051 771 2125 τῆς
790 2043 976 2118 ὑποστάσεως
996 2051 1054 2106 τῶν
1097 2050 1146 2116 ta,
1174 2063 1250 2118 qnae
1272 2049 1309 2104 de
1331 2049 1378 2104 his
1399 2055 1534 2106 tractant.
1560 2083 1601 2096 -ν
1637 2054 1685 2110 Ex
1706 2054 1873 2109 substantia
1894 2069 2004 2128 carum,

166 2127 205 2192 διά
227 2129 305 2206 τελλ)
332 2127 452 2209 ἔγκλημα
485 2123 607 2206 θανάτῳ
634 2123 652 2208 ἢ
680 2125 809 2209 δημεύσει
834 2129 1054 2210 δποβληδέντων
1095 2132 1146 2201 qui
1167 2137 1285 2204 propter
1305 2133 1423 2204 aliquod
1445 2134 1583 2191 delictum
1604 2137 1690 2192 morti
1712 2143 1762 2194 aut
1784 2137 1923 2194 bonorum
1944 2155 2003 2210 ηια-

168 2215 319 2294 ίξαιρείσδω
346 2211 364 2292 ἡ
391 2211 476 2292 προῖξ
500 2216 548 2274 καλ
574 2211 591 2290 ἡ
613 2208 670 2294 πρὸ
697 2209 789 2294 γάμου
817 2211 910 2295 δωρεαὶ
930 2219 988 2276 τῶν
1008 2238 1053 2295 μιν·
1094 2215 1247 2275 blieationi
1269 2217 1397 2274 subiecti
1419 2225 1503 2292 sunt,
1526 2220 1579 2275 dos
1602 2224 1632 2276 et
1653 2225 1722 2278 ante
1742 2223 1862 2293 nuptias
1882 2221 2002 2285 donatio

171 2305 254 2362 ιααάν
274 2296 373 2358 αιἰτάν.
415 2301 442 2360 εί
459 2295 489 2358 di
508 2290 639 2378 άπροικοι
659 2301 737 2374 εἰσίν,
758 2293 792 2360 τὸ
813 2303 948 2379 τέταρτον
967 2301 1052 2380 μέρος
1093 2315 1216 2358 uxorum
1238 2302 1440 2376 excipiunt0r3
1462 2303 1509 2361 siu
1531 2304 1681 2362 indotatae
1702 2311 1787 2380 sunt,
1810 2311 1913 2378 quarto
1934 2323 2002 2380 pars

96 2426 100 2438 .
172 2389 210 2464 της
225 2384 390 2461 περιουσίας.
1092 2385 1285 2442 substantiae.

238 2465 262 2548 ᾗ.
281 2461 308 2530 4.
335 2469 376 2527 ll:
397 2461 434 2528 ι’.
455 2468 526 2528 διατ.
547 2460 586 2527 δ’.
606 2457 793 2548 sinonem)
819 2461 888 2548 μοι)
908 2467 953 2528 ἐπὶ
979 2460 1051 2528 άπά·
1176 2468 1209 2542 3.
1230 2467 1259 2530 1.
1286 2471 1345 2528 uit.
1372 2465 1400 2530 e.
1431 2477 1525 2528 const.
1546 2469 1575 2528 d.
1616 2472 1729 2531 Mulier
1749 2473 1897 2550 locuples,
1927 2491 2002 2548 quae
2019 2481 2079 2524 λον.
2094 2479 2136 2525 ⁵³·

173 2557 207 2630 ηρ
220 2546 404 2630 retentionem
425 2548 504 2632 άνδρλ
525 2547 632 2632 χωρὶς)
654 2551 699 2631 ¹9)
721 2557 843 2633 γαμικῶν
864 2553 1052 2631 συμβολαίων,
1092 2569 1222 2626 paupere
1242 2555 1346 2612 marito
1366 2555 1469 2613 relicto
1492 2557 1603 2628 absque
1624 2557 1771 2614 dotalibus
1800 2560 2004 2616 instrumentis

172 2635 256 2714 ὁμοίως
274 2633 304 2696 δὲ
324 2637 370 2696 καλ
391 2627 567 2714 einnonem)
596 2629 667 2716 ἀνὴρ
693 2639 739 2697 ἐπλ
759 2631 862 2717 άπόρῳ
882 2631 1052 2714 τελευτήσας
1093 2639 1236 2696 δείμασαν
1257 2643 1312 2712 est,
1334 2639 1470 2697 similiter
1490 2657 1562 2699 vero
1584 2642 1673 2698 etiam
1693 2644 1740 2700 vir
1766 2643 1916 2719 locuples,
1943 2646 2004 2718 qui,

172 2722 256 2802 μιααλ
280 2724 319 2790 είς
344 2713 378 2780 τά
409 2721 543 2800 τέταρτον
566 2723 652 2798 μέρος
676 2726 728 2798 τῆς
759 2723 863 2792 οἰκείας
888 2721 1053 2797 περιουσίας
1094 2739 1223 2796 paupere
1244 2725 1373 2798 coniuge
1394 2725 1517 2797 relicte,
1547 2725 1706 2784 defunctus
1727 2731 1789 2803 est,
1817 2728 1850 2786 iu
1871 2735 2002 2802 quarum

171 2805 380 2884 depauperando
406 2799 462 2865 άπὸ
488 2809 539 2865 τοῦ
565 2799 719 2885 περιόντας
747 2805 790 2882 (v.
817 2799 992 2884 περιόντος),
1028 2808 1056 2866 εί
1092 2813 1206 2882 portem
1228 2823 1301 2866 suae
1322 2807 1507 2867 substantiae
1528 2825 1604 2884 eum,
1626 2813 1676 2884 qui
1697 2813 1872 2888 supervivit,
1892 2815 2004 2872 haere-

171 2892 207 2950 ιιά
228 2891 321 2960 παῖδες
340 2882 450 2950 ὕπεισιν
480 2886 584 2960 αὐτοῖς.
626 2891 653 2951 εί
677 2889 706 2950 tt
733 2885 883 2970 ἥττονιλῑ)
905 2882 1052 2970 λιηάτῳι)
1094 2893 1159 2948 dem
1180 2893 1299 2966 habeto,
1321 2893 1378 2949 etsi
1400 2893 1508 2952 liberos
1529 2896 1667 2954 habeam.
1695 2898 1869 2955 sinentem
1890 2900 2004 2956 minore

172 2975 289 3053 πρεσβεία
323 2976 468 3052 τετίμηται
495 2969 576 3052 παρά
602 2977 654 3034 τοῦ
681 2969 914 3053 τελευτήσαντος,
949 2968 983 3036 τά
1011 2976 1052 3034 τέ·
1093 2977 1208 3051 legato*
1226 2981 1278 3034 aut
1313 2978 1490 3035 liberalitate
1520 2996 1540 3034 a
1571 2981 1711 3038 defuneto
1748 2983 1909 3042 honoratus
1946 2987 2003 3058 est,

172 3079 258 3134 ιαρτοι
287 3053 596 3138 προσαναπληροδσδω
610 3058 671 3132 ²²).
719 3053 866 3139 άιάηνωδι
907 3053 960 3138 τὴν
1000 3052 1050 3118 θ’.
1094 3067 1198 3132 quarta
1219 3077 1288 3133 pars
1310 3061 1492 3134 adimpletor.
1533 3065 1618 3142 Lege
1646 3081 1751 3124 nonam
1772 3067 1938 3139 praesentis
1959 3067 2002 3124 ti-

173 3139 260 3215 rni²⁸)
281 3138 422 3221 παρόντος
442 3141 592 3218 τίτλουΜ)
614 3139 747 3216 διάταξιν,
1094 3146 1150 3202 tuli
1172 3146 1417 3204 constitutionem.

241 3225 311 3302 λδ.
336 3229 380 3288 Τλ
400 3221 435 3304 η’.
456 3229 527 3288 διαιτ.
547 3220 588 3288 a'.
608 3229 683 3306 Περὶ
707 3227 875 3310 θυγατέρων
894 3226 1053 3308 βουλιντάν
1178 3229 1212 3302 9.
1232 3227 1262 3286 δ.
1288 3231 1347 3287 llit.
1368 3229 1398 3288 8.
1425 3236 1518 3290 const.
1538 3229 1569 3288 ti.
1616 3237 1662 3294 lte
1689 3233 1807 3292 tiliabus
1833 3235 2000 3310 curialium,
2018 3235 2152 3282 mentor.

171 3306 231 3394 πρὸς
247 3305 331 3392 γάμον
351 3312 529 3391 διδιδομένων
549 3312 634 3391 φησὶν
653 3309 671 3392 η’
693 3306 825 3386 διάταξις.
1094 3329 1171 3386 quae
1191 3314 1223 3370 in
1243 3315 1456 3374 matrimonium
1478 3317 1600 3392 dantur,
1629 3318 1738 3394 (haec)
1760 3321 1932 3378 constitutio
1953 3321 2002 3378 lo-

1114 3399 1203 3456 uitur.

236 3478 307 3556 oti.
332 3483 375 3541 Τί.
396 3473 444 3540 θ’.
465 3481 536 3541 διατ.
556 3473 598 3559 β’.
640 3483 678 3543 ot
697 3477 727 3554 έξ
746 3482 900 3562 ἐλευθέρας
924 3473 1055 3562 ηυιανιάς
1095 3413 1114 3471 q
1179 3481 1211 3556 3.
1233 3481 1262 3539 6.
1290 3482 1348 3539 uit.
1368 3480 1398 3538 9.
1425 3488 1518 3542 const.
1539 3482 1569 3542 2.
1610 3487 1729 3562 Liberi,
1761 3485 1812 3559 qui
1839 3503 1880 3545 cx
1907 3487 2076 3544 liberaitav·
2097 3491 2136 3534 ¹8·

165 3567 295 3644 τεηδίντις
325 3567 424 3635 παῖδες
449 3557 597 3644 προστῴου
624 3567 803 3645 συμβολαίων
828 3560 994 3646 ποιήσαθ’)
1015 3569 1054 3647 γί-
1094 3583 1187 3626 uxore
1207 3567 1352 3640 praerecti
1380 3573 1465 3640 sunt,
1495 3585 1549 3642 per
1575 3571 1715 3630 dotalium
1743 3572 2001 3630 instrumentorum

162 3671 251 3712 ταντα
267 3646 451 3730 (κρίνονται)
471 3643 588 3728 γνήσιοι,
609 3645 712 3711 τούτου
724 3655 904 3730 κρατοῦντος,
925 3647 980 3712 εάτι
993 3645 1051 3731 πρὸ
1095 3653 1309 3710 conlectionem
1329 3647 1407 3710 iusti.
1423 3655 1497 3711 liunt
1517 3654 1589 3731 tilii,
1623 3657 1680 3712 hoc
1707 3657 1825 3713 valente
1846 3657 1912 3713 sive
1933 3662 2004 3713 ante

162 3737 206 3811 τῆς
223 3730 358 3814 ποιήσεως
378 3738 429 3812 της
449 3728 639 3814 tenentem),
667 3731 722 3794 εἴτι
741 3735 789 3795 καλ
807 3731 881 3816 μετά
901 3729 954 3815 τὴν
974 3738 1053 3815 ποίη·
1095 3737 1172 3796 dotis
1193 3737 1448 3814 constitutionem,
1476 3738 1542 3796 sive
1563 3741 1651 3798 etiam
1673 3745 1777 3812 postea
1797 3741 1861 3798 nati
1882 3743 1960 3798 sunt.

161 3839 200 3878 σιν
218 3823 261 3880 ἐνί
316 3837 379 3878 σαν.

235 3825 315 3978 px?
326 3903 410 3962 Διατ.
430 3895 464 3980 η’.
472 3899 520 3980 ²⁷)
558 3898 592 3964 ‘O
612 3896 846 3964 άπαιαταστάσιι
865 3902 1055 3985 βεβαρημένος
1179 3903 1211 3976 9.
1240 3903 1271 3960 7.
1305 3904 1405 3963 Const.
1425 3903 1454 3960 3.
1474 3901 1524 3980 (1)
1573 3907 1629 3977 Qui
1651 3908 1838 3968 restitutione
1865 3907 1999 3985 (aliqua)
2015 3929 2076 3974 noe.
2095 3927 2138 3974 ας,

156 3981 291 4068 έξαιρείτω
313 3981 419 4065 ταύτης
447 3979 485 4046 τά
504 3979 610 4064 μαμιιιά
630 3981 859 4067 συναλλάγματα,
886 3983 926 4069 μν)
948 4009 1054 4069 cuppe-
1095 3995 1233 4048 oneratus
1255 3991 1313 4060 eat,
1335 4003 1373 4046 ex
1394 3989 1451 4046 hac
1472 3995 1650 4066 contractus,
1671 3994 1723 4065 qui
1744 3998 1866 4066 propter
1886 3995 2007 4066 nuptias

155 4065 370 4150 ρυάμενοςπρός
382 4081 563 4168 περιηριιριιῖν
576 4070 620 4146 (v.
632 4067 823 4152 περιγραφὴν)
844 4069 1054 4152 νῇςάποιατα·
1095 4077 1178 4146 λαοί,
1204 4074 1346 4153 recipito,
1375 4079 1408 4130 ut
1429 4078 1525 4132 tamen
1547 4078 1663 4134 renim
1685 4094 1742 4136 non
1764 4079 1873 4136 habeat
1893 4079 1932 4134 ad
1952 4093 2005 4134 re-

154 4151 278 4228 στάσεως
285 4155 332 4229 ²⁸)
362 4147 454 4226 αὔξειν
482 4173 535 4224 τας
562 4147 616 4234 ἤδη
635 4153 834 4235 mopsuest)
857 4152 977 4236 peperere
996 4161 1056 4218 έπι·
1094 4159 1277 4216 stitutionem
1290 4157 1583 4219 circumscribendam
1598 4162 1733 4220 dationes
1749 4163 1907 4236 nuptiales,
1928 4179 2005 4234 quae

152 4233 249 4310 δόσεις
268 4273 312 4285 -
337 4236 374 4301 ‘O
393 4234 551 4318 ἐπιτροπῆς
585 4239 626 4314 (v.
650 4238 825 4320 διιτραπιλς)
853 4237 1053 4320 άποκαταστῆ-
1094 4243 1153 4300 iam
1174 4245 1272 4300 laetae
1293 4246 1373 4317 sunt,
1394 4243 1536 4319 augendi.
1577 4279 1620 4292 -
1662 4247 1720 4316 Qui
1734 4250 1893 4306 restituere
1912 4247 2004 4304 alicui
2069 4245 2080 4272 ⁰

152 4323 253 4402 ces-³⁰)
285 4325 336 4385 τιιλ
362 4325 546 4403 κληρονομία
570 4317 589 4403 ἢ
616 4318 789 4403 noeane)
817 4321 834 4405 ἢ
862 4320 1052 4404 φιδεικόμμιο-
1093 4327 1305 4386 haereditatem
1333 4327 1434 4384 iussus
1464 4332 1511 4384 est
1538 4337 1591 4389 aut
1619 4331 1748 4406 legatum
1777 4336 1830 4391 ant
1850 4333 2004 4390 fideicom-

152 4407 255 4483 oor³²)
277 4404 395 4468 δύναται
421 4412 452 4468 ἐκ
479 4401 584 4486 ταύτης
604 4413 655 4488 τῆς
675 4402 940 4482 ἀποκαταστάσεως
959 4403 1052 4471 ene·
1092 4413 1225 4486 missum,
1254 4427 1291 4470 ex
1313 4411 1370 4468 hae
1391 4411 1578 4472 restitutione
1599 4417 1699 4474 lacere
1720 4417 1856 4474 dationes
1876 4417 2000 4489 nuptia-

151 4512 210 4563 σιις
229 4487 345 4572 ηαμαάς
366 4498 515 4552 ποιεῖσθαι
534 4487 610 4571 πρὸς
630 4487 682 4572 τὴν
700 4493 705 4573 l
726 4492 772 4569 ³³)
798 4497 857 4555 τάν
877 4489 1052 4575 πραγμάτων
1092 4497 1137 4554 les
1158 4502 1257 4570 potest
1277 4495 1437 4554 secuudum
1458 4512 1555 4558 rerum
1569 4501 1739 4574 qualitatem
1759 4507 1790 4560 et
1806 4517 1889 4560 suam
1907 4502 2003 4574 ipsius

149 4571 284 4654 ποιότητα
304 4579 350 4638 καλ
371 4571 405 4637 τὸ
426 4579 526 4638 οίκιῖαν
545 4574 665 4656 άξίωμα.
1092 4581 1276 4656 dignitatem.

235 4655 260 4740 ᾗ.
285 4661 313 4728 8.
341 4661 425 4722 Διατ.
445 4656 494 4721 o'.
528 4654 596 4722 Ἐάι
621 4659 638 4722 ὁ
660 4663 826 4742 διαθέμενος
851 4653 975 4724 καλιάσιν
1007 4665 1050 4740 τῷ
1176 4665 1208 4739 5.
1229 4665 1258 4722 3.
1280 4670 1379 4728 coust.
1399 4669 1430 4728 9.
1471 4670 1506 4730 Sl
1535 4668 1578 4746 la,
1606 4669 1656 4742 qui
1682 4675 1895 4729 testamentum
1915 4669 2002 4744 fecit,
2016 4687 2077 4732 nov.
2097 4687 2154 4734 tos.

148 4743 184 4800 ιελ
203 4741 308 4824 ρσνόμῳ
321 4745 368 4822 ³⁴)
395 4742 635 4824 ἀποκαταστῆσαι
660 4749 730 4820 τινί,
743 4815 747 4824 ,
760 4739 819 4810 ὅσα
845 4744 951 4830 εὑρεθῇ
980 4742 1049 4827 ἔχων
1091 4747 1205 4808 iubebit
1226 4751 1382 4814 haeredem
1410 4757 1568 4814 restituere
1590 4755 1697 4830 alicui,
1725 4756 1865 4830 quiequid
1891 4755 2002 4812 habere

150 4765 246 4902 [ἢάθῆ
265 4835 312 4904 τῆς
332 4831 517 4909 κληρονομίας
544 4833 572 4891 έν
599 4834 640 4907 τῷ
665 4833 773 4910 μέλλειν
800 4827 888 4894 αὐτὸν
915 4829 965 4893 τὸν
985 4831 1049 4911 κλη-
1089 4849 1129 4892 ex
1150 4851 1187 4892 ea
1207 4837 1390 4898 naeredttate
1407 4840 1546 4900 inventus
1568 4841 1608 4898 sit
1628 4843 1699 4914 tum,
1721 4857 1785 4898 cum
1808 4841 1873 4913 ipsc
1894 4840 2002 4896 haeres

148 4906 321 4996 ρονόμοι39)
350 4915 497 4992 τελευτᾷν,
528 4909 569 4994 μὴ
593 4919 692 4978 πάσαν
717 4909 865 4996 elenu)
893 4909 1048 4980 δαπανάνα
1089 4921 1247 4980 moriturus
1268 4928 1331 5000 est,
1362 4941 1400 4983 ne
1420 4930 1512 4985 totam
1532 4925 1578 4984 sic
1601 4925 1762 4998 disperdite
1778 4925 2000 4998 haereditatem,

136 5113 543 5137 m

222 5261 263 5329 11)
277 5263 366 5316 codex
382 5260 479 5327 γάμον.
553 5264 671 5332 12)Pro
688 5269 770 5319 τοῦτο
787 5253 1056 5320 conmendantes
1141 5269 1186 5337 ta)
1201 5275 1247 5326 stc
1264 5274 1365 5327 codem
1401 5275 1455 5328 un.
1472 5277 1497 5327 1.
1515 5280 1600 5327 coast.
1618 5277 1660 5327 ts.
1679 5273 1809 5347 στρατεία.
1895 5269 1942 5338 11)
1957 5273 2002 5322 lio

136 5327 249 5381 Codex.
280 5335 331 5386 ute
349 5332 375 5384 1.
394 5333 759 5405 αοατί.13.παριμβάλλειν.
846 5332 891 5398 ta)
911 5337 964 5388 Pro
982 5335 1101 5397 διάταξις
1116 5339 1206 5392 codex
1223 5343 1302 5394 habet
1323 5343 1392 5396 διατ.
1479 5341 1525 5407 tc)
1542 5345 1632 5396 Codex
1650 5340 1831 5398 latescerent.
1849 5353 1899 5402 pro
1918 5341 2001 5390 verbo

133 5397 281 5456 κεφάλαια.
347 5399 394 5463 17)
412 5401 505 5452 Codex
520 5401 601 5453 διατι.
677 5401 722 5467 ts)
740 5405 792 5454 Pro
810 5399 922 5472 εὔπορος
938 5405 1029 5455 Codex
1047 5401 1099 5457 ἄπο
1117 5425 1144 5465 ος
1169 5411 1255 5460 habet.
1329 5410 1376 5476 19)
1399 5413 1494 5476 incipit
1509 5413 1556 5462 fol.
1574 5413 1636 5462 14⁷.
1654 5413 1686 5460 A.
1755 5407 1872 5474 29)·Ριο
1890 5403 2001 5476 εὔπορος

133 5464 237 5516 Codex
251 5470 328 5520 hahet
344 5464 452 5534 ἄπορος.
537 5467 583 5532 21)
601 5471 653 5522 Pro
671 5465 762 5536 ἥττονι
779 5471 869 5522 Codex
887 5461 968 5538 ἧττον
984 5475 1068 5526 habet.
1101 5425 1169 5526 λὐιί
1184 5473 1275 5543 ἥττονι
1293 5481 1333 5532 tlt.
1353 5483 1379 5530 δ.
1397 5485 1482 5534 const.
1500 5481 1529 5531 4.
1546 5480 1643 5529 codron
1660 5480 1739 5528 addit.
1839 5473 1887 5539 22)
1909 5475 2003 5526 Codex

132 5537 425 5619 προσαναπληρουρ9”.
509 5535 557 5600 23)
573 5539 627 5590 Pro
644 5541 692 5589 τοῦ
710 5539 801 5590 Codex
817 5541 864 5604 τῆς
881 5542 965 5621 nabet.
1049 5540 1098 5606 24)
1115 5543 1168 5595 Pro
1185 5545 1316 5615 παρόντος
1336 5547 1426 5599 cirion
1444 5545 1562 5604 διάταξιν
1579 5547 1670 5595 Codex
1687 5547 1764 5596 habet
1785 5541 1999 5600 eonnectitur.

132 5598 188 5662 23)
209 5601 299 5654 Codex
314 5621 439 5686 νιοιηπειςΙ
452 5605 542 5656 habet.
621 5605 669 5671 26)
685 5607 738 5690 λῖιο
756 5608 847 5658 veritis
864 5625 911 5688 της
927 5605 1034 5678 προικὸς
1050 5613 1090 5660 tit.
1109 5613 1134 5660 9.
1154 5619 1240 5664 coust.
1258 5617 1285 5666 2.
1303 5617 1354 5665 τῶν
1370 5631 1391 5666 π
1408 5615 1504 5680 asapius
1520 5615 1606 5664 habet.
1690 5613 1735 5677 27)
1751 5615 1805 5664 Pro
1822 5560 1890 5661 άιιιτ.
1908 5609 1942 5693 7¹5
1961 5612 2001 5661 le-

132 5671 312 5750 sendnmest
328 5671 399 5722 διατ.
417 5690 451 5734 μ.
483 5736 491 5756 ,
517 5670 564 5754 28)
581 5673 672 5755 Codes
688 5671 743 5725 απὸ
760 5691 948 5732 sarantasmum.
1034 5676 1081 5741 29)
1103 5680 1169 5730 Post
1191 5693 1287 5732 vocem
1309 5635 1447 5745 γενομένας
1470 5687 1510 5732 tn.
1528 5683 1553 5730 9.
1572 5683 1657 5731 consi.
1680 5685 1707 5731 3.
1731 5679 1783 5750 πρὸ
1800 5682 1847 5748 τῆς
1864 5679 2001 5758 descedente

132 5735 226 5787 addit.
300 5738 348 5804 30)
366 5739 458 5822 Codes
473 5755 528 5789 οιπο
546 5758 716 5793 νατασταααι.
802 5741 849 5806 31)
866 5743 958 5794 (lodex
974 5745 1091 5807 λιματον.
1126 5748 1176 5797 'rte
1196 5752 1222 5798 9.
1239 5756 1325 5801 const.
1344 5755 1369 5801 3.
1388 5747 1501 5816 λημάτον
1517 5749 1605 5799 habea
1689 5747 1734 5814 32)
1753 5750 1843 5800 Codex
1861 5745 1999 5805 chrcsop·

134 5819 244 5886 Quum·
310 5805 358 5872 33)
375 5807 471 5870 λαολριι
487 5808 532 5858 tol.
552 5808 612 5858 14⁷.
630 5811 658 5859 B.
708 5807 755 5874 34)
771 5812 823 5861 Pro
840 5811 932 5862 verbis
948 5813 986 5877 τῷ
1003 5809 1159 5882 κληρονόμοι,
1176 5829 1242 5880 qnae
1260 5821 1298 5868 tlt.
1317 5821 1342 5867 e.
1360 5821 1446 5867 coust.
1465 5819 1491 5865 e.
1509 5818 1646 5878 habentur,
1662 5816 1753 5868 Codex
1770 5813 1802 5868 τὸ
1819 5814 1901 5886 κλήρῳ
1914 5814 2001 5862 habet·

133 5869 463 6013 ιιιιιααιιι
477 5878 874 6001 mnesteus)
892 5881 918 5928 ⁹·
950 5945 1200 6012 .
1423 5885 1488 5950 a»
1504 5881 1531 5934 ι
1546 5885 1595 5952 ..
1610 5885 1805 5960 ιι...
1884 5879 1930 5946 ο
