4784 7068
417 545 496 616 ron
1123 527 1550 620 'arnnnnsu

513 731 563 822 β’.
575 734 622 816 ”)
654 730 748 810 ὥστε
767 728 854 826 τοὺς
873 735 1141 837 ἀπελευθέρους
1161 744 1229 813 τοῦ
1249 740 1321 812 λοι-
1463 735 1587 816 Const.
1615 740 1649 811 2.
1690 739 1739 815 Ut
1770 737 1816 816 de
1848 739 1982 838 reliquo
2013 740 2129 817 liberti
2159 767 2254 821 aureo

389 841 489 911 ποῦ
510 841 650 937 χρυσοῦ
675 839 868 912 δακτυλίου
888 834 950 912 καί
970 840 1242 933 παλιγγενεσίας
1267 835 1321 942 με)
1361 840 1488 913 annulo
1513 863 1558 914 ne
1582 839 1764 940 indigeant
1788 854 1823 918 et
1847 843 2010 918 natalium
2035 843 2255 946 restitutione,
2361 915 2362 920 ,

415 941 566 1014 δεῖσθαι
590 936 653 1013 καί
675 933 723 1012 τά
748 939 836 1039 ἑξῆς.
986 1039 989 1046 .
1361 941 1563 1039 etreliqua.

282 1153 342 1198 ntor.
358 1153 399 1201 as.
497 1123 530 1188 Ὁ
557 1120 645 1200 αὖῐὸς
671 1121 804 1208 βασιλεὺς
831 1129 873 1204 τῷ
905 1122 983 1203 αὐτῷ
1001 1126 1058 1202 ²³).
1113 1126 1260 1188 Τίλειον
1273 1125 1320 1206 ²⁴)
1445 1132 1525 1189 Idem
1562 1130 1720 1206 imperator
1752 1131 1856 1191 eidem.
1911 1133 2072 1194 Summum
2108 1137 2194 1195 roobia
2222 1152 2257 1196 ια

416 1205 502 1292 ἡμῖν
522 1207 694 1276 ἁπάντων
712 1217 779 1274 τῶν
792 1209 838 1290 ²⁶)
862 1208 1017 1293 ἀγαθοῖν
1031 1209 1088 1289 ²⁶).
1362 1219 1497 1276 omnim
1525 1219 1618 1274 ορηςς,

494 1347 532 1408 Oi
559 1341 786 1450 ίλευθεροάριενοι
813 1348 939 1408 πολεῖται
969 1347 1009 1426 (v.
1030 1343 1157 1422 πολῖται)
1177 1341 1320 1425 Ῥωμαίων
1445 1353 1501 1421 Qui
1522 1353 1774 1425 manumittuntur,
1798 1349 1880 1408 cives
1892 1351 2018 1409 Romani
2038 1355 2119 1426 flant,
2140 1353 2190 1411 ius
2209 1371 2258 1413 an·

415 1433 610 1513 protodoctor,
643 1430 769 1493 αιίτοθεν
795 1428 902 1512 ἔχοντες
926 1427 960 1494 τὸ
991 1434 1097 1492 δίκαιον
1124 1435 1180 1492 τῶν
1207 1434 1320 1511 χρυσῶν
1359 1453 1474 1494 reorum
1506 1439 1678 1494 annulorum
1708 1441 1739 1492 et
1774 1437 1914 1493 natalium
1941 1439 2141 1496 restitutionis
2171 1443 2258 1498 statim

415 1518 571 1578 iuuenilem
602 1518 649 1578 καί
676 1521 727 1597 τῆς
760 1518 984 1596 παλιγγενεσίας,
1019 1514 1194 1595 ὑποκείμενου
1226 1519 1320 1594 μέντοι
1360 1523 1520 1596 διπλασίου,
1542 1524 1585 1578 ita
1607 1527 1702 1578 tamen
1724 1526 1757 1578 ut
1776 1525 1947 1593 patronatus
1968 1523 2027 1578 iuri
2047 1524 2177 1580 subiecti
2199 1525 2257 1597 sint,

415 1613 474 1672 τοῖς
495 1613 686 1681 πατρωνοιοῖς,
708 1595 789 1678 εἰμὴ
811 1605 901 1681 ῥητῶς
926 1595 1100 1660 καὶτούτων
1121 1594 1224 1670 αὐτοὺς
1246 1597 1317 1678 άηοῆ·
1360 1607 1420 1663 nisi
1441 1609 1610 1679 specialiter
1631 1612 1660 1662 et
1688 1606 1724 1662 ab
1746 1607 1803 1662 hoc
1823 1606 2017 1662 manumissor
2045 1623 2096 1664 eos
2122 1608 2260 1666 liberavit

415 1685 518 1761 κενλῚ)
540 1683 555 1746 ὁ
578 1681 770 1766 ἐλευθερωτής
778 1683 834 1764 ²⁸).
877 1690 905 1745 οί
924 1679 1072 1766 άχάριστοι
1091 1687 1157 1764 περί
1178 1680 1243 1754 τοὺς
1264 1677 1317 1744 πά·
1358 1692 1402 1763 li,
1430 1693 1480 1764 qui
1508 1691 1620 1765 ingrati
1646 1691 1788 1747 adversus
1809 1694 1946 1762 patronos
1976 1697 2187 1766 apparuerunt,
2214 1700 2257 1751 ant

415 1791 525 1850 τρωνας
553 1771 683 1848 φανέντες
711 1761 729 1848 ἢ
758 1766 825 1840 τοὺς
851 1772 955 1840 παῖδας
983 1765 1077 1830 αὐτῶν
1104 1764 1121 1846 ἢ
1152 1765 1318 1848 ὑβρίσαντες
1357 1776 1466 1832 liberos
1494 1792 1593 1832 eorum
1620 1775 1669 1831 vei
1696 1775 1804 1832 iniuria
1824 1775 1873 1831 vel
1895 1775 1998 1832 damno
2028 1779 2208 1850 affecerunt,
2232 1779 2258 1836 in

414 1847 639 1936 ἢζημιάσαυτες
656 1848 1018 1930 καταδουλοίσθωσαυβθ).
1045 1847 1248 1932 ὁβουλάμενος
1267 1847 1318 1928 τὴν
1359 1861 1531 1918 servitutem
1559 1860 1753 1918 retrahuntor.
1795 1859 1852 1927 Qui
1881 1860 2014 1916 libertam
2042 1877 2126 1918 suam
2159 1863 2260 1920 iustam
2361 1897 2362 1920 t

414 1941 486 2000 ίδίαυ
524 1939 571 2010 (v.
597 1937 689 2018 ἰδίαν)
718 1935 913 2018 άπελευθίραν
944 1933 1060 2016 νόμιμον
1094 1933 1161 2016 ἔχειν
1194 1931 1317 2030 γαμετίην
1349 1960 1480 2002 uxorem
1509 1945 1618 2002 habere
1645 1945 1723 2016 vuit,
1757 1944 1949 2000 instrumenta
1980 1945 2091 2002 dotalia
2117 1947 2210 2004 tacito
2234 1951 2260 2005 et
2361 1943 2362 1950 ’

415 2021 582 2097 nocivam)
605 2021 814 2101 npcmdorffl),
847 2024 894 2084 καί
914 2019 968 2095 ἕξει
989 2016 1076 2101 αὐτην
1105 2020 1229 2097 [καί]3δ)
1251 2043 1317 2090 τους
1358 2029 1452 2100 ipsam
1481 2029 1600 2086 habebit
1627 2029 1751 2103 [iustam
1775 2029 1912 2103 uxorem)
1938 2032 1969 2085 et
1990 2045 2049 2101 eos,
2072 2031 2122 2102 qui
2146 2047 2186 2088 ex
2203 2033 2260 2104 ipsa

415 2105 445 2179 ἐξ
460 2105 547 2184 αὐτῆς
555 2105 600 2184 ³³)
620 2109 772 2187 τεχθέντος
781 2105 825 2184 ³⁴)
841 2111 969 2208 γνησίους
977 2104 1036 2188 ³⁵).
1063 2103 1135 2181 6³⁶)
1154 2117 1258 2185 προῖκα
1268 2103 1315 2180 ³⁷)
1358 2114 1525 2188 acrisoni,
1547 2115 1642 2170 iustos
1664 2111 1816 2188 (liberos).
1856 2115 1897 2183 ls,
1919 2113 1968 2186 qui
1995 2115 2193 2174 instrumenta
2212 2117 2261 2173 do-

414 2187 537 2270 ποιὴσας
558 2195 592 2268 τῇ
612 2193 668 2268 ἰδίη
687 2192 728 2270 (v.
744 2189 814 2268 ἰδίη)
836 2193 920 2269 incip
930 2189 985 2268 ³⁸),
1006 2191 1157 2270 ἐλευθέραν
1172 2185 1260 2269 αὐτὴν
1268 2187 1314 2266 ³⁹)
1357 2194 1484 2272 taliam
1513 2214 1579 2254 cum
1600 2213 1687 2254 serva
1708 2214 1765 2254 sua
1785 2198 1928 2269 confecit,
1958 2199 2062 2270 efficit,
2084 2204 2118 2256 nt
2138 2202 2207 2272 ipsa
2224 2202 2261 2258 li-

414 2277 461 2337 ιιαί
489 2272 605 2356 νόμιμον
633 2271 839 2358 παρασκευάζει
865 2278 997 2356 γενίσθαι
1024 2270 1145 2354 γαμετὴν
1172 2276 1218 2334 καί
1245 2271 1313 2344 τοὺς
1353 2283 1425 2338 bera
1453 2285 1504 2338 dat
1537 2287 1568 2338 et
1595 2283 1674 2340 iusta
1700 2297 1789 2354 uxor,
1818 2287 1914 2356 atque,
1936 2282 1953 2357 (
1960 2283 2016 2358 ut)
2046 2283 2132 2340 liberi
2166 2291 2199 2341 et
2229 2287 2260 2342 ad

414 2362 519 2432 παῖδας
527 2359 573 2438 ⁴⁰)
587 2361 753 2440 ἐλευθέρους
767 2363 813 2420 ταί
828 2357 868 2443 (v.
885 2355 929 2438 τί)
940 2359 984 2439 ⁴¹)
1006 2360 1052 2419 καί
1067 2360 1202 2437 γνησίους.
1220 2347 1323 2437 Ἐγρίί
1354 2367 1518 2424 libertatem
1548 2371 1578 2424 et
1606 2367 1644 2422 ad
1671 2367 1735 2422 iura
1763 2367 1906 2424 iustorum
1933 2367 2058 2424 tiliorum
2086 2371 2260 2441 perveniant

413 2439 606 2506 καλάυδων
636 2445 903 2525 Φεβρουαρίων
930 2441 1130 2524 βασιςΙθ)
1167 2439 1312 2504 ‘lavore
1357 2452 1481 2524 Scripta
1508 2457 1551 2509 eat
1580 2451 1717 2516 Calendis
1744 2451 1920 2509 Februariis
1952 2453 2072 2526 imberti
2098 2454 2260 2512 Iustiniani

414 2533 540 2590 νιανοῦ
570 2529 610 2608 (v.
636 2525 919 2612 Ἰουστινιανου)
947 2523 987 2592 τὸ
1015 2521 1070 2603 ιβ’.
1091 2523 1252 2613 ὑπαιτίους
1274 2525 1315 2604 (v.
1358 2535 1821 2610 αππο12..4γιρίοπτοοποειίο.

415 2608 608 2690 ductatore)
628 2609 869 2691 Ἀπίωνος43).

514 2793 562 2889 γ’.
571 2797 618 2878 ⁴⁴)
660 2792 908 2896 ddcdccdccc}
931 2790 992 2870 διὰ
1014 2802 1087 2870 τῶν
1106 2791 1316 2890 ἀξιωμάτων
1458 2799 1583 2878 Const.
1609 2799 1645 2874 3.
1686 2798 1918 2894 Constitutio,
1964 2827 2053 2900 quac
2083 2802 2262 2904 dignitati-

414 2895 475 2972 καί
509 2902 708 2997 ἐπισκοπῆς
728 2891 982 2999 ’ἐλευθεροῦσα
1012 2906 1080 3000 τῆς
1111 2893 1315 2984 ὑπεξουσιό-
1356 2903 1422 2979 bns
1455 2912 1491 2978 et
1527 2903 1733 3003 episcopatu
1769 2904 2063 3000 (filiumfamilias)
2100 2932 2123 2980 a
2157 2907 2261 3009 patria
2361 2903 2362 2990 ζ

300 3046 307 3061 -
413 3027 533 3101 τητος.
1356 3013 1532 3106 potestate
1557 3005 1691 3080 liberat.

282 3210 342 3253 xor.
357 3207 398 3254 si.
496 3186 530 3252 Ὁ
556 3185 709 3267 ίνπρακτος
736 3187 777 3266 (v.
798 3184 1027 3269 ἔμπρακτος)45)
1054 3192 1102 3252 καί
1122 3188 1243 3272 ἔπαρχος
1269 3191 1316 3252 καί
1427 3195 1462 3252 In
1479 3199 1548 3252 actu
1562 3195 1739 3252 constitutus
1752 3197 1809 3250 tam
1826 3197 2004 3272 praefectus,
2025 3213 2111 3269 quarn
2124 3198 2263 3274 magister
2361 3195 2362 3198 ’

412 3267 608 3354 στρατηλάτης
637 3274 683 3332 καλ
710 3269 726 3333 ὁ
755 3268 814 3332 άπὸ
842 3267 958 3333 ὑπάτων
985 3273 1031 3333 καί
1059 3273 1075 3334 ί
1105 3281 1143 3347 είς
1164 3271 1316 3355 ἐπισκοπὴν
1356 3279 1480 3337 militum
1497 3285 1527 3336 et
1541 3280 1707 3336 consularis
1730 3285 1759 3336 et
1780 3279 1818 3353 is,
1839 3280 1890 3352 qni
1911 3281 1948 3336 ad
1972 3281 2173 3354 episcopatum
2195 3299 2262 3356 pro-

412 3353 606 3440 προαγόμενος
639 3359 838 3436 ἐλευθεροῦται
872 3359 922 3432 τῆς
931 3356 977 3436 ⁴⁰)
1008 3353 1249 3440 ίπεξουσιότητος.
1292 3363 1318 3420 εί
1356 3368 1504 3438 movetur,
1526 3379 1544 3419 a
1564 3365 1660 3436 patria
1681 3368 1827 3436 potestate
1848 3365 1998 3422 liberatur.
2038 3368 2127 3439 Nam,
2148 3369 2176 3424 si
2197 3384 2262 3424 ser·
2361 3405 2362 3418 .

413 3439 467 3524 γάρ
489 3444 588 3513 δοῦλος
609 3445 637 3502 ἐν
658 3443 754 3502 είδίσει
776 3441 817 3520 (v.
838 3437 955 3520 είδησει)
978 3439 1119 3505 δεσπότου
1141 3439 1314 3523 στρατευσά-
1355 3465 1429 3524 vus,
1464 3449 1513 3520 qui
1544 3449 1657 3506 sciente
1683 3449 1798 3506 domino
1826 3450 1977 3525 militavit,
2011 3455 2062 3507 ant
2090 3453 2262 3526 dignitatem

412 3549 494 3606 μενος
521 3521 538 3606 ἢ
571 3521 653 3600 άξίαυ
673 3520 753 3608 παρά
772 3527 909 3613 βασιλέως
929 3521 1024 3606 tanda
1044 3529 1243 3608 ἐλευθεροῦται
1263 3533 1314 3607 τῆς
1356 3535 1392 3589 ab
1420 3533 1595 3605 imperatore
1625 3538 1801 3590 consecutus
1830 3539 1892 3607 est,
1920 3535 2127 3592 aconditicaa
2148 3554 2205 3594 sua
2224 3538 2262 3593 li-

412 3606 511 3690 τίγης,
538 3611 634 3686 πολλῷ
643 3608 690 3690 ⁴⁷)
720 3611 828 3690 μᾶλλον
854 3607 869 3670 ὁ
893 3605 1057 3683 ὑπεξυίσιος
1078 3625 1140 3685 ταῖς
1161 3615 1314 3693 εἰρημέναις
1355 3620 1492 3691 beratur,
1519 3617 1608 3676 multo
1636 3619 1732 3692 magis
1753 3619 1847 3698 tilius,
1875 3619 1976 3689 quiin
2002 3621 2096 3692 patris
2118 3627 2263 3693 potestate
2361 3629 2362 3638 ¹

412 3693 504 3766 ἀξίαις
524 3697 671 3774 κοσμεθείς
695 3695 734 3770 (v.
756 3695 931 3772 κοσμηθεί).
975 3697 1193 3776 epitomem),
1215 3691 1260 3758 ὅτι
1281 3695 1314 3758 οὐ
1356 3707 1413 3784 eat,
1433 3703 1460 3759 si
1474 3701 1597 3778 [supra]
1617 3703 1704 3758 dictis
1717 3703 1920 3776 'dignitatibus
1941 3710 2060 3760 ornatus
2083 3706 2133 3780 sit,
2157 3705 2193 3780 (a
2208 3722 2263 3779 pa-
2361 3709 2362 3720 ¹

411 3773 486 3839 κατά
507 3773 556 3838 τὸν
577 3773 684 3856 τρόπον
704 3781 755 3878 τῇς
776 3779 1056 3858 ίμαγιιιπατίονιςη)
1076 3777 1257 3854 αὐτεξοίσιος
1277 3783 1315 3862 γί-
1356 3788 1449 3844 rentis
1468 3793 1614 3859 potestate
1635 3785 1832 3857 liberabitur).
1852 3788 1941 3870 Nota,
1960 3804 2016 3845 non
2035 3791 2073 3844 ad
2091 3791 2264 3862 emancipa-

411 3885 488 3924 νεται
498 3862 543 3941 ⁵⁰)
573 3861 588 3924 ὁ
611 3858 659 3924 διά
680 3883 783 3942 ταυτης
802 3861 1058 3942 deceptionem)
1084 3871 1134 3946 τῆς
1155 3861 1315 3938 διατάξεως,
1356 3871 1447 3929 tionis
1461 3872 1575 3928 modum
1595 3873 1641 3928 sui
1656 3871 1731 3928 iuris
1749 3873 1812 3929 fieri
1829 3887 1905 3946 eum,
1926 3873 1976 3944 qui
1988 3875 2129 3946 perhanc
2146 3876 2262 3932 consti-

411 3945 478 4009 ἀλλ’
509 3943 548 4018 ὡς
580 3951 607 4008 εί
630 3943 805 4025 ἐτελεύτησεν
833 3942 850 4007 ὁ
877 3941 979 4008 τούτου
1004 3945 1107 4030 πατήρ.
1155 3953 1229 4030 μένει
1260 3945 1315 4030 γάρ
1357 3957 1497 4014 tutionem
1515 3957 1654 4012 liberatus
1670 3963 1726 4030 ost,
1749 3957 1812 4028 sed,
1832 3956 1916 4036 quasi
1933 3957 2022 4014 huius
2033 3963 2119 4030 pater
2131 3967 2265 4016 morinus

410 4027 1192 4114 {postponam(v.atpancza)1iteyt1poeotnac
1211 4031 1313 4095 καὶτὸ
1356 4047 1446 4098 esset.
1487 4042 1607 4100 Retinet
1644 4042 1720 4097 enim
1749 4042 1815 4098 iura
1849 4041 1983 4114 legitima
2018 4058 2082 4124 non)
2103 4044 2263 4116 deminuta,

411 4111 556 4178 πεκοάλωυ
589 4107 717 4196 άθηνιτον
750 4117 790 4194 (u.
812 4107 962 4194 άθικτον),
996 4115 1133 4191 καὶτοὺς
1159 4123 1250 4192 ἰδίουςΙ
1272 4119 1313 4197 (u.
1356 4131 1386 4182 et
1415 4127 1561 4197 peculium
1592 4127 1740 4197 illaesum,
1779 4131 1808 4182 et
1835 4125 1945 4182 liberos
1973 4142 2043 4184 auos
2074 4133 2143 4201 post
2170 4129 2265 4201 patris

411 4200 511 4280 ἰδίους)
539 4196 742 4280 παῖδαςμετοὶ
769 4195 898 4279 τελευτὴν
924 4196 1114 4283 τοῦπατρὸς
1141 4197 1312 4264 abscedat
1355 4215 1474 4266 mortam
1502 4213 1533 4268 in
1561 4227 1643 4268 suam
1672 4211 1766 4284 ipsius
1794 4210 1934 4266 familiam
1961 4211 2087 4285 rediget.
2138 4215 2264 4288 Scripta

409 4281 461 4365 τὴν
481 4289 580 4346 ἑαυτοῦ
607 4281 771 4364 ποιὴσειῧῧ)
801 4284 1001 4364 captain).
1021 4275 1140 4368 Ἔγρίί
1158 4282 1229 4367 πρὸ
1261 4281 1312 4347 ιε’.
1355 4297 1400 4351 eat
1425 4302 1496 4352 ante
1529 4297 1580 4352 15.
1609 4297 1756 4353 Οοίοοδαυ
1789 4293 1909 4368 Apriles
1942 4297 2062 4370 imperii
2095 4282 2263 4357 Iustiniani

409 4363 655 4445 καλάνδωνὸῧ)
676 4367 811 4447 Ἀπριλ
832 4371 1026 4450 βασιλείας
1045 4369 1314 4432 Ἱουστινιανοῦ
1355 4394 1437 4437 anno
1459 4381 1511 4438 12.
1529 4379 1668 4455 Appiano
1689 4381 1817 4440 σοπτιιίο.

410 4453 452 4532 (v.
483 4451 768 4530 Ίουστινιανοῦ)
804 4449 845 4515 τὸ
880 4449 934 4534 ιβ’.
962 4453 1120 4528 ὑπατίας
1153 4456 1194 4536 (v.
1231 4453 1314 4517 ὑπα-

409 4535 526 4615 τείας)
546 4536 730 4610 Ἀπίωνος.

508 4755 555 4814 22)
572 4753 615 4806 Ad
631 4758 780 4820 marginem
797 4753 850 4818 οβ’.
934 4757 982 4816 23)
1000 4755 1090 4806 Codex
1107 4759 1136 4806 Β.
1153 4755 1185 4809 τὸ
1203 4756 1279 4812 αὐτό.
1363 4763 1780 4824 24)Νσν.78.λολε1τιλείωυ.
1834 4765 1909 4828 ,21)
1921 4772 1983 4834 vox
1998 4771 2050 4820 τῶν
2066 4773 2095 4822 in
2114 4771 2213 4822 Codice
2232 4773 2265 4820 B.

408 4824 493 4874 deest.
576 4824 624 4892 20)
646 4826 711 4874 Post
727 4825 793 4872 baec
810 4823 900 4874 Codex
917 4825 946 4874 B.
963 4823 1050 4874 addit:
1067 4821 1082 4874 ά
1100 4825 1258 4896 στρατιώτης
1274 4827 1379 4889 (Codex
1395 4831 1553 4900 οτρατιοίτη)
1570 4833 1729 4900 ληγατεάοας
1746 4835 1851 4894 (Codex
1867 4839 2033 4900 λιγατεείοας)
2049 4841 2086 4902 τῷ
2104 4837 2160 4904 ι’δίιγ
2176 4838 2263 4903 δούλῳ

408 4890 548 4960 ἐλεύθερον
568 4886 643 4956 αὐτῷ
667 4891 822 4954 (legendum
846 4887 941 4950 αὐτὸν)
964 4895 1043 4942 ποιεί.
1072 4895 1152 4952 (Nor.
1175 4895 1217 4945 74.
1235 4908 1294 4976 gap.
1311 4899 1350 4957 4.)
1373 4896 1448 4950 Ἄλλο
1470 4903 1519 4951 τοῦ
1539 4899 1632 4952 αὐτοῦ.
1665 4899 1693 4952 Ὁ
1714 4901 1876 4966 βουλόμενος.
1975 4907 2022 4964 27)
2045 4905 2136 4956 Codex
2152 4903 2262 4972 είςὴειευ.

407 4960 454 5017 28)
472 4959 563 5008 Codex
579 4958 762 5027 ίλευθερωτῆς.
845 4959 892 5016 20)
910 4959 1000 5008 Codex
1016 4960 1258 5015 εατυδουλοῦοθυ.
1341 4965 1388 5024 00)
1410 4969 1476 5018 Post
1498 4981 1591 5020 vocem
1613 4970 1727 5022 ποιείτω
1743 4974 1784 5020 tit.
1802 4971 1844 5022 10.
1867 4977 1951 5035 parat.
1969 4975 1995 5034 s.
2011 4974 2053 5022 13.
2077 4987 2170 5024 vocem
2187 4971 2263 5041 αὐτῇ

407 5030 588 5089 interponunt.
623 5025 714 5076 Codex
731 5026 760 5074 ii.
777 5019 858 5089 αὐτῷ.
936 5027 982 5086 31)
999 5027 1090 5078 Codex
1106 5027 1246 5099 πρωτείου.
1280 5031 1371 5084 Codex
1388 5035 1417 5082 0.
1434 5035 1570 5104 πρωτείου,
1655 5039 1701 5096 02)
1717 5039 1778 5088 Vox
1796 5040 1839 5088 καὶ
1856 5043 1884 5090 in
1901 5040 2001 5090 Codice
2018 5041 2103 5102 deest,
2119 5053 2212 5091 verum
2232 5045 2263 5090 in

297 5148 303 5158 ,
407 5093 508 5146 Codice
524 5095 554 5142 B.
572 5093 656 5144 adeat.
691 5093 734 5141 Ad
751 5105 844 5142 vocem
860 5089 944 5159 αὐτὴν
961 5097 1041 5146 iacile
1059 5109 1093 5146 ex
1110 5100 1294 5162 superioribus
1311 5103 1431 5164 suppleri
1447 5109 1537 5166 potest
1554 5101 1663 5166 νόμιμον
1680 5105 1801 5170 γαμετήν.
1841 5109 1901 5156 Non
1924 5107 2047 5170 displicet
2069 5115 2156 5158 tamen
2173 5111 2262 5160 ieetio

407 5164 450 5211 tit.
467 5161 508 5210 10.
525 5165 609 5224 parat.
627 5163 652 5221 S.
670 5160 725 5212 la:
743 5159 849 5210 ποιείτω
864 5158 933 5230 αὐτῇ
952 5165 1080 5232 προιεςίον
1096 5165 1140 5214 καί
1156 5161 1404 5229 τούς-τεχθέντος
1420 5171 1540 5236 γνησίους
1557 5171 1614 5229 ἕξει.
1650 5173 1805 5236 [regendum
1821 5177 1905 5236 igitur
1916 5176 1977 5242 βου.
1990 5177 2065 5228 ioco:
2084 5177 2189 5226 ποιείτω
2207 5174 2264 5226 αὖ·

406 5224 793 5352 titt‘itntttittttt
809 5227 835 5286 ‘⁵
851 5227 1342 5356 “iiiut“timittttit‘i‘
1358 5237 1649 5364 titttttttttn
1665 5241 1859 5359 ...ίίίίίῗ
1874 5228 2100 5362 ἔίίλῖ...ίί
2110 5245 2263 5361 itte

407 5364 470 5426 νηίου.
503 5364 570 5412 Nov.
586 5365 628 5412 78.
646 5377 704 5426 cap.
720 5361 746 5412 4.
762 5363 906 5430 βουληθείη
923 5365 950 5415 ii
973 5364 1065 5422 ἐκεῖνος
1081 5361 1142 5416 ὕστα
1159 5385 1189 5417 ον
1211 5365 1259 5432 τὴν
1282 5369 1396 5436 γαμετὴν
1419 5342 1593 5444 ίλευθερῶσοίι
1610 5375 1653 5425 καί
1675 5378 1791 5444 προικῷοε
1814 5327 1938 5433 evagatae
1959 5327 2119 5442 σίμβόλαιοι,
2144 5331 2216 5438 c‘a'po‘²
2224 5380 2264 5445 τῇ

310 5484 318 5503 ⁸
408 5430 602 5499 τδυπροικῷωυ
619 5432 704 5499 γραφη
722 5436 749 5480 et
767 5436 835 5480 caat
869 5433 922 5482 nrt.
940 5433 981 5485 10.
1000 5437 1083 5496 parat.
1101 5435 1126 5494 s.
1160 5435 1185 5483 3.
1203 5436 1302 5488 babent
1318 5445 1347 5489 et
1363 5452 1457 5490 rocem
1474 5447 1577 5510 προῖκα.
1663 5445 1710 5501 38)
1727 5443 1817 5494 Codex
1834 5445 1863 5492 B.
1881 5444 1968 5510 δοῦλη.
2054 5446 2263 5503 asperorum

329 5544 337 5561 ,
408 5493 493 5560 αὐτὴν
509 5496 599 5547 Codex
616 5500 645 5546 B.
662 5499 741 5548 nabet
756 5496 849 5550 αὐτοῦ.
915 5500 962 5560 40)
981 5501 1070 5552 Codex
1087 5501 1167 5551 habet
1182 5503 1279 5562 παίδας
1294 5523 1332 5556 τε.
1400 5508 1447 5566 41)
1463 5511 1517 5559 Pro
1534 5509 1687 5578 ίλευθίρους
1704 5511 1750 5560 ταί
1767 5511 1857 5562 Codex
1873 5513 1952 5562 habet
1975 5509 2069 5562 ίλευθί
2085 5513 2168 5568 συςοιί.
2199 5514 2265 5564 Go-

302 5571 336 5630 ·,
379 5568 383 5577 “
409 5565 461 5613 dex
476 5564 506 5612 ii.
523 5578 614 5614 vocem
631 5565 677 5616 ταί
694 5569 800 5616 omittit.
883 5567 930 5626 42)
946 5570 1043 5632 incipit
1059 5570 1106 5618 iol.
1123 5569 1181 5620 174.
1198 5572 1233 5620 Α.
1317 5573 1364 5632 40)
1387 5577 1555 5639 subscriptio
1578 5578 1654 5626 tinius
1672 5581 1872 5630 constitutionis
1895 5583 1923 5628 in
1949 5579 2049 5630 Codice
2066 5531 2096 5630 λ.
2114 5583 2179 5630 baec
2193 5587 2262 5629 est:

290 5653 300 5693 ¹·
344 5625 507 5699 Ιιίγρυὶφη
522 5632 651 5712 ραλαυδῶν
669 5633 846 5705 Φεβρουαρίυο
861 5634 1043 5699 βασιλεύοντος
1057 5633 1244 5689 'lavariacum
1261 5636 1293 5690 τί
1310 5639 1358 5722 ιβ’.
1377 5637 1478 5708 incrta
1493 5641 1625 5702 Ἀπίωνος.
1703 5645 1751 5704 44)
1766 5647 1809 5696 Ad
1827 5651 1974 5711 marginem
1990 5648 2052 5698 ποτ’.
2138 5648 2263 5706 45)Ρ1“ο

319 5729 324 5737 -
409 5697 499 5746 verbis
516 5715 530 5747 ο
547 5699 685 5770 trapazetae
702 5705 743 5750 tit.
759 5703 802 5751 22.
818 5707 903 5766 parat.
921 5705 946 5766 s.
963 5705 989 5752 0.
1006 5704 1104 5755 babent
1121 5700 1135 5756 ί
1153 5705 1295 5775 ίμπραετος
1312 5726 1413 5766 υπατος
1429 5711 1473 5762 καί
1491 5715 1519 5760 et
1536 5719 1604 5762 caet.
1638 5713 1687 5774 Ea,
1704 5721 1942 5778 praesequantur,
1960 5719 2002 5766 tit.
2018 5716 2061 5764 22.
2077 5717 2097 5766 l.
2113 5717 2134 5764 l.
2147 5717 2264 5778 plenius

408 5764 563 5816 efferuntur.
629 5769 676 5826 io)
693 5771 755 5818 Vox
770 5771 816 5836 τῆς
834 5775 874 5820 tit.
891 5773 934 5821 22.
950 5777 1035 5834 parat
1053 5774 1079 5834 S.
1096 5775 1122 5822 8.
1139 5773 1224 5825 deest.
1290 5776 1337 5834 4⁷)
1361 5777 1452 5827 Codex
1468 5777 1563 5844 πόλλιγ.
1635 5780 1683 5838 48)
1701 5779 1791 5830 Codex
1805 5781 1863 5850 ῖῆῑ,
1934 5783 1982 5840 to)
2000 5783 2090 5833 Codex
2108 5780 2262 5844 ίμαγιιετά-

408 5848 497 5886 τωνις.
563 5833 609 5892 50)
625 5837 678 5886 Pro
694 5835 792 5897 γίνεται
810 5837 901 5888 Codex
917 5841 996 5889 habet
1012 5841 1126 5906 γίνηται.
1196 5842 1572 5917 51)(ίοδοείλευθιρυθςίς.
1640 5847 1686 5908 22)
1704 5847 1796 5900 Codex
1812 5837 1886 5914 iim.
1957 5852 2004 5912 θθ)
2023 5851 2114 5903 Codex
2129 5853 2259 5916 ποιησαι.

407 5899 455 5959 «54)
472 5897 561 5955 Codex
580 5901 604 5956 F
603 5901 715 5966 σμιλίον.
792 5907 838 5964 to)
855 5907 945 5960 Codex
961 5906 1100 5962 ταίανδυιυ.
