4760 7042
351 515 429 588 198

1074 491 1526 584 concussio

349 711 453 789 ρασίας
478 701 495 786 ή
522 699 676 786 ὑποθήκας
706 696 883 782 πραγμάτων
909 689 1047 776 άκινήτων
1073 703 1134 764 τοῖς
1159 688 1258 760 αὐτοῖς
1307 689 1495 748 venditiones
1524 687 1572 745 vel
1601 686 1787 760 hypothecas
1815 701 1915 744 rerum
1940 682 2153 759 immobilium,
2189 686 2229 744 ad

349 793 477 874 εόαγέσιν
497 789 583 862 οίκοις
610 783 812 868 προσηκόντων
838 782 991 846 όπεισιίναι
1011 775 1030 859 ἢ
1052 775 1091 837 δι’
1114 769 1256 854 ίαστοδή
1308 775 1427 832 easdem
1456 788 1558 830 sacras
1587 772 1687 829 domos
1716 772 1939 844 pertinentium,
1968 771 2017 826 vel
2038 786 2091 844 per
2121 785 2156 828 se
2177 771 2228 830 vel

348 874 398 939 διά
418 878 598 955 παρενθέτοο
618 865 786 950 προσώπου,
806 865 888 931 καθά
897 867 943 943 ⁹³)
964 864 1011 926 καί
1033 859 1145 937 τοῖςθέ)
1168 865 1197 922 έν
1223 863 1258 935 τῇ
1307 875 1361 934 per
1382 857 1586 930 interpositam
1607 872 1761 929 personam
1783 857 1951 928 celebrare,
1980 854 2228 927 quemadmodum

349 963 472 1044 βασιλίδι
492 955 573 1021 πόλει
594 949 683 1030 οόσιν,
702 957 746 1016 ἐπί
767 965 829 1026 ταῖς
850 949 950 1021 αόταῖς
970 957 1079 1018 ποιναῖς
1100 938 1257 1025 άπαγορεό-
1310 950 1340 1000 et
1361 943 1445 1016 lllos,
1476 944 1527 1014 qui
1548 942 1579 997 in
1600 943 1657 1000 hae
1678 943 1764 1016 regia
1786 941 1908 998 eivltete
1929 945 2016 1014 sunt,
2038 942 2094 998 snb
2119 941 2229 997 iisdem

350 1068 425 1127 ομεν.
467 1045 555 1120 (Cap.
576 1043 622 1117 8.)
649 1043 688 1102 Et
707 1042 738 1100 δέ
757 1061 799 1109 τις
820 1032 837 1115 ή
858 1027 1009 1114 μισθωτής
1038 1027 1056 1110 ή
1085 1023 1259 1110 ἐμφυτευτής
1310 1029 1415 1101 poenis
1438 1028 1637 1100 prohibemus.
1681 1027 1771 1100 (Cap.
1794 1023 1841 1100 8,)
1863 1025 1897 1083 si
1919 1023 1969 1098 qul
1991 1025 2156 1082 conductor
2177 1025 2229 1082 vel

348 1125 516 1210 πράγματος
543 1128 727 1206 διαφέροντος
752 1118 769 1201 ή
798 1125 833 1198 τῇ
860 1113 1003 1196 ἁγιωτάτῃ
1029 1111 1136 1196 μεγάλη
1166 1113 1260 1191 ἐκνιλη·
1311 1113 1596 1185 emphyteuticarios
1617 1111 1673 1186 rel,
1695 1127 1772 1183 puae
1793 1111 1842 1166 vel
1863 1109 1900 1166 ad
1922 1110 2142 1168 sanctissimum
2161 1126 2231 1167 ma-

348 1219 399 1276 σιίι
420 1210 437 1292 ή
460 1214 544 1290 έτέρω
567 1210 662 1290 εόαγεῖ
680 1205 747 1282 οἴκῳ
778 1209 805 1265 ἐν
827 1197 983 1280 οἱανδήποτε
1012 1196 1093 1276 τόπῳ
1124 1202 1175 1277 τής
1195 1193 1261 1276 ήμε-
1310 1212 1400 1273 gnam
1423 1197 1580 1254 eeclesiam
1608 1196 1658 1252 vel
1691 1197 1781 1253 aliam
1814 1194 2014 1251 venerabilem
2049 1195 2168 1252 domum
2195 1195 2230 1252 in

347 1271 431 1378 τέρας
459 1269 603 1366 πολιτείας
629 1294 740 1372 κειμένῳ
771 1284 789 1368 ή
818 1299 911 1368 χεῖρον
939 1280 1052 1364 ποιήσει
1079 1277 1111 1344 τό
1133 1285 1261 1362 πρᾶγμα,
1312 1297 1486 1354 quoeunque
1514 1282 1581 1338 loco
1608 1281 1793 1354 reipublicae
1825 1285 1945 1336 nostrae
1972 1279 2062 1336 sitam
2089 1281 2231 1352 pertinet,

348 1376 515 1461 όπερῆἔλα
535 1377 618 1457 effi)
641 1373 659 1456 τ’)
679 1368 752 1453 μετά
772 1379 865 1433 ταῦτα
885 1365 977 1450 λάβοι,
998 1365 1016 1448 ή
1036 1370 1081 1429 ἐπὶ
1101 1363 1260 1444 cantavit)
1312 1382 1392 1438 rem,
1422 1381 1508 1438 quem
1529 1365 1579 1422 vel
1599 1366 1730 1439 aceepit,
1756 1364 1805 1421 vel
1826 1369 1893 1436 post
1915 1365 1990 1420 haec
2012 1365 2157 1438 accipiet,
2178 1365 2231 1422 vel

348 1463 388 1546 μή
410 1467 558 1544 καταβαίη
585 1458 635 1523 τόν
654 1455 729 1538 παρ’
758 1454 847 1518 αὐτοῦ
869 1453 1083 1534 ὁμολογηθέντα
1111 1447 1186 1552 ήθλ)
1216 1454 1260 1529 ἐμ·
1312 1467 1365 1524 per
1386 1451 1535 1508 biennium
1558 1465 1616 1506 non
1637 1450 1760 1506 solverit
1787 1449 1965 1523 promissum
1987 1465 2006 1503 a
2027 1465 2062 1506 se
2082 1465 2232 1506 canonem

113 1571 120 1582 ·
228 1581 229 1586 ¹
349 1549 514 1629 φυτευτικόν
535 1545 553 1628 ή
573 1536 805 1627 μισθωτικόνθθ)
827 1535 948 1611 κανόνα,
970 1541 1080 1616 δίδομεν
1101 1538 1199 1597 αδειαυ
1220 1535 1262 1608 τῷ
1312 1536 1361 1593 vel
1382 1533 1585 1607 emphyteusis
1606 1535 1656 1591 vel
1677 1534 1903 1606 conductionis,
1923 1537 2098 1606 potestatem
2120 1534 2232 1590 damus

349 1631 544 1711 arianissimo,
572 1631 601 1702 ἐξ
628 1619 700 1705 οὗή
726 1629 873 1718 μίσθωσις
899 1619 917 1703 ή
944 1619 961 1701 ή
991 1616 1157 1700 ἐμφότευσις
1186 1620 1261 1698 γέγο·

347 1717 450 1798 noo),
476 1719 523 1776 καὶ
550 1714 587 1776 τά
616 1705 786 1791 ὀφειλόμενα
812 1730 905 1784 τοντῳ
917 1707 944 1784 1)
975 1703 1045 1785 ὑπὲρ
1072 1709 1123 1765 τοῦ
1154 1705 1261 1781 προλα·

349 1800 453 1882 βόντος
471 1795 572 1879 χρόνον
593 1800 640 1858 καὶ
661 1792 712 1874 τήν
733 1793 856 1874 άρχαίαν
877 1787 1054 1854 κατάστασιν
1075 1793 1126 1850 τοῦ
1147 1793 1261 1868 μισθω-

349 1891 451 1957 θέντας
471 1879 533 1964 ήτοι
555 1883 780 1961 ἐμφυτεοθέντος
799 1873 968 1957 πράγματος
989 1873 1132 1968 ἀπαιτεῖν,
1153 1873 1262 1970 καίοι·

350 1967 460 2051 βάλλειν
481 1971 532 2046 τῆς
554 1960 752 2048 ἐμφοτεόσεως
772 1957 835 2043 ήτοι
855 1955 1046 2040 μισθώσεως,
1074 1981 1128 2054 μηι
1146 1959 1262 2035 δυναμε-

350 2077 398 2115 νον
424 2055 487 2130 περὶ
517 2045 760 2129 έμπσνημάτωνλ)
789 2043 899 2126 άγωγήν
929 2039 1033 2120 affl)
1061 2063 1136 2104 κατα
1145 2039 1174 2119 ⁴)
1205 2044 1262 2100 τῶν

350 2135 459 2217 εόαγοάν
481 2133 563 2196 οἴκων
583 2146 674 2195 κινεῖν.
716 2136 742 2194 τί
760 2131 789 2192 δὲ
810 2127 955 2210 βούλοιντο
985 2131 1014 2188 oi
1032 2121 1141 2224 τούτων
1161 2127 1261 2202 διοικη-

350 2224 399 2294 eal
419 2215 560 2299 ἐκβάλλειν
569 2218 598 2295 5)
627 2221 743 2291 τοῦτον,
771 2213 963 2276 ἀπαιτεῖσθαι
983 2211 1033 2290 pla
1059 2207 1146 2272 αὐτον
1167 2231 1261 2288 παρα·

1312 1621 1475 1677 venerabili
1496 1620 1599 1692 domo,
1626 1635 1644 1675 a
1666 1636 1724 1692 qua
1744 1619 1852 1675 locatio
1874 1618 1924 1675 vel
1946 1619 2151 1690 emphyteusis
2173 1621 2232 1674 ta-

1312 1709 1362 1762 cta
1390 1708 1452 1777 est,
1479 1709 1510 1762 et
1533 1719 1584 1780 ea,
1620 1719 1696 1776 quae
1729 1704 1800 1760 huic
1827 1717 1880 1775 pro
1907 1707 2038 1775 tempore
2065 1705 2245 1776 praeterito¹

1313 1789 1473 1862 debentur,
1495 1795 1682 1860 veteremque
1703 1793 1812 1845 statum
1834 1787 1879 1844 rei
1900 1786 2016 1844 locatee
2038 1789 2086 1844 vel
2107 1789 2140 1845 in
2163 1803 2232 1845 em-

1312 1875 1473 1946 phyteusin
1506 1873 1593 1930 datae
1615 1873 1774 1947 exigendi,
1805 1871 1947 1944 illumque
1968 1874 2159 1945 emphyteusi
2181 1873 2230 1930 rel

1313 1959 1511 2015 conductione
1555 1958 1714 2031 eliciendi,
1759 1961 1792 2013 ut
1832 1972 1887 2013 nec
1929 1955 1967 2014 de
2009 1958 2230 2015 meliorationi-

1312 2043 1369 2100 bus
1400 2044 1545 2100 aetionem
1588 2043 1734 2100 adversus
1767 2041 1955 2098 venerabiles
1992 2042 2097 2098 domos
2135 2043 2229 2100 insti·

1312 2128 1436 2184 stltuere
1457 2132 1555 2200 quest.
1597 2127 1631 2185 Si
1653 2141 1723 2184 vero
1747 2127 1851 2184 harum
1871 2125 2128 2184 administratores
2149 2127 2229 2184 hune

1313 2212 1423 2269 eiicere
1444 2211 1553 2286 velint,
1582 2212 1733 2284 iubemus,
1756 2213 1792 2268 ab
1815 2226 1850 2268 eo
1872 2211 1949 2267 hsec
1970 2211 2070 2286 exigi,
2092 2227 2171 2284 quae
2192 2227 2230 2268 ex

347 2301 541 2384 κελευόμιθα,
570 2299 645 2383 άπερ
673 2299 744 2380 ὑπὲρ
771 2305 822 2380 τῆς
841 2291 1016 2378 μισθώσεως
1043 2288 1106 2375 ἦτοι
1127 2285 1260 2372 opponi·
1311 2290 1459 2355 locotione
1481 2295 1529 2352 vel
1551 2296 1737 2369 emphyteusi
1758 2296 1866 2352 debere
1887 2301 2105 2370 cognoscatur3
2135 2297 2229 2354 donee

348 2411 422 2462 στοις
449 2391 606 2468 ἐνοφείλειν
633 2381 814 2466 γινώσκεται·
850 2387 931 2462 μέχρι
961 2379 990 2441 ol
1016 2375 1069 2441 τόν
1103 2375 1261 2458 ὁρισθέντα
1310 2384 1408 2438 autem
1437 2385 1552 2453 tempus
1584 2382 1769 2453 paraeflnitum
1797 2385 1981 2454 praetereat,
2003 2396 2064 2438 rem
2088 2381 2150 2454 ipsi
2172 2381 2229 2436 da-

347 2469 450 2556 γρόνον
476 2469 643 2554 περαιόσει,
671 2465 705 2532 τό
740 2471 922 2549 δεδομένονθ)
951 2461 1032 2541 αὐτῷ
1053 2468 1173 2542 πρᾶγμα
1193 2483 1260 2540 κρα·
1311 2469 1369 2522 tam
1400 2467 1436 2522 ab
1465 2481 1501 2522 eo
1530 2465 1670 2537 detineri,
1698 2481 1811 2538 eaque,
1844 2464 1880 2520 de
1906 2465 2014 2537 quibus
2042 2466 2229 2536 convenerit,

348 2570 406 2620 τιῖν
431 2554 519 2619 αὐτόν
546 2560 594 2619 καλ
618 2550 656 2617 τά
684 2547 861 2626 συνδόξαντα
888 2544 1004 2612 διδόναι
1046 2551 1073 2610 εί
1097 2547 1127 2608 δὲ
1148 2540 1260 2624 άποφό·
1310 2547 1464 2622 prsestari.
1514 2548 1627 2616 Quodsi
1656 2551 1745 2622 nolit,
1776 2549 1926 2606 licentiam
1956 2549 2059 2606 damus
2091 2551 2153 2618 his,
2179 2551 2229 2623 qni

346 2629 440 2725 γσιλ),
470 2636 566 2703 άδειαν
588 2641 746 2720 παρέχομεν
767 2649 827 2709 τοῖς
853 2639 1017 2716 προεστῶσι
1043 2635 1100 2694 τῶν
1128 2629 1258 2706 αὐτῶνθ)
1309 2635 1417 2692 lisdem
1431 2634 1650 2691 venerabilibus
1666 2635 1741 2692 loeis
1755 2640 1907 2706 praesunt,
1930 2635 2148 2692 indemnitatem
2168 2653 2228 2693 re-

348 2717 458 2805 εάαγόν
478 2720 588 2799 τόπων,
616 2721 650 2786 τό
679 2719 796 2802 ἀζήμιον
815 2733 875 2792 τοῖς
896 2718 1023 2800 εάαγέσιν
1044 2714 1131 2788 οάισις
1152 2719 1181 2777 ἐκ
1202 2719 1260 2776 τῶν
1310 2719 1491 2776 notabilibus
1514 2718 1647 2777 domibus
1670 2734 1708 2774 ex
1729 2719 1898 2776 substantia
1919 2719 1985 2776 elus
2007 2721 2158 2802 servandi,
2179 2722 2225 2777 ita

348 2816 453 2874 ἐκείνου
483 2805 659 2890 πραγμάτων
686 2817 855 2886 περιποιεῖν,
888 2800 927 2884 μή
963 2804 1118 2880 δυναμένου
1152 2797 1260 2880 paoli)
1311 2811 1345 2863 ut
1365 2819 1403 2860 ne
1423 2803 1473 2860 hie
1494 2803 1612 2876 quidem
1633 2803 1670 2861 de
1691 2803 1945 2860 meliorationibus
1972 2803 2083 2875 aliquid
2109 2821 2226 2878 propo-

349 2900 480 2958 ἐνταῦθα
493 2897 556 2974 περὶ
570 2888 773 2974 ἐμπονημάτων
784 2892 811 2951 τί
823 2890 1014 2970 προτιθέναμι
1028 2887 1083 2960 ¹⁰).
1108 2885 1197 2963 (cap.
1215 2881 1261 2958 9.)
1311 2904 1382 2946 nere
1402 2887 1507 2960 possit.
1564 2887 1655 2964 (Cap.
1676 2886 1723 2962 o.)
1765 2887 1970 2946 Sanctissimis
1993 2905 2064 2948 vero
2087 2891 2224 2948 ecclesiis

354 2984 425 3051 Ταῖς
455 2979 485 3040 δὲ
520 2974 691 3059 άγιωτάταις
722 2976 878 3054 ἐκκλησίαις
903 2967 1099 3049 Ὀδόσοουίί)
1128 2971 1175 3032 καὶ
1208 2965 1261 3030 Τό·
1314 2974 1467 3031 civitatum
1498 2971 1606 3030 odessi
1637 2976 1667 3030 et
1688 2971 1774 3030 'lomi
1801 2975 1996 3046 permittimus
2024 2975 2063 3030 ad
2091 2977 2225 3048 captivos

348 3061 424 3146 μεως
434 3064 479 3142 ¹²)
513 3068 571 3124 τῶν
607 3057 718 3124 πόλεων
753 3059 936 3140 ἐπιτρέπομεν
964 3061 1082 3119 ἐκποιεῖν
1107 3050 1264 3135 πράγματα
1313 3057 1501 3116 redimendos
1531 3073 1581 3114 res
1602 3057 1767 3115 immobiles
1788 3057 1936 3130 alienare,
1959 3059 2017 3116 nisi
2039 3061 2098 3117 hac
2120 3059 2230 3117 eondi-

351 3148 473 3228 άκίνητα
501 3145 571 3226 άπλρ
599 3151 650 3226 τῆς
676 3149 733 3206 τόν
754 3139 941 3224 ανγμαλοάτοιν
962 3135 1160 3221 άναρρόσεως,
1190 3131 1264 3216 πλήν
1314 3143 1395 3202 tione
1416 3143 1623 3214 possessiones
1644 3143 1787 3214 quaedam
1807 3141 1883 3214 ipsis
1904 3144 1992 3200 dstae
2013 3145 2084 3217 sint,
2106 3150 2142 3201 ut
2160 3145 2231 3202 nui-

352 3238 383 3295 εί
392 3228 431 3314 μή
454 3233 499 3294 ἐπὶ
520 3229 609 3309 ταότη
629 3235 665 3308 τῇ
686 3233 794 3310 αι’ρέσιι
813 3223 926 3306 κτήσεις
946 3225 1018 3298 τινὲς
1039 3221 1140 3296 αὐτοῖς
1161 3219 1263 3300 ἐδόθη·
1314 3227 1344 3285 lo
1374 3226 1459 3282 modo
1489 3225 1664 3283 alienentur.
1712 3229 1776 3284 lloe
1807 3243 1923 3300 quoque
1952 3229 2162 3304 concedimus,
2199 3237 2232 3287 ut

353 3316 481 3392 eoass),
515 3313 562 3395 ἐφ’
593 3305 616 3392 ᾧ
643 3311 719 3376 κατά
743 3315 849 3394 μηδένα
881 3308 989 3392 τρόπον
1015 3305 1122 3380 ταύτας
1150 3311 1265 3370 ἐκποιεῖ·
1314 3311 1503 3368 sanctissima
1523 3311 1793 3384 Hierosolymitana
1819 3313 1949 3372 ecelesia
1970 3318 2147 3386 potestatem
2170 3315 2230 3372 ha-

349 3410 432 3463 σθακ
473 3403 626 3462 καὶτοῦτο
648 3399 678 3460 δὲ
700 3403 912 3479 συγχωροῦμεν,
933 3389 1083 3476 δοτικὴν
1104 3389 1262 3470 τδνἹερο-
1314 3396 1398 3468 ίιοιί,
1427 3395 1529 3454 domos
1555 3397 1648 3453 adse
1673 3396 1857 3468 pertinentes
1886 3403 1916 3454 et
1944 3399 1975 3456 in
1998 3399 2100 3456 eadem
2123 3404 2231 3456 saneta

349 3488 508 3564 calametis
529 3482 688 3564 άγιωτάτην
708 3484 856 3561 ἐκκλησίαν
877 3473 974 3542 άδειαν
989 3475 1059 3560 ἔχειν
1079 3471 1147 3550 τοὺς
1167 3473 1263 3548 οἴκους
1313 3481 1436 3538 civitate
1449 3481 1524 3538 sitas
1537 3481 1699 3556 vendendi,
1714 3495 1771 3538 non
1784 3481 1897 3540 minore
1910 3486 2008 3540 tamen
2021 3484 2129 3557 pretio,
2141 3500 2229 3556 quam

349 3565 417 3640 τοὺς
442 3567 516 3646 αὐτῇ
536 3564 735 3647 προσήκοντας
760 3568 809 3627 καί
829 3568 968 3646 κειμένους
988 3567 1017 3624 ἐν
1045 3567 1079 3641 τῇ
1100 3559 1173 3640 αὐτῇ
1194 3557 1262 3640 eya
1312 3569 1454 3638 quantum
1485 3582 1523 3624 ex
1552 3581 1654 3624 earum
1675 3566 1867 3639 pensionibus
1894 3569 2113 3643 quinquaginta
2139 3571 2230 3626 annis

350 3649 433 3715 πόλει
453 3649 631 3730 πιπράσκειν,
652 3653 690 3733 μή
712 3649 761 3712 ἐπ’
774 3647 902 3712 ἐλάττονι
922 3643 1071 3727 τιμήματι,
1089 3638 1162 3742 ήπερ
1176 3643 1261 3723 14)ἐει
1312 3649 1473 3726 colligitur,
1501 3653 1534 3708 ut
1562 3665 1601 3710 ex
1627 3650 1731 3707 hurum
1758 3651 1854 3724 pretio
1881 3651 1959 3710 allus
1985 3655 2093 3710 melior
2112 3653 2230 3711 reditus

350 3741 408 3798 τῶν
433 3739 554 3797 ἐνοικίων
583 3735 677 3798 adadu
707 3738 752 3798 ἐπλ
779 3731 952 3813 πεντήκοντα
978 3737 1124 3804 ἐνιαυτοος
1145 3723 1260 3809 συνάγε·
1311 3741 1437 3794 ematur.
1491 3735 1525 3792 Sl
1553 3734 1603 3807 qui
1638 3750 1710 3792 vero
1739 3737 1906 3808 cuicunque
1948 3739 2113 3797 venerabili
2139 3738 2230 3796 domo

350 3844 411 3895 ται,
443 3815 519 3880 οόστε
550 3825 580 3882 ἐκ
608 3826 660 3900 τῆς
686 3815 794 3882 τούτων
819 3824 902 3898 τιμῆς
921 3811 1010 3896 άλλην
1029 3811 1174 3896 πρόσοδον
1194 3814 1260 3876 καλ·
1312 3819 1378 3878 sive
1400 3819 1431 3875 in
1452 3819 1539 3894 regia
1560 3819 1682 3877 civitate
1710 3820 1828 3878 sivein
1849 3819 2012 3894 provinciis
2033 3824 2112 3880 sitae
2133 3825 2230 3882 steri-

350 3907 429 3967 λίονα
451 3903 598 3965 ὠνεῖσθαι.
626 3909 654 3965 εί
671 3907 704 3964 δέ
721 3925 793 3976 τινες
814 3899 970 3982 οίρδήποτε
991 3897 1089 3981 εόαγεῖ
1105 3897 1184 3977 νίκην,
1205 3895 1261 3960 εἴτε
1311 3903 1358 3960 les
1386 3905 1593 3976 possessiones
1621 3904 1771 3962 donabunt
1797 3905 1846 3962 vel
1870 3907 2060 3966 vendiderint
2091 3909 2141 3966 vel
2170 3909 2231 3966 allo

350 3994 380 4050 ἐν
401 3993 435 4066 τῇ
455 3991 579 4068 βασιλίδι
600 3983 697 4062 πόλει,
717 3986 772 4050 είτε
793 3993 821 4049 ἐν
842 4000 905 4057 ταῖς
925 3987 1072 4064 ἐπαρχίαις
1092 3981 1261 4062 acceptumst)
1312 3987 1399 4046 modo
1417 3989 1609 4062 praebuerint
1629 3995 1680 4046 eut
1697 3989 1881 4066 reliquerint,
1902 3991 2047 4066 iubemus,
2068 3999 2103 4050 ut
2124 4009 2164 4051 ex
2178 3999 2230 4050 ta-

349 4068 534 4151 άπόροοςίθ)
554 4069 664 4153 κινήσεις
684 4067 915 4151 δωρήσονταιίί)
936 4065 1011 4149 ήίθ)
1035 4063 1261 4147 πωλήσωσινίθ)
1312 4072 1392 4130 libus
1419 4074 1509 4130 rebus
1536 4072 1714 4131 venerabilis
1735 4073 1854 4148 domus,
1886 4075 1925 4132 ad
1945 4092 2033 4148 quam
2060 4078 2131 4134 talis
2152 4094 2230 4150 pos-

350 4153 368 4234 ή
391 4151 470 4232 άλλη
491 4154 590 4234 τρόπῳ
611 4152 800 4236 παράσχωσιν
821 4152 838 4234 ή
860 4154 1132 4235 καταλειίμωσιδθ),
1154 4146 1261 4216 κελεόο-
1313 4157 1411 4214 sessio
1432 4159 1579 4232 pervenit,
1600 4159 1713 4215 nullum
1736 4151 1872 4215 damnuni
1893 4161 2014 4232 sentiat,
2036 4163 2086 4218 vel
2107 4163 2230 4236 publico

349 4265 401 4322 μιν
428 4237 500 4319 ὑπὲρ
528 4247 585 4301 τῶν
611 4239 746 4303 ποιοότων
774 4237 950 4321 πραγμάτων
976 4237 1167 4318 pausatam)
1194 4231 1261 4317 βλά·
1313 4241 1430 4300 nomine
1458 4242 1507 4299 vel
1527 4244 1564 4300 ob
1586 4243 1673 4300 aliam
1695 4258 1898 4316 quameunque
1925 4239 2045 4304 causam
2073 4253 2231 4322 gravetur,

349 4329 402 4406 βην
422 4321 567 4401 ὑπομένειν
588 4321 638 4385 τόν
659 4323 849 4404 adspiciam,
871 4329 910 4396 είς
932 4317 966 4385 όν
986 4321 1002 4383 ι’
1026 4317 1142 4402 τοιαάτη
1163 4327 1263 4402 κτῆσις
1313 4326 1377 4398 sed,
1405 4329 1439 4384 ut
1461 4341 1546 4384 omne
1567 4327 1643 4384 illud
1669 4343 1743 4384 onus
1765 4327 1803 4384 ad
1825 4344 1892 4402 eos,
1915 4330 1965 4402 qui
1987 4331 2151 4406 dederunt,
2172 4349 2230 4389 eo-

349 4411 520 4487 περιῆλθιν,
551 4404 568 4488 ν’)
586 4412 717 4488 ’δημοσίῳ
738 4406 914 4488 ledaeum)
943 4402 961 4486 ή
982 4409 1069 4488 αλλης
1090 4403 1263 4488 οἱανδήποτε
1313 4425 1437 4483 rumque
1457 4409 1583 4468 heredes
1604 4411 1717 4486 redeat,
1742 4412 1792 4484 qul
1813 4413 1889 4470 tales
1910 4415 2131 4490 possessiones,
2152 4433 2230 4489 quse

350 4497 444 4565 αίτίας
464 4488 546 4574 χάριν
566 4489 759 4573 βαρύνεσθαι,
781 4490 856 4555 άίλά
877 4491 987 4572 nsaw)
1010 4487 1042 4554 τό
1064 4497 1191 4554 τοιοῦτον
1212 4485 1262 4572 βά-
1313 4495 1506 4568 delessent,
1534 4495 1668 4568 recipere
1689 4514 1727 4554 ex
1749 4499 1923 4571 propriaque
1950 4501 2120 4558 substantia
2140 4517 2228 4559 omne

351 4601 401 4658 ρος
430 4581 468 4649 είς
496 4576 563 4650 τοὺς
591 4574 750 4648 δεδωκότος
784 4581 831 4638 καὶ
858 4573 925 4648 τοὺς
952 4574 1102 4654 erasm)
1130 4570 1262 4656 κληρονό-
1314 4579 1461 4657 damnum,
1475 4579 1552 4654 quod
1574 4597 1613 4638 err
1634 4581 1688 4640 tali
1710 4597 1802 4640 eausa
1830 4583 1996 4642 venerabili
2025 4586 2111 4646 domo
2129 4601 2225 4644 aece-

349 4685 421 4741 μοος
442 4665 595 4736 ἐπανιέναι,
618 4660 858 4742 ἀναγκαζομένους
886 4659 1092 4740 άναλαβεῖνδό)
1114 4656 1165 4736 τάς
1186 4663 1263 4722 δεδο-

349 4750 436 4828 μένας
465 4743 600 4819 τοιαύτας
631 4747 742 4826 κτήσεις
769 4747 816 4808 καί
837 4743 1043 4807 ἀποκαθιστᾶν
1070 4751 1100 4808 ἐκ
1120 4750 1172 4824 τῆς
1191 4748 1263 4816 ἰδίας
1298 4811 1302 4820 ,

350 4835 516 4914 περιουσίας
545 4836 587 4909 τῷ
607 4829 705 4912 εὐαγεῖ
722 4828 790 4910 οἴιιιρ
811 4835 911 4892 πᾶσαν
932 4829 1046 4910 ζημίαν,
1082 4834 1112 4892 ἐκ
1132 4825 1264 4910 τοιαότιγς

503 5155 550 5212 93)
568 5150 637 5202 καθ’
655 5149 675 5202 ά
692 5151 721 5204 c.
773 5151 823 5211 94)
840 5154 895 5209 τοῖς
910 5149 988 5201 deest
1004 5151 1032 5200 ln
1049 5151 1136 5200 tribue
1152 5151 1237 5202 Parte.
1289 5151 1337 5212 ob]
1354 5147 1371 5218 ἢ
1389 5151 1498 5204 ἐλσττον
1515 5151 1647 5218 nudum
1664 5177 1699 5192 -
1715 5153 1776 5206 Vox
1793 5149 1810 5223 ἢ
1827 5157 1856 5206 et
1871 5155 1900 5205 ln
1915 5153 1946 5206 li.
1963 5152 2050 5207 deest.
2086 5141 2154 5216 ’98)
2170 5155 2228 5208 διε·

353 5220 400 5286 τίη
418 5223 452 5272 A.
521 5221 569 5278 97)
586 5221 648 5270 Vox
665 5217 683 5286 ή
701 5221 777 5269 deest
793 5223 822 5270 ln
839 5219 870 5271 C.
938 5220 985 5279 98)
1001 5219 1092 5268 Voces
1109 5215 1126 5284 ή
1142 5215 1305 5280 μισθωτικάν
1324 5220 1419 5272 desunt
1436 5224 1464 5271 ln
1482 5225 1514 5271 A.
1582 5223 1630 5280 99)
1645 5221 1749 5286 γέγονεν
1765 5221 1796 5274 0.
1863 5223 1893 5283 1)
1910 5219 2011 5274 τούτων
2027 5227 2061 5276 A.
2077 5223 2161 5274 babet
2177 5237 2232 5289 pro

350 5287 445 5354 τούτῳ.
515 5287 547 5348 2)
563 5285 743 5353 dunnenheim
761 5289 796 5337 A.
863 5289 894 5346 8)
910 5283 1015 5351 άγοιγήν
1030 5303 1092 5336 τινα
1108 5289 1142 5336 A.
1211 5287 1241 5346 4)
1258 5289 1312 5338 Pro
1330 5285 1398 5340 κατά
1414 5291 1447 5340 A.
1463 5289 1544 5340 babet
1559 5307 1599 5340 πα
1625 5285 1632 5302 ’
1715 5293 1746 5349 ὅ)
1762 5289 1877 5355 ἐκβαλεῖν
1892 5293 1925 5342 Δ.
1943 5291 1974 5344 C·
1991 5291 2023 5342 1³.
2097 5291 2129 5352 δ)
2144 5294 2179 5342 Δ.
2196 5291 2234 5342 τὸ

350 5355 499 5416 διδομένου.
601 5357 631 5414 7)
649 5353 779 5419 ἀποπνίγει
796 5356 828 5404 A.
913 5358 945 5415 9)
962 5357 1024 5406 Vox
1040 5351 1129 5404 αὐτῶν
1145 5354 1222 5406 deest
1238 5358 1267 5406 ln
1283 5358 1317 5408 A.
1335 5357 1364 5406 It.
1484 5359 1513 5416 9)
1530 5354 1566 5426 μή
1584 5307 1684 5408 «lintres
1701 5359 1879 5409 Parislenees.
1981 5359 2029 5419 19)
2045 5359 2234 5431 προστιθέναι

352 5429 408 5504 ires
425 5425 602 5475 parisienses.
686 5424 733 5508 11)
756 5419 881 5472 Ὀδάσσου
897 5425 930 5472 A.
949 5422 978 5474 0.
1062 5423 1107 5482 12)
1127 5419 1163 5471 Τό
1180 5424 1292 5508 petorem.
1314 5449 1341 5462 -
1363 5423 1400 5474 Τό
1416 5442 1482 5486 μεως
1499 5424 1529 5475 C.
1610 5425 1866 5506 ’18)έδοθηοανίο
1882 5427 1917 5476 A.
1935 5425 2047 5510 deest„
2107 5427 2235 5488 ΜΡΝ

350 5491 678 5624 κοκκίνου
695 5489 1014 5622 ‘arcerem
1250 5492 1720 5566 ⁷>
1752 5560 2036 5624 α
2078 5497 2238 5630 ἀα

350 5623 447 5685 poetae
464 5623 574 5689 ὀνόματι
590 5633 647 5678 tm
663 5625 749 5676 earm.
834 5625 882 5684 23)
898 5641 953 5676 ποιν
969 5625 999 5678 G.
1083 5627 1134 5688 24)
1149 5627 1204 5680 Pro
1221 5624 1309 5678 αὐτῶν
1325 5629 1360 5678 A.
1377 5626 1458 5678 habet
1473 5622 1567 5679 αὐτοῦ.
1651 5629 1700 5688 25)
1720 5629 1774 5680 Pro
1796 5627 1936 5696 ἀναλαβεῖν
1956 5638 1988 5681 A·
2013 5629 2045 5682 G.
2068 5629 2105 5699 F.
2127 5630 2237 5684 Ἠ

351 5690 502 5758 ἀπολσβιῖν.
