4790 7064
300 583 432 667 ,ιο
538 627 541 634 .
646 674 649 685 Ι
1084 571 1511 644 αεεεααεεει

1749 649 1758 678 i

480 769 535 859 νηί.
559 771 654 843 ἔνθα
675 767 770 859 τινὲς
785 767 1007 871 ἀφίστανται
1018 765 1188 865 νληρικοί,
1213 765 1286 837 ἕτε-
1428 759 1555 839 Consi.
1590 758 1651 833 li.
1711 758 1781 834 Ubi
1815 756 1920 854 aliqui
1960 756 2081 834 elerici
2121 756 2244 834 disee-

379 899 437 974 ροι
462 869 501 946 δὲ
514 869 590 946 ἀντ’
608 871 728 946 αὐτῶν
743 870 1130 958 ἀντικαθιστανταιλο)
1152 894 1182 940 κ.
1195 868 1286 955 c.⁷¹)
1328 859 1441 956 dunt,'
1470 862 1531 936 aiii
1563 873 1675 936 autem
1714 860 1750 933 in
1783 859 1938 961 ipsorum
1971 859 2084 934 locuto
2118 861 2245 936 subro-

378 975 467 1073 ε’ξής.
1328 973 1456 1062 gantur
1481 975 1517 1038 et
1543 987 1631 1061 quae
1657 961 1837 1062 deinceps.

234 1127 349 1178 λείοισι.
459 1107 493 1171 Ὀ
513 1105 601 1181 αὑτός
621 1107 754 1192 βασιλεὺς
774 1116 816 1188 τῷ
837 1105 983 1186 sivetu).
1027 1105 1177 1167 Πολλοί
1197 1106 1287 1165 πολ-
1414 1102 1496 1160 Idem
1517 1103 1674 1176 imperator
1695 1101 1800 1158 eidem.
1842 1101 1937 1159 Motu
1957 1114 2049 1174 coepe
2068 1097 2179 1159 cleriei.

377 1191 462 1258 λάκε
503 1195 543 1254 κλ
599 1198 679 1256 cuod

467 1219 507 1340 ii
530 1217 699 1358 itiitere)
733 1272 886 1356 κεφάλαιον
895 1273 942 1348 99)
965 1278 1017 1352 τῆς
1046 1266 1200 1344 διατάξεως
1220 1293 1288 1351 γενι-
1413 1270 1542 1327 Primum
1582 1266 1718 1344 (huius)
1758 1268 1977 1326 constitutionis
2016 1273 2106 1342 caput
2144 1283 2243 1342 gene-

366 1360 427 1426 κόν
448 1363 587 1439 ἐστίν99).
607 1359 709 1424 κελεὺει
729 1358 783 1441 χόερ
796 1356 864 1432 τοὺς
876 1357 1102 1438 ἀντιταχθέντας
1123 1356 1166 1431 (v.
1177 1353 1286 1416 ἀντεισ-
1328 1355 1391 1412 rale
1425 1361 1480 1411 est.
1531 1354 1618 1412 lubet
1652 1355 1731 1410 enim
1765 1354 1890 1410 clericos
1925 1354 1957 1410 in
1990 1355 2088 1412 locum
2125 1365 2243 1425 eorum,

376 1445 531 1530 αχθίντας)
550 1445 596 1523 79)
626 1441 769 1526 κληρωτοὺς
791 1449 829 1515 είς
850 1437 901 1524 τήν
921 1438 1000 1514 τάξιν
1011 1446 1068 1502 τῶν
1087 1434 1286 1521 ἀναχωρησόν·
1328 1441 1378 1511 qni
1406 1439 1624 1512 discesserunt,
1666 1439 1843 1512 subrogatos
1872 1438 1988 1495 illorum
2020 1453 2153 1494 annonas
2187 1453 2242 1494 ac-

376 1531 487 1608 των99)
509 1525 561 1602 τὰς
582 1535 688 1592 ἐκείνων
708 1529 878 1608 κομίζεσθαι
899 1523 1035 1606 σιτήσεις,
1057 1529 1165 1584 ἐκείνων
1186 1519 1286 1584 λοιπόν
1328 1523 1444 1594 cipere,
1487 1524 1530 1579 ita
1563 1527 1597 1578 ut
1636 1522 1680 1578 illi
1716 1522 1747 1578 in
1787 1527 1938 1594 posterum
1978 1538 2037 1579 non
2079 1521 2241 1578 admitten-

374 1613 414 1695 μή
436 1618 664 1695 προσδεχομένων
680 1613 735 1692 99).
777 1608 810 1674 τό
840 1607 874 1692 (l.
903 1606 1057 1690 κεφάλαιον
1071 1607 1118 1687 99)
1160 1603 1285 1669 τοπικόν.
1327 1613 1384 1664 tur.
1427 1607 1595 1664 Secundum
1636 1613 1725 1678 ceput
1764 1607 1859 1664 locale
1893 1611 1947 1662 est.
2002 1609 2131 1678 inperat
2164 1606 2242 1662 enim

376 1695 560 1782 προαγορεύει
593 1694 645 1778 γὰρ
675 1711 735 1770 τοῖς
768 1692 931 1766 ἐπισκόποις
957 1687 1285 1762 Κωνσταντινουπόλεως
1328 1692 1477 1764 episcopis
1513 1691 1862 1766 constantinopolitanis,
1904 1695 1938 1748 ut
1973 1692 2109 1748 examine
2144 1689 2242 1746 inter-

376 1781 450 1845 κατὰ
478 1778 644 1861 δοκιμασίαν
673 1789 823 1844 ποιεῖσθαι
842 1777 847 1861 l
866 1780 918 1856 99)
947 1773 999 1850 τὰς
1032 1779 1202 1856 χειροτονίας
1228 1781 1286 1836 τῶν
1326 1779 1466 1833 νεαλεαιε
1506 1779 1579 1834 dent
1620 1775 1820 1832 ordinationes
1862 1775 2058 1849 clericorum,
2100 1773 2152 1846 qui
2186 1774 2241 1830 sub

375 1867 422 1930 ὑπ’
445 1863 547 1938 αὑτοὺς
567 1869 702 1946 κληρικολν
722 1861 761 1946 μή
783 1866 1027 1944 ἐπιστρεφομένοις
1043 1861 1092 1936 99)
1126 1872 1189 1931 ταῖς
1216 1863 1284 1920 αίτί·
1326 1861 1365 1916 iis
1392 1865 1475 1934 sunt,
1504 1877 1581 1917 neve
1601 1861 1745 1917 rationem
1772 1861 1901 1916 habeant
1927 1861 2102 1932 petitionum
2129 1873 2241 1932 eorum,

377 1976 440 2014 σεσι
462 1955 503 2031 (v.
527 1948 668 2030 αίτήσεσι)
684 1953 731 2029 99)
759 1955 816 2010 τῶν
836 1942 1040 2027 προσαγόντων
1060 1941 1173 2017 αὑτοὺς,
1194 1951 1221 2005 εί
1238 1946 1285 2004 καί
1326 1945 1377 2016 qui
1420 1961 1472 2002 eos
1517 1947 1705 2017 producunt,
1747 1945 1818 2002 licet
1859 1944 1919 2017 ipsi
1961 1949 2085 2020 erogent
2125 1947 2242 2000 sumtus

375 2035 456 2098 αὑτοί
477 2033 582 2116 τήν99)
604 2038 734 2116 χορηγίαν
756 2040 901 2094 ποιοῦνται
915 2036 966 2108 τής
981 2026 1109 2109 δαπάνης
1120 2034 1177 2089 τῶν
1190 2026 1285 2090 αὑτῶν
1326 2031 1484 2088 earundem
1529 2030 1741 2087 venerabiiium
1779 2029 1920 2100 aedium,
1969 2029 2008 2084 sd
2049 2043 2123 2100 ques
2155 2028 2239 2100 ipsos

375 2119 483 2200 εὑαχοίν
503 2119 593 2194 oticsis,
615 2123 654 2190 είς
674 2114 778 2196 οὑς99)
801 2113 906 2187 αὑτοὺς
920 2114 1030 2187 ἀξιοῦσι
1044 2118 1283 2194 χειροτονηθῆναι
1327 2114 1430 2170 volunt
1464 2115 1602 2172 ordinari.
1657 2115 1769 2187 διήχει.
1804 2115 1925 2188 superii
1958 2113 2125 2174 iusticiam·
2158 2125 2243 2170 ονείλο

374 2197 741 2286 ἙχρἽβασιλείας99)
768 2200 1033 2264 Ἱονστινιανοὺ
1063 2199 1111 2272 (v.
1131 2195 1284 2284 ’λουσιν-
1328 2199 1380 2257 11.
1399 2203 1469 2272 post
1489 2202 1679 2258 οοπεαίοίειιπ
1700 2199 1851 2258 uetuerit

374 2289 589 2368 νιανοὺ)99)
619 2282 660 2349 τό
691 2283 741 2348 ια’.
763 2283 860 2367 μετὰ
886 2280 953 2364 τήν
981 2281 1145 2357 inoff)
1178 2283 1284 2342 Βελι-

375 2373 581 2455 οαρίου99).

475 2537 529 2631 ιγ’.
562 2535 645 2641 περί
668 2535 922 2636 μοναοτηριίυν
954 2530 1014 2606 καί
1046 2537 1223 2629 μοναχῶν.
1252 2559 1284 2605 κ.
1426 2529 1553 2608 Consi.
1588 2529 1648 2606 13.
1705 2533 1763 2606 De
1795 2529 2017 2606 morrasteriis
2048 2540 2085 2606 et
2117 2553 2241 2605 mona·

374 2667 407 2714 τ.
433 2643 477 2728 ἐξ.
491 2641 540 2739 99)
1326 2631 1405 2708 eliis
1430 2643 1468 2708 et
1492 2657 1582 2730 quae
1606 2632 1788 2735 deinceps.

342 2848 351 2864 χ
455 2775 488 2842 Ὀ
508 2771 597 2847 αὑτός
617 2769 749 2856 βασιλεὺς
767 2771 923 2851 Ἐπιφανίῳ
944 2766 1089 2846 ἐπισκόπει
1101 2774 1283 2834 Κωνσταντι-
1409 2773 1489 2830 Idem
1509 2771 1667 2846 imperator
1676 2771 1843 2845 Epiphanio
1863 2769 2001 2844 episeopo
2023 2769 2240 2828 constantino-

373 2857 539 2934 νουπόλεως.
579 2859 613 2922 Ὁ
634 2865 667 2920 ἐν
688 2853 849 2938 ἀσκήσει
869 2853 1103 2937 μοναχική99)
1124 2859 1209 2936 βίος.
1324 2857 1463 2930 politaoo.
1492 2859 1576 2933 Vite,
1597 2873 1676 2932 ηειοε
1698 2859 1792 2914 estin
1816 2857 2036 2914 exercitatione
2061 2857 2241 2913 monositca.

411 3021 413 3028 ,
458 2961 618 3043 sipiritu)
640 2959 875 3040 ίπιβαλέσθω99)
901 2955 998 3030 κτίζειν
1027 2951 1230 3036 μοναστήριον,
1257 2961 1286 3018 εί
1407 2959 1500 3015 Nemo
1543 2958 1665 3030 incipito
1706 2961 1860 3014 exstruere
1905 2955 2136 3030 monasterium,
2179 2953 2242 3012 nisi

372 3046 467 3130 μλίν.
489 3043 541 3127 μή)
556 3045 603 3124 99)
625 3039 765 3124 πρότερον
787 3039 868 3123 εὑχής
882 3039 929 3118 ⁹⁴)
960 3038 1132 3122 ήγησαμίνης
1147 3039 1194 3120 99)
1223 3037 1279 3102 ὑπό
1322 3043 1405 3113 prius
1440 3043 1684 3114 praecedentibus
1725 3041 1864 3114 precibus
1897 3043 1935 3096 ab
1969 3041 2108 3112 episcopo
2141 3039 2243 3096 delixa

315 3191 320 3206 ,
373 3137 424 3194 τοῦ
445 3127 601 3193 ἐπισκόπου
622 3133 699 3210 παγῇ
707 3127 753 3204 99)
776 3131 804 3188 ἐν
818 3131 859 3204 τῷ
870 3121 952 3202 τόπῳ
965 3123 981 3186 ό
994 3127 1084 3204 τίμιος
1097 3119 1280 3206 σταυρός97),
1323 3128 1362 3182 sit
1389 3127 1420 3183 in
1449 3143 1494 3198 eo,
1520 3126 1575 3201 (de
1596 3143 1653 3198 quo
1675 3125 1851 3199 quaeritur),
1867 3127 1932 3182 loco
1953 3141 2027 3182 crux
2047 3124 2242 3181 venerabilia.

371 3215 520 3298 μηδείς99)
543 3216 708 3294 λαμβανέτω
729 3217 825 3292 σχῆμα
845 3203 1015 3290 μοναχικόν,
1037 3215 1064 3270 εἰ
1080 3207 1120 3289 μή
1140 3205 1281 3291 πρότερον
1322 3211 1417 3270 Nemo
1438 3212 1545 3267 sumito
1573 3211 1704 3267 habiturn
1725 3211 1935 3281 monosticum,
1956 3209 2015 3266 nisl
2036 3210 2118 3281 prius
2138 3209 2242 3264 trien-

372 3301 548 3382 τριετίαν99)
577 3304 604 3359 ἐν
630 3294 852 3378 povaonpplp1)
873 3289 1051 3376 καρτερήση,
1079 3289 1129 3394 τήν
1150 3296 1214 3372 περί
1228 3290 1282 3374 τήν
1323 3296 1404 3352 nium
1437 3295 1470 3352 in
1497 3296 1673 3352 monasterio
1709 3295 1965 3366 perseveraverit,
2015 3293 2243 3350 exercitationis

372 3379 492 3466 είσκησιγ
512 3379 711 3462 ἐνδεικνύμενος
741 3381 888 3442 συντονίαν
901 3383 939 3455 ²).
982 3375 1053 3439 ὁδί
1073 3399 1164 3451 ουτως
1181 3377 1210 3456 9)
1231 3401 1281 3458 μο-
1325 3379 1455 3436 studium
1474 3380 1618 3436 intentum
1640 3379 1825 3452 significans.
1867 3380 1924 3447 Qui
1946 3382 2043 3435 autem
2071 3377 2116 3434 sio
2144 3378 2242 3434 vitam

372 3467 479 3541 νόσας,
510 3475 537 3530 εί
553 3471 601 3528 καί
628 3468 728 3536 δοῦλος
757 3467 846 3537 ἐστίν,
879 3465 1081 3541 ἐλευθεροῦται
1109 3457 1181 3542 μετὰ
1211 3485 1281 3543 τριε-
1324 3465 1484 3520 solitariam
1506 3464 1578 3538 εχει,
1599 3479 1773 3535 quamquem
1793 3478 1899 3520 servos
1919 3467 1976 3535 est,
2000 3462 2243 3534 posttrienniom

372 3557 442 3615 τίαν.
462 3551 466 3634 l
487 3553 516 3628 ⁴)
553 3547 709 3630 όπόσχων
724 3549 752 3627 9)
786 3550 850 3628 περί
871 3541 1087 3618 ’καταπόσεως
1121 3542 1231 3626 ζήτησιν
1259 3551 1286 3607 εί
1324 3551 1356 3606 iit
1375 3550 1459 3605 liber.
1480 3549 1536 3617 Qui
1551 3549 1661 3620 patitur
1678 3547 1716 3604 de
1734 3552 1814 3604 statu
1827 3547 2039 3618 quaestionem,
2061 3546 2088 3602 sl
2104 3547 2143 3601 ad
2156 3547 2243 3603 aliud

372 3639 448 3712 είς9)
470 3635 565 3716 ἕτερον
584 3637 718 3715 μετέλθοι
739 3635 813 3712 βίον,
834 3633 1064 3694 καταδουλοῦται.
1086 3627 1176 3702 ἔξεστι
1197 3631 1281 3706 dicipi
1323 3633 1404 3690 vilae
1424 3648 1521 3708 genus
1542 3633 1707 3704 transierit,
1741 3633 1773 3689 ln
1795 3631 1967 3688 servitutem
1988 3631 2144 3705 redigitur.
2180 3632 2243 3689 Li-

373 3717 498 3798 δεσπότη
518 3716 602 3799 λόγον
623 3716 771 3788 ἀπαθείας
790 3720 943 3796 παρέχοντι
964 3711 1021 3795 πρὸ
1042 3719 1094 3794 τῆς
1109 3715 1137 3792 ⁷)
1160 3718 1282 3796 τριετίας
1323 3721 1371 3774 εει
1392 3724 1489 3773 sotem
1510 3709 1643 3792 domino,
1672 3718 1699 3772 si
1722 3717 1870 3789 promittat
1891 3733 1925 3773 se
1954 3713 2122 3790 (servum)
2156 3717 2239 3772 malo

372 3801 423 3866 νόν
444 3804 514 3866 ιδιον
535 3806 648 3863 ἐκδικεῖν
668 3803 775 3874 δοῦλον,
796 3799 863 3879 μεθ’
886 3790 964 3876 die)
985 3797 1122 3879 ὑφείλετο
1147 3798 1192 3874 (v.
1205 3798 1281 3877 ὑφαί·
1324 3803 1384 3859 ullo
1417 3803 1602 3858 adiecturum
1642 3817 1700 3858 non
1733 3817 1818 3875 esse,
1856 3805 1926 3858 onte
1958 3800 2116 3856 triennium
2150 3816 2244 3857 soum

372 3888 492 3968 λετο)9)
515 3881 716 3966 καλείσήχαηεν
729 3889 757 3945 ἐν
776 3889 817 3960 τῷ
835 3887 1016 3965 μοναστηρίῳ
1043 3880 1216 3964 πραγμάτων
1232 3883 1282 3958 ¹⁰).
1325 3902 1443 3944 servum
1462 3887 1615 3944 vindicare
1636 3901 1703 3942 cum
1732 3886 1771 3943 iis
1798 3885 1903 3959 relius,
1931 3900 2006 3957 quas
2027 3883 2103 3942 clam
2128 3885 2243 3942 abstu-

372 3979 399 4036 εί
417 3973 447 4034 δι
466 3972 550 4052 μηδὲν
564 3967 705 4048 αὑτόν99)
727 3969 908 4048 documen)
936 3980 1075 4048 πταῖσμα,
1096 3967 1283 4029 δείκνυταιδλ
1324 3971 1359 4027 lit
1393 3975 1424 4028 et
1456 3971 1488 4027 in
1530 3971 1738 4028 monasterium
1780 3969 1894 4026 adtulit.
1946 3969 2001 4026 Sin
2033 3973 2132 4026 autem
2169 3985 2243 4025 eum

372 4053 530 4136 σεμνός99)
553 4057 600 4116 καί
621 4063 684 4134 περί
705 4049 755 4131 τήν
776 4045 896 4131 όσκησιν
918 4055 1072 4123 σπουδαῖος
1086 4050 1102 4113 ό
1118 4052 1282 4132 οίκέτης99),
1324 4055 1415 4112 ullius
1450 4055 1552 4112 delicti
1587 4071 1668 4111 reum
1704 4071 1772 4110 esse
1805 4070 1863 4112 noo
1897 4054 2016 4126 probat,
2058 4057 2245 4110 monstratur

372 4141 406 4202 οὑ
428 4138 544 4202 δύναται
565 4134 653 4200 αὑτόν
674 4136 737 4199 οὑδὲ
758 4132 821 4218 πριό
844 4134 887 4217 (v.
908 4133 981 4218 πρὸ)
1003 4145 1053 4215 της
1073 4141 1195 4216 τριετίας
1213 4137 1281 4216 λαμ·
1324 4145 1421 4196 autem
1451 4141 1516 4212 ipse
1545 4155 1613 4196 esse
1640 4140 1782 4196 honestos
1809 4145 1839 4195 et
1865 4139 2070 4195 exercitationi
2103 4138 2245 4194 studiose

373 4221 473 4305 βαίνειν.
507 4219 544 4287 τό
564 4227 658 4303 μέντοι
685 4217 853 4302 πράγματα,
877 4216 933 4298 [οἳ]
953 4221 998 4294 99)
1029 4223 1157 4300 φαίνεται
1186 4225 1215 4280 ίν
1241 4225 1283 4296 τῷ
1324 4224 1466 4296 intentos,
1487 4239 1545 4280 non
1566 4229 1663 4296 potest
1675 4223 1771 4296 ipsum
1785 4239 1879 4294 oeque
1894 4228 1963 4278 ante
1980 4223 2138 4280 triennium
2151 4224 2244 4280 reci-

373 4313 552 4390 μοναστηρίῳ
574 4301 793 4387 είοαχπγιὺυ99),
815 4301 958 4386 εἰσπράξει
969 4305 1023 4378 ¹⁷).
1045 4304 1119 4365 εἰδὲ
1132 4303 1282 4366 ἀπολείπει
1324 4325 1403 4381 pere.
1424 4311 1632 4379 Verumtomeo
1655 4324 1707 4365 ens
1728 4323 1787 4376 res,
1808 4324 1882 4378 quas
1903 4312 2024 4380 appieret
2046 4321 2112 4364 eum
2124 4307 2155 4362 ln
2168 4323 2244 4364 mo-

373 4389 406 4455 τό
428 4389 671 4473 μοναστήριον99)
694 4385 777 4461 οὑτος
797 4386 886 4461 αὑτός
912 4388 928 4451 ὁ
950 4384 1080 4468 μονιὶσας
1106 4392 1212 4467 οίκίτης
1227 4387 1282 4467 99),
1323 4394 1484 4450 nasteriurn
1505 4393 1669 4467 induxisse,
1690 4393 1800 4467 exiget.
1822 4393 1876 4450 Sin
1897 4397 1994 4449 eutem
2023 4392 2242 4450 monasterium

372 4477 461 4550 ἔξεστι
483 4481 523 4553 τῷ
545 4470 670 4553 δισπότη
690 4473 777 4535 ε’λκειν
797 4470 885 4535 αὑτόν
905 4477 943 4544 είς
965 4475 1099 4533 δουλείαν.
1127 4469 1195 4552 Χρή
1216 4471 1282 4546 τοὺς
1323 4479 1470 4549 relinquat
1502 4479 1553 4534 hio
1582 4479 1647 4549 ipse
1674 4491 1796 4551 servus,
1842 4477 1893 4548 qui
1920 4477 2011 4532 vitam
2041 4477 2243 4533 monasticam

372 4557 566 4642 pooepoiieffl)
589 4565 617 4620 ἐν
636 4559 764 4638 κοινοβίῳ
784 4560 955 4620 διαιτᾶσθαι
966 4552 1060 4639 χωρής
1077 4557 1119 4634 (εί.
1131 4558 1280 4638 χωρίς)99)
1323 4563 1475 4634 amplexus
1497 4567 1559 4637 εει,
1580 4561 1650 4618 licet
1672 4561 1786 4618 domino
1809 4575 1874 4617 eum
1896 4561 1927 4617 ln
1948 4561 2120 4617 servitutem
2133 4565 2242 4617 retra-

1324 4648 1403 4704 here.
1425 4646 1547 4719 0portet
1565 4645 1723 4703 monachos
1744 4647 1774 4704 in
1794 4645 1936 4703 coenobio
1957 4645 2078 4720 degere,
2099 4645 2244 4720 exceptis

246 2813 340 2868 Novi

373 4783 788 4800 ψ

438 4880 485 4944 tit)
502 4879 593 4929 Codex
608 4873 857 4928 ἀντιιαθιστανται.
907 4876 957 4934 71)
974 4876 1027 4926 Pro
1044 4893 1066 4926 ει.
1084 4893 1109 4926 τ.
1127 4877 1205 4927 Febr.
1222 4878 1300 4926 λεαίνει
1316 4877 1361 4927 καί
1376 4875 1420 4926 τὰ.
1471 4875 1517 4940 72)
1534 4880 1581 4928 sic
1597 4879 1728 4931 uoiroios
1746 4883 1828 4926 recte.
1846 4877 1936 4931 Verbo
1952 4877 1989 4941 τᾷ
2006 4875 2079 4942 αὐτῷ
2094 4879 2194 4929 ιλεεαιει
2212 4882 2246 4930 λιι

371 4947 472 5000 Codice
488 4951 545 4997 stne
562 4947 672 4995 λεεαιεεε
689 4951 849 5010 suspicione.
900 4941 947 5008 79)
964 4945 1017 4994 Ρυο
1033 4957 1103 4994 voce
1119 4946 1223 5014 πρῶτον
1246 4945 1324 4994 iuer.
1347 4947 1425 4995 λεαίνει
1446 4941 1482 4994 α’.
1538 4945 1587 5006 74)
1611 4947 1665 4997 Pro
1688 4942 1827 5003 ειςιλλαεον
1852 4945 1945 4996 Codex
1967 4935 2027 5003 ινδ.
2085 4943 2131 5010 7ο)
2154 4947 2246 4998 Febr.

371 5029 471 5096 χννικὺτ
487 5029 551 5082 ἔστι.
602 5027 648 5090 76)
671 5029 750 5080 Febr.
771 5027 1000 5090 ἀντεισαχθίντας.
1052 5026 1098 5088 w)
1116 5027 1208 5078 Codex
1224 5009 1418 5110 dsoporppooivri
1442 5030 1551 5081 Leunoi.
1567 5033 1652 5081 vertit
1668 5029 1750 5097 „qui
1765 5023 1991 5078 neocosmum.
2009 5029 2088 5079 Mille.
2121 5027 2246 5091 78)Ρεό

337 5147 344 5156 ,
371 5099 471 5150 ἐκείνων
487 5094 580 5149 λοιπὸν
596 5093 631 5162 μή
648 5095 856 5165 προσδεχομένων
872 5095 963 5146 Codex
979 5095 1057 5145 habet
1073 5091 1161 5145 ίκσιιὺν
1177 5091 1271 5145 λοιπόν
1286 5115 1322 5161 μη
1340 5095 1550 5166 προσδεχόμενος.
1585 5099 1653 5148 Vide
1675 5099 1743 5146 Nou.
1760 5097 1803 5144 67.
1822 5107 1878 5158 esp.
1898 5095 1921 5145 i.
1961 5095 2006 5157 ie)
2024 5097 2077 5146 l’ro
2094 5095 2247 5154 κεφάλαιον

371 5167 463 5218 Codex
479 5168 557 5216 hebet
573 5182 627 5221 ειεφ.
678 5163 725 5226 80)
744 5165 837 5227 incipit
853 5163 900 5212 iot.
917 5165 960 5214 28.
978 5167 1006 5212 ll.
1041 5162 1133 5213 Codex
1149 5161 1255 5232 ποιείσζ.
1306 5163 1354 5224 81)
1371 5167 1449 5214 idalii.
1472 5165 1711 5234 ἐπιστρεφομένοις.
1741 5165 1883 5228 Utrumque
1898 5167 1972 5212 recle
1989 5167 2101 5224 ponitur.
2120 5163 2167 5227 8¹2)
2180 5165 2246 5216 Go-

321 5259 325 5268 ·
372 5235 421 5284 dex
439 5231 559 5283 αίτισεσι.
577 5233 657 5282 Febr.
673 5228 801 5298 αίτήσεσι.
850 5229 898 5294 86)
915 5232 1057 5282 Articulum
1074 5227 1123 5296 τήν
1140 5231 1270 5280 Febroius
1288 5235 1393 5282 omittit.
1443 5230 1491 5295 ei)
1513 5233 1567 5282 Pro
1591 5231 1628 5290 είς
1649 5230 1695 5290 οὑς
1716 5232 1807 5281 Codex
1826 5232 1903 5280 λεαίνει
1925 5230 2039 5280 είοοειοοι.
2090 5228 2136 5294 86)
2153 5233 2245 5284 ΜΓ.

371 5299 471 5368 ἐγράφη
487 5300 615 5365 βασιλείᾳ.
666 5297 712 5362 86)
729 5299 807 5351 Febr.
822 5295 1021 5350 Ἰουστινιανοῦ.
1072 5299 1118 5360 ei)
1135 5299 1213 5348 Febr.
1232 5294 1368 5348 ὑπατείαν.
1420 5301 1467 5359 86)
1483 5302 1660 5351 Locociavius
1677 5301 1747 5350 odiit
1762 5295 1795 5347 τὸ
1811 5296 1843 5360 χ’.
1861 5299 1953 5347 [leole.
1971 5299 2039 5347 Vide
2053 5299 2158 5348 Blenerl
2172 5302 2246 5352 nist.

371 5369 440 5418 Nov.
458 5383 483 5430 p.
500 5367 560 5417 oio.
610 5363 656 5430 89)
674 5367 751 5417 Febr.
769 5365 813 5416 καί
829 5363 864 5416 τό
881 5366 945 5432 iiic.
997 5363 1044 5427 90)
1061 5365 1152 5416 Codex
1167 5364 1301 5429 μοναχιιή.
1337 5367 1467 5417 Fabrotns
1484 5368 1539 5432 βίος
1556 5373 1662 5419 omittit.
1687 5369 1755 5428 Quid
1772 5371 1798 5416 io
1817 5365 1948 5428 poreiitlis
1965 5368 2010 5422 sit,
2025 5366 2113 5415 Notat.
2130 5379 2156 5428 p.
2171 5369 2245 5418 229.

371 5449 426 5488 noo
443 5431 508 5484 satis
525 5435 668 5486 declarent.
720 5433 765 5498 91)
782 5433 822 5484 Διί
839 5438 986 5498 marginem
1003 5433 1110 5483 Codicis
1126 5432 1188 5501 περὶ
1204 5435 1253 5482 τοῦ
1270 5431 1397 5490 κτίζοντος
1412 5435 1597 5505 μυναστήριου.
1637 5433 1684 5499 99)
1701 5436 1779 5485 Febr.
1798 5433 1963 5496 ίπιιίσλλίειε.
1988 5434 2032 5482 Sic
2048 5432 2182 5484 etCodcx
2202 5435 2245 5486 x.

371 5505 418 5560 ce)
437 5502 528 5552 Codex
542 5521 582 5564 με,
598 5501 676 5552 Febr.
693 5501 737 5568 μή.
788 5500 835 5566 94)
853 5503 906 5552 Pro
923 5498 999 5566 εὐχῆς
1016 5500 1108 5551 Codex
1124 5501 1203 5548 habet
1225 5497 1314 5568 ἀρχῆς.
1373 5501 1421 5564 tie)
1444 5501 1535 5552 Cortex
1559 5492 1678 5568 ήγηοαςί.
1720 5503 1775 5552 Pro
1798 5496 1961 5566 ήνησαμίνης
1980 5499 2074 5551 Codex
2095 5501 2130 5549 Χ.
2154 5503 2248 5554 tabee

370 5572 513 5635 γενομένης.
564 5571 609 5624 96)
626 5569 679 5619 Pro
696 5570 770 5637 παγῇ
786 5570 878 5620 Codex
894 5569 973 5618 lilibet
988 5569 1068 5629 πανίι.
1120 5564 1165 5630 67)
1183 5567 1236 5617 Pro
1254 5564 1366 5638 σταυρὸς
1381 5569 1473 5620 enies
1492 5569 1541 5636 ἶς’
1558 5569 1643 5620 habet.
1694 5569 1741 5630 98)
1758 5569 1798 5618 Ao
1815 5581 1899 5632 marg.
1924 5567 2031 5620 codicis
2052 5566 2112 5637 περί
2134 5566 2247 5621 δούλου

370 5635 539 5700 μονάσαιτος.
588 5633 633 5700 99)
649 5637 702 5687 Pro
719 5637 835 5722 τριετίαν
851 5639 890 5686 tlt.
909 5638 951 5686 ie.
969 5637 1055 5696 parsi.
1072 5632 1099 5693 S.
1117 5633 1143 5682 2.
1162 5635 1239 5684 hebet
1254 5639 1352 5704 τριετή.
1404 5635 1431 5700 1)
1449 5625 1708 5704 ίντήίμοναστηρίῳ
1725 5637 1915 5688 hausistis.
1934 5633 2095 5699 periit.8.2.
2129 5634 2159 5698 8)
2177 5637 2246 5688 Pro

370 5705 507 5756 συντονίαν
524 5703 617 5755 Codex
634 5720 776 5766 ουντομιαν
792 5705 878 5754 λεαίνει.
928 5699 957 5762 8)
973 5703 1027 5752 Pro
1045 5696 1128 5757 οὕτως
1144 5701 1236 5751 Codex
1252 5705 1331 5754 λεαίνει
1347 5701 1435 5760 οίιειις.
1487 5702 1517 5768 4)
1534 5706 1629 5766 incipit
1644 5705 1690 5754 iol.
1707 5707 1751 5755 29.
1770 5706 1802 5753 Α.
1853 5702 1881 5762 λλ)
1899 5703 1952 5753 Pro
1976 5698 2114 5764 ὑπόσχοιεν
2136 5701 2247 5756 Codex

370 5774 448 5824 λεαίνει
465 5769 598 5836 ίπόσχιεν,
615 5771 745 5821 λἰελντοιαε
762 5777 849 5822 autem
867 5765 994 5832 ὑποσχών.
1047 5766 1075 5832 θ)
1100 5769 1232 5820 Febrotns
1255 5768 1280 5820 ιε’
1302 5770 1329 5820 δι’
1351 5769 1400 5830 νίς,
1429 5771 1520 5822 Codex
1543 5779 1632 5822 sutem
1655 5769 1680 5822 εί
1702 5771 1729 5822 ti
1751 5771 1845 5836 λεαίνει,
1875 5771 1923 5822 sed
1944 5773 2172 5833 praepositionem
2199 5770 2246 5832 εἰς

370 5844 476 5903 omittd.
525 5839 554 5904 7)
571 5841 632 5890 Vox
648 5841 695 5904 τῆς
711 5840 787 5888 deest
803 5838 869 5902 apud
885 5839 1037 5888 usurotun.
1087 5835 1117 5899 8)
1133 5837 1187 5886 Pro
1204 5835 1268 5897 μεθ’
1286 5827 1321 5888 oio
1337 5839 1429 5889 Codex
1446 5841 1524 5890 λεαίνει
1539 5838 1633 5900 poete.
1685 5837 1713 5902 λλ)
1737 5840 1815 5891 Febr.
1833 5835 1959 5897 ὑφείλετο.
2012 5835 2058 5901 io)
2080 5837 2134 5887 Pro
2158 5853 2181 5887 π
2201 5859 2245 5889 α-

367 5907 473 5972 χμοίτινν
489 5902 580 5958 Codex
597 5907 676 5955 natet
691 5907 808 5983 πρᾶνμμ.
861 5901 907 5968 11)
924 5907 976 5954 Pro
991 5899 1132 5955 adsistit.
1151 5900 1193 5954 ie.
1211 5909 1295 5967 paret.
1314 5905 1340 5966 S.
1358 5909 1384 5956 2.
1408 5908 1504 5957 Ιλεελνεεει
1525 5905 1618 5957 αὑτοῦ.
1674 5906 1723 5972 12)
1745 5907 1825 5956 sair.
1850 5903 1939 5955 αὑτολν
1955 5903 2157 5971 detineam
2199 5921 2244 5960 ox

367 5973 499 6038 δι’ίλεγχει.
551 5971 595 6032 19)
613 5971 704 6022 Codex
720 5988 797 6030 οεμν.
848 5969 895 6030 14)
912 5967 997 6024 Prod
1020 5969 1119 6037 οἰκέτης
1142 5971 1233 6022 Codex
1249 5975 1327 6023 λεαίνει
1348 5972 1419 6023 οἰκεῖ.
1471 5971 1519 6034 ie)
1541 5971 1560 6023 ὑί
1583 5977 1660 6024 deest
1680 5979 1707 6024 ln
1729 5974 1836 6024 Codice.
1877 5973 1993 6037 ideoque
2023 5978 2099 6023 οεελεε
2119 5971 2243 6027 inmersi.

365 6045 418 6094 Sed
435 6043 514 6094 λλιίεε.
532 6045 560 6090 et
575 6039 684 6089 Leunoi.
706 6040 775 6088 hene
792 6051 887 6089 vocem
902 6045 1057 6103 agnoscunt.
1109 6037 1153 6104 io)
1170 6039 1262 6092 Codex
1286 6039 1322 6098 εἰς
1344 6037 1457 6103 ἀγαγών.
1508 6039 1554 6105 17)
1577 6041 1670 6092 Codex
1693 6038 1834 6108 εἰσπραξει.
1891 6041 1936 6098 18)
1959 6039 2051 6093 Codex
2074 6036 2241 6106 ἀπολείπει,

366 6112 499 6160 uaorotus
516 6105 652 6158 ἀπολίποι.
704 6106 748 6168 19)
765 6106 817 6156 Pru
833 6102 932 6170 οἰκίτης
948 6107 1039 6158 Codex
1056 6109 1134 6160 mist
1150 6098 1205 6159 oid.
1255 6108 1304 6170 160)
1321 6110 1359 6158 Διί
1376 6120 1459 6174 marg.
1477 6108 1537 6178 περί
1554 6109 1696 6172 ειοινοιβίενν.
1714 6111 1780 6173 leeg.
1797 6107 1937 6170 κοινοβίοιν.
1972 6109 2021 6172 21)
2037 6109 2116 6162 liuhi·
2137 6115 2237 6177 χειρίς.
