4802 7060
364 541 460 592 nm
1023 511 1594 584 Puonuccnnna

365 707 441 798 17,
465 699 539 792 18,
562 699 637 793 rs,
658 699 735 792 30,
755 700 818 771 31.
843 739 881 756 -
906 703 1002 770 Nono
1022 701 1136 770 borum
1157 707 1416 788 argumentorum
1439 702 1619 788 catalogum
1641 718 1686 768 ex
1707 695 1872 768 codicibus
1893 697 2124 788 manuscriptis
2151 702 2235 770 exbi-

362 809 525 893 bebimus,
549 804 815 872 constitutionum
836 804 1070 892 inscriptiones
1092 804 1261 890 primoque
1284 809 1319 869 et
1336 803 1566 890 ultimagvcrba
1579 802 1822 891 adnotabimus,
1842 800 1993 890 denique,
2013 821 2174 890 numquse
2195 805 2236 872 te·

362 911 416 996 gis
436 905 633 994 subscriptio
655 905 689 970 iu
710 911 823 971 nostro
842 897 925 970 libro
948 905 1115 993 habentor,
1137 904 1369 971 adscribsmos.
1402 903 1439 968 ln
1463 921 1525 988 quo
1547 903 1659 970 horum
1680 899 1830 970 librorum
1851 921 1947 968 mono
1963 910 2172 970 exaratorum
2192 913 2237 974 tc·

362 1009 525 1077 stimoniis
547 1015 688 1074 utemur:
718 1003 850 1072 Codicis
872 1005 993 1071 Graeci
1013 1006 1213 1072 Parisiensis
1247 1002 1375 1090 tuuc,
1412 1001 1541 1092 1334,
1570 1001 1699 1090 1336,
1730 1001 1860 1084 1334,
1891 999 2020 1082 1355„
2057 1003 2238 1074 Coisiiniaui

363 1107 472 1200 209„
501 1107 643 1176 Medieei
663 1106 876 1172 Laurentiuni
898 1107 999 1192 plutei
1020 1107 1062 1172 X.
1087 1125 1217 1173 numero
1244 1106 1316 1194 ro,
1338 1106 1554 1172 'taurinensis
1574 1109 1700 1172 XXVI.
1723 1103 1752 1170 b.
1776 1108 1819 1170 V.
1844 1101 1893 1190 6.,
1922 1103 2132 1170 Monacensis
2155 1103 2235 1174 380.

516 1232 542 1292 1.
588 1227 822 1310 Argumentum
844 1223 937 1290 huius
962 1223 1203 1291 constitutionis
1233 1222 1449 1291 desiderator.
1498 1219 1749 1310 Αότοκράτορες
1778 1218 1954 1298 Θεοδόσιος
1981 1223 2039 1286 καὶ
2071 1219 2238 1290 Οὐάλεντι-

362 1329 475 1408 νιανός
495 1352 551 1396 αα.
592 1325 746 1412 Ὁρμίσδςι
767 1322 898 1412 ἐπάρχῳ
919 1330 1128 1412 πραιτωριων.
1174 1326 1524 1412 1ου1ρ11θεσπίζομεν.
1570 1323 1703 1391 Desinit
1731 1320 1907 1389 διδάσκειν.
1950 1319 2159 1411 Subscriptio
2186 1325 2239 1394 cd·

364 1439 429 1500 est.
474 1428 539 1496 Est
560 1435 664 1496 const.
691 1427 727 1492 3.
752 1426 788 1493 C.
812 1427 839 1492 1.
867 1425 900 1490 1.
924 1424 989 1518 (δε
1011 1447 1133 1494 summa
1154 1422 1337 1518 trinitate).

516 1552 558 1613 ΙΙ.
598 1543 829 1614 ’1ουστινιανοῐι
849 1547 910 1609 τοῦ
930 1542 1163 1629 εὐσεβεστάτου
1182 1547 1341 1630 βασιλέως
1368 1547 1439 1631 περὶ
1459 1539 1679 1610 τελευτώντων
1707 1543 1764 1608 καλ
1794 1537 2108 1625 καταλιμπανόντων
2134 1544 2239 1630 κληρο-

364 1647 467 1732 νόμον
487 1649 659 1726 ἐκκλησιαυ
690 1644 891 1725 οἱανδήποτε.
939 1642 972 1712 Ὁ
1000 1642 1099 1720 αὑτός
1124 1644 1277 1730 βασιλεὺς
1301 1643 1472 1730 Ἰουλιανῴ
1502 1643 1633 1730 ἐπάρχῳ
1660 1646 1871 1729 πραιτωρίων.
1923 1643 2043 1730 Incipit
2070 1641 2237 1730 ἐπειδήπερ.

365 1749 500 1818 Desinit
521 1751 749 1835 κληρονομίαν.
794 1745 999 1833 Subscriptio
1021 1744 1127 1812 cdcst.
1173 1745 1239 1814 Est
1260 1752 1366 1814 const.
1389 1743 1454 1813 26.
1476 1745 1514 1812 0.
1537 1745 1564 1811 1.
1589 1744 1625 1812 3.
1660 1741 1727 1836 (de
1749 1743 1970 1812 sacrosanctis
1998 1740 2186 1835 ecclesiis).

517 1869 576 1934 111.
619 1865 765 1945 Λέοντος
792 1861 894 1946 νόμος
920 1865 990 1947 περὶ
1018 1864 1078 1927 τοῦ
1103 1860 1148 1945 μή
1176 1861 1294 1948 ἐξεῖναι
1320 1861 1468 1947 μοναχὸν
1495 1861 1642 1943 ἐξελθεῖν
1669 1869 1707 1929 ἐκ
1735 1864 1795 1926 τοῦ
1821 1865 2042 1947 μοναστηριόυ
2068 1858 2174 1928 αὐτοῦ
2193 1867 2241 1932 καλ

366 1965 529 2057 περιάγειν
550 1973 584 2032 ἐν
605 1963 705 2032 πόλει.
760 1962 1012 2050 Αὐτοκράτορος
1039 1967 1135 2032 Λίων
1163 1969 1220 2030 καὶ
1245 1963 1422 2048 Ἀνθέμιος
1449 1989 1506 2030 αα.
1530 1961 1656 2042 Ζήνωνι
1684 1965 1867 2052 στρατηγῷ.
1911 1961 2028 2050 incipit
2051 1969 2085 2028 oi
2113 1971 2149 2030 ἐν
2168 1977 2238 2045 τοῖς.

363 2069 499 2142 Desinit
521 2064 690 2156 αὐστηρία.
734 2067 940 2152 Subscriptio
963 2064 1069 2133 adest.
1113 2063 1178 2132 Est
1199 2073 1305 2134 const.
1335 2062 1398 2131 29.
1423 2063 1460 2132 C.
1484 2065 1510 2130 1.
1534 2063 1570 2130 3.
1593 2062 1658 2157 (de
1693 2065 1859 2152 episcopis
1880 2070 1916 2130 et
1937 2059 2099 2155 clericis).

519 2188 579 2252 1v.
619 2183 852 2256 ’1ουστινιανοῖι
873 2181 971 2265 νόμος
992 2185 1063 2270 περὶ
1083 2184 1143 2248 τοῦ
1164 2193 1248 2267 τρεῖς
1270 2181 1392 2270 ἄνδρας
1410 2185 1529 2270 χρήναι
1552 2185 1696 2262 δοθῆναι
1718 2189 1763 2260 είς
1786 2180 1948 2270 ψήφισμα
1968 2181 2164 2250 ἐπισκόπου·
2192 2189 2242 2252 καλ

365 2287 425 2356 τόν
445 2285 615 2372 γινόμενον
635 2283 795 2369 άγόναιον
816 2288 872 2352 καὶ
895 2283 1032 2350 άτεκ-νον
1054 2282 1138 2350 εἶναι
1157 2282 1231 2372 χρή.
1261 2281 1486 2374 Αὐτοκράτωρ
1504 2282 1735 2363 ’λουστιυιανός
1755 2307 1787 2350 α.
1815 2281 1978 2373 :trappas
2000 2281 2133 2371 ίπάρχερ
2155 2310 2242 2376 πραι·

364 2394 502 2478 τυρίον.
556 2387 676 2476 incipit
708 2387 820 2456 πάσαν
850 2383 913 2452 άεί.
969 2385 1105 2453 Desinit
1138 2387 1327 2470 νομοθεσίᾳ
1359 2382 1483 2464 ποινάς.
1541 2384 1748 2474 Subscriptio
1783 2385 1891 2454 adest.
1941 2383 2007 2453 Est
2041 2394 2146 2455 const.
2185 2385 2242 2456 41.

367 2491 458 2562 (3.1.
483 2489 521 2558 3.

519 2610 566 2674 V.
606 2603 840 2672 Ἰουστινιανοῦ
861 2601 960 2689 νόμος
980 2606 1051 2691 περὶ
1071 2605 1131 2670 τοῦ
1151 2602 1196 2687 μή
1217 2607 1284 2672 δεῖν
1305 2608 1481 2672 ἐπίσκοπον
1502 2602 1580 2672 ἄνευ
1601 2601 1773 2683 κελεάσεως
1791 2607 1962 2692 βασιλικῆς
1981 2605 2108 2674 ἀνιέναι
2129 2615 2166 2674 ἐν
2184 2608 2244 2674 Βυ-

368 2713 500 2792 ζαντίῳ.
533 2705 566 2775 ‘0
587 2704 687 2784 αὐτὸς
706 2706 858 2792 βασιλεὺς
877 2705 1061 2793 Ἑπιιρανίῳ
1083 2703 1324 2791 άρχιεπισκόπῳ
1345 2705 1725 2785 Κωνσταντινουπόλεως
1744 2711 1802 2774 καὶ
1823 2711 2035 2792 οίκουμένικῷ
2056 2707 2243 2796 πατριάρχῃ.

370 2810 493 2898 Incipit
518 2810 627 2876 πάσαν
648 2806 708 2874 άεί.
752 2808 885 2875 Desinit
914 2807 1079 2892 εὐσέβειαν
1099 2815 1248 2892 ἐνεγκεῖν.
1290 2807 1497 2896 Subscriptio
1518 2809 1626 2876 adest.
1669 2806 1736 2876 Est
1756 2817 1861 2877 const
1884 2809 1949 2878 43.
1974 2814 2012 2877 C.
2035 2809 2062 2877 1.
2087 2807 2124 2876 3.

519 2929 579 2992 Vl.
620 2923 853 2992 ’1ουστινιανοῡ
872 2923 971 3009 νόμος
991 2922 1203 3011 άπαγορεόων
1223 2923 1307 2990 εἶναι
1327 2923 1531 3009 μοναστήρια
1559 2929 1658 2994 διπλά
1678 2928 1794 3007 (Tanr.
1818 2925 1930 3011 διπλά)
1960 2923 2089 3016 ἀνδρῶν
2116 2933 2177 2996 καὶ
2194 2953 2246 3014 γυ·

366 3027 489 3098 ναυτῶν
508 3024 529 3106 ἢ
550 3027 807 3093 συνδιαιτᾶσθαι
827 3024 992 3110 μοναχοάς
1011 3030 1229 3111 μοναστρίαις.
1270 3022 1304 3093 Ὁ
1334 3024 1434 3106 αὐτος
1465 3027 1617 3113 βασιλεὺς
1644 3030 1747 3112 Marri
1775 3025 1906 3113 ἐπάρχῳ
1927 3033 2141 3120 πραιτωρίων.
2185 3031 2239 3098 lu·

367 3131 448 3219 cipit
469 3130 525 3208 τῆς
546 3129 618 3194 τῶν.
663 3127 795 3194 Desinit
815 3124 937 3204 ποινάς.
982 3127 1188 3214 Subscriptio
1209 3127 1317 3194 adest.
1361 3127 1428 3196 Dst
1448 3137 1553 3197 const.
1577 3127 1643 3196 44.
1668 3132 1708 3196 C.
1731 3126 1758 3194 1.
1782 3127 1818 3196 3.

253 3237 257 3244 ’
521 3250 596 3312 vll.
616 3243 850 3312 Ἰουστινιανοῦ
870 3242 970 3328 νόμος
990 3243 1035 3328 μή
1054 3243 1171 3326 ἐξεῖναι
1194 3245 1309 3330 (Tcnr.
1332 3253 1403 3332 περί
1424 3248 1484 3313 τοῦ
1503 3249 1549 3331 μή
1570 3246 1701 3328 ἐξεῖναι)
1720 3257 1837 3332 γαμεῖν
1857 3245 1940 3329 μετά
1949 3253 2160 3336 χειροτονιαν
2177 3246 2248 3316 bso-

367 3346 510 3432 διακόνῳ
533 3345 764 3428 (ὑποδιάκονον
785 3347 899 3428 Teuc.)
922 3345 943 3426 ή
964 3343 1106 3430 διακόνῳ
1134 3344 1303 3428 (διάκονον
1331 3347 1446 3432 Taur.)
1468 3345 1489 3426 ή
1514 3348 1716 3434 πρεσβυτέρῳ
1745 3346 1973 3436 (πρεσβύτερον
2001 3351 2130 3439 Tenc),
2161 3357 2189 3418 st
2208 3351 2247 3434 μή

367 3447 480 3534 μόνοις
500 3447 647 3535 ψάλταις
667 3451 724 3514 καὶ
745 3445 973 3531 άναγνοόσταις
995 3453 1037 3530 (εί
1057 3446 1155 3530 μή-
1172 3444 1399 3531 άναγνάσταις
1419 3450 1453 3514 in
1475 3449 1574 3515 nour.
1598 3447 1743 3530 desunt).
1769 3447 1802 3515 ‘O
1823 3448 1923 3527 αὐτὸς
1942 3449 2096 3537 βασιλεὺς
2113 3451 2249 3518 Ἰουλια-

368 3553 414 3636 boi
436 3549 566 3636 ἐπάρχω
587 3554 797 3640 πραιτωριλυν.
841 3547 961 3638 lucipit
981 3551 1046 3616 τῶν
1067 3549 1169 3640 ίερών.
1214 3548 1348 3616 Desinit
1376 3551 1547 3639 ἔρχεσθαι.
1591 3548 1798 3640 Subscriptio
1820 3549 1926 3618 adest.
1970 3549 2037 3618 cst
2058 3559 2168 3620 const.
2188 3550 2250 3620 46.

522 3771 614 3834 v111.
654 3769 887 3835 ’1ουστινιαυοῠ
914 3765 1013 3852 νόμος
1041 3771 1111 3854 περὶ
1141 3765 1360 3835 τελευτώντων
1387 3771 1444 3835 καὶ
1466 3769 1704 3852 διατιθεμένων
1733 3781 1836 3837 ποιεῖν
1856 3768 1978 3851 ξενῶνα
1998 3769 2076 3848 τοὺς
2096 3767 2253 3855 κληρονό-

368 3890 451 3954 μους
470 3863 574 3935 αὐτοῦ
595 3874 631 3934 εκ
652 3872 717 3934 τῶν
738 3867 842 3934 αὐτοῦ
862 3867 1062 3954 πραγμάτων
1082 3869 1102 3950 ri
1126 3870 1227 3937 ἄλλον
1248 3867 1349 3952 εὐαγῆ
1372 3867 1475 3957 οἶκον,
1496 3873 1553 3936 καλ
1575 3867 1781 3952 ἀμελούντων
1802 3874 1867 3938 τῶν
1888 3869 2096 3958 κληρονόμων
2117 3867 2173 3937 ὄτι
2192 3871 2254 3960 χρή

368 3968 427 4036 τὸν
448 3971 505 4049 τής
525 3965 644 4047 πόλεως
665 3973 840 4035 ἐπίσκοπον
860 3967 1119 4052 καταναγκάζειν
1150 3967 1209 4036 τόν
1236 3968 1438 4058 κληρονόμον
1458 3981 1562 4038 ποιεῖν
1589 3969 1633 4038 τά
1663 3969 1874 4061 περιεχόμενα
1894 3975 1935 4057 τή
1956 3969 2105 4056 διαθήκῃ
2127 3971 2255 4056 (διατυ-

368 4069 469 4137 πώσει
492 4071 615 4152 Τουτ.).
645 4069 678 4137 Ὀ
700 4067 800 4147 αὐτός
816 4068 969 4155 βασιλεὺς
988 4069 1153 4155 Ἰουλιανῴ
1176 4067 1306 4156 ἐπάρχῳ
1327 4075 1542 4163 πραιτωρίων.
1570 4072 1688 4162 incipit
1710 4075 1918 4158 θεσπιζομεν.
1946 4071 2082 4140 Desinit
2101 4071 2256 4153 διασώζε-

367 4173 469 4240 σθαι.
511 4168 717 4260 Subscriptio
739 4171 845 4238 ndest.
888 4171 953 4244 Est
974 4179 1081 4238 const.
1103 4170 1170 4238 46.
1193 4170 1230 4238 U.
1254 4173 1281 4238 1.
1306 4171 1342 4238 3.

522 4291 580 4356 lx.
622 4288 854 4360 Ἰουστινιανοό
880 4287 979 4373 νόμος
1006 4292 1077 4375 περὶ
1104 4291 1165 4355 τοῦ
1190 4287 1234 4374 μή
1262 4291 1330 4357 δεῖν
1356 4287 1446 4360 κατά
1472 4287 1565 4374 τάξιν
1585 4293 1644 4358 καλ
1667 4292 1809 4377 βαθμον
1836 4289 1970 4378 πρώτων
1997 4291 2160 4376 γίνεσθαι
2182 4287 2259 4366 τοίς

309 4433 311 4438 -
368 4383 607 4473 ήγουμένουςή
633 4389 693 4467 τάς
714 4388 902 4473 ήγουμένας,
931 4387 1019 4460 άλλά
1039 4387 1116 4456 κατ’
1141 4388 1277 4476 ἐκλογήν
1299 4389 1449 4480 ίνάρετον
1476 4395 1533 4458 καὶ
1562 4390 1677 4460 ἱκανόν
1702 4391 1905 4473 ἀντέχεσθαι
1926 4395 2055 4480 ψυχάν.
2096 4390 2132 4459 Ὁ
2154 4389 2260 4466 αιἰτός

368 4485 521 4576 βασιλεὺς
538 4488 704 4574 Ἰουλιανῴ
726 4488 857 4578 ἐπάρχῳ
878 4481 1091 4576 πραιτωριλυν.
1134 4491 1254 4581 Incipit
1286 4501 1355 4571 τοῖς
1382 4498 1492 4580 ἱεροῖς.
1536 4491 1669 4561 Desinit
1695 4496 1914 4578 καινιζομίνης
1934 4491 2051 4576 νόμιον.
2094 4491 2261 4561 Subscri-
2386 4501 2387 4512 ¹

368 4593 438 4680 ptio
459 4590 567 4660 udest.
611 4590 677 4658 Est
698 4601 805 4659 const.
829 4591 893 4658 47.
917 4595 956 4657 C.
980 4591 1006 4657 1.
1031 4587 1067 4658 3.

521 4712 564 4774 X.
605 4707 838 4778 Ἰουστινιανοῦ
857 4706 972 4798 νόμος,
995 4705 1046 4774 ότι
1069 4705 1109 4774 ori
1127 4707 1192 4796 χρὴ
1212 4715 1388 4780 ἐπίσκοπον
1409 4717 1530 4792 ἔχοντα
1550 4721 1694 4796 γυναῖκα
1720 4711 1861 4792 ἢτέκνα
1881 4714 2048 4796 γίνεσθαι.
2088 4709 2124 4780 '0
2154 4710 2265 4790 αὐτὸς

366 4807 520 4896 βασιλεὺς
538 4805 672 4894 Ἰωάννῃ
692 4807 823 4892 ἐπάρχω
844 4815 1058 4900 πραιτωρίων.
1100 4810 1220 4896 Incipit
1240 4814 1447 4897 θεσπιζομιν.
1490 4811 1625 4881 Desinit
1643 4810 1773 4880 πάντων
1793 4811 2003 4903 άρεσκοὺσης.
2046 4811 2265 4904 Subscriptio

368 4910 477 4980 urbest.
519 4908 586 4978 Est
607 4916 711 4980 const.
734 4906 800 4976 48.
824 4911 913 4980 c.1.
938 4909 973 4976 3.

328 5011 333 5022 ’
522 5032 580 5095 XI.
623 5024 855 5094 Ἰουστινιανοῦ
874 5001 986 5112 νόμος,Ι
1005 5026 1185 5116 βουλευτάς
1206 5027 1226 5110 ἢ
1247 5028 1410 5112 ταξεώτας
1430 5030 1475 5116 μή
1495 5031 1653 5116 γίνεσθαι
1674 5031 1867 5111 ἐπισκόπους
1893 5029 2120 5121 ἢκλήρικοός,
2145 5040 2180 5099 εί
2202 5028 2269 5116 μή·

369 5151 419 5198 πω
445 5128 610 5196 παιδόθεν
630 5125 806 5212 εμόνασαν,
833 5129 913 5212 μηδὲ
933 5127 1104 5214 κλῃρικοός
1131 5128 1322 5211 οίουδήποτε
1347 5133 1516 5217 τάγματος
1535 5130 1752 5220 ἀφίστασθαι
1782 5138 1843 5202 του
1863 5132 1984 5223 κλήρου
2004 5138 2062 5202 καὶ
2083 5133 2272 5219 στρατεύε-

369 5233 468 5299 σθαι.
510 5229 543 5298 ‘0
573 5227 673 5307 αὐτὸς
693 5228 846 5315 βασιλεὺς
864 5228 998 5315 Ἰωάννῃ
1018 5230 1150 5316 ἐπάρχῳ
1180 5239 1393 5325 πραιτωρίων.
1437 5233 1556 5321 incipit
1576 5235 1788 5321 seruatores.
1833 5235 1968 5304 Desinit
1993 5239 2273 5324 φυλαττομένου.

369 5331 577 5419 Subscriptio
600 5331 706 5398 adest.
751 5328 817 5397 Est
844 5340 949 5399 coast.
973 5331 1036 5398 52.
1058 5331 1096 5400 C.
1119 5337 1144 5404 1.
1169 5331 1205 5399 3.

521 5451 595 5514 x11.
637 5445 870 5515 Ἰουστινιανοῦ
891 5447 991 5534 νόμος
1011 5453 1169 5539 περὶτῶν
1189 5454 1522 5536 καταλιμπανομένων
1549 5451 1713 5522 άνναλίων
1744 5460 1913 5534 πτωχείοις
1939 5452 1960 5536 ἢ
1986 5453 2117 5536 ξενῶσιν
2152 5453 2180 5534 ἢ
2209 5451 2276 5520 άλ-

371 5554 440 5626 λοις
452 5553 517 5618 τισὶ
538 5550 638 5634 (τισὶν
654 5550 771 5632 Tuon.)
792 5548 1007 5634 συστήμασιν,
1030 5549 1083 5618 ὄτι
1104 5548 1144 5617 ori
1163 5549 1227 5636 χρή
1248 5549 1434 5638 άπόπρασιν
1455 5552 1566 5622 αὐτῶν
1585 5557 1747 5639 γενέσθαι
1767 5562 1813 5634 είς
1825 5554 1930 5623 ποσόν
1952 5561 2002 5642 (ἐκ
2016 5553 2121 5623 πόσου
2136 5556 2278 5640 Touo.)

369 5654 519 5737 χρυσίου,
541 5648 610 5718 ἀλλ’
635 5656 672 5716 εκ
692 5647 813 5727 παντός
834 5649 957 5736 τρόπου
978 5647 1055 5717 κατ’
1074 5655 1152 5750 Ιίτος
1173 5653 1345 5720 δίδοσθαι.
1383 5654 1419 5720 'O
1441 5654 1541 5733 αὐτὸς
1560 5655 1714 5743 βασιλεὺς
1733 5655 1865 5742 Ἰωάννῃ
1886 5655 2018 5744 ἐπάρχῳ
2038 5661 2285 5747 πραιτωρίων..

371 5753 490 5839 Incipit
510 5747 530 5819 ὁ
550 5747 671 5840 παρών.
713 5749 847 5820 Desinit
868 5750 990 5830 ταύτην
1011 5749 1236 5837 προσάγοντες.
1269 5751 1475 5843 Subscriptio
1497 5756 1604 5825 adest.
1647 5755 1713 5826 Est
1734 5763 1839 5828 const.
1863 5757 1927 5824 67.
1951 5760 1989 5826 C.
2011 5763 2036 5823 1.
2062 5757 2097 5824 s.
