4802 7060
333 562 414 616 xcvi
995 529 1562 604 PROLEGOMENA

330 733 421 806 τέλος
442 727 507 793 τῶν
528 725 715 810 κεφαλαίων
736 728 773 790 ἐκ
792 705 858 788 Ιυάν
879 722 1001 807 νεαρῶν
1023 717 1199 802 διατάξεων
1219 723 1284 788 τῶν
1304 722 1374 804 περὶ
1396 717 1662 800 ἐνκλησιαστιιιῆς
1682 713 1869 797 διοικήσεως
1887 714 2041 786 Ἰωάννου
2062 717 2209 804 άρχιετιι-

332 828 459 898 σκότου
479 823 856 900 Κωυσταντινουνεόλεως
874 825 1174 903 τοάσχολαστιιιοῡ.
1204 820 1275 905 Quo
1297 820 1425 909 quidem
1446 821 1518 888 ioco
1540 821 1636 900 idem,
1658 817 1743 906 quod
1765 819 2041 906 supradiximus,
2064 821 2213 893 habetur.

330 931 486 1016 Denique
508 925 623 992 Codex
645 924 814 992 Mediocris
836 924 1061 1004 Florentium,
1090 925 1145 1013 qui
1172 924 1259 990 inter
1292 921 1442 988 Graecos
1471 921 1687 988 bibliothecae
1716 921 1958 988 Laurentianus
1979 921 2081 990 libros
2101 923 2208 1012 plutei

333 1037 379 1102 V.
408 1029 479 1097 cod.
508 1026 572 1093 22.
603 1033 672 1108 est,
718 1033 851 1094 auctore
873 1023 1045 1092 Barrdinio
1075 1026 1109 1092 in
1130 1025 1279 1110 catalogo
1301 1021 1449 1091 codicum
1465 1021 1664 1091 Graecorum
1685 1020 1832 1089 eiusdem
1853 1022 2069 1091 bibliothecae
2090 1031 2168 1092 tam.
2183 1026 2212 1093 l.

332 1155 365 1222 p.
387 1129 453 1198 46.
476 1128 636 1196 adfinem
657 1127 886 1194 nomocanoois
907 1128 948 1194 ab
971 1125 1115 1194 lobanne
1136 1123 1342 1193 Scholastica
1364 1123 1506 1190 coniecti
1526 1123 1602 1191 inde
1623 1142 1645 1191 a
1666 1123 1742 1190 iulio
1766 1120 1829 1189 76.
1852 1123 1891 1189 n.
1916 1145 2018 1216 usque
2039 1126 2081 1194 ad
2102 1127 2214 1194 talium

331 1233 399 1304 83.
420 1231 461 1297 Β.
485 1227 622 1298 eandem
643 1227 748 1312 legum
770 1229 1003 1315 collectionem,
1025 1247 1109 1315 quae
1130 1225 1215 1314 apud
1236 1225 1419 1293 lustellium
1440 1223 1589 1316 luteum,
1610 1224 1757 1313 exhibet,
1785 1224 1828 1292 ad
1850 1225 1987 1314 eiusque
2008 1227 2107 1296 linem
2130 1228 2215 1295 haec

330 1337 500 1422 leguntur:
544 1333 634 1404 τέλος
653 1330 719 1394 τῶν
739 1331 928 1416 κεφαλαίων
949 1336 985 1395 ἐκ
1005 1331 1070 1394 τῶν
1090 1331 1213 1414 νεαρῶν
1235 1323 1413 1408 διατάξεων
1434 1329 1500 1392 τῶν
1520 1328 1594 1410 περί
1614 1329 1881 1407 ίιιιιλησιασταιῆς
1901 1325 2086 1406 διοικήσεως
2104 1324 2215 1394 Ἰωάν-

334 1460 395 1504 νου
416 1427 671 1520 άρχιεπισιιόπου
691 1427 1069 1508 Κωνσταντινουπὸλεως
1097 1431 1157 1496 τοῦ
1177 1425 1243 1495 ἀπὸ
1270 1430 1505 1509 σχολαστιιιών.
1550 1427 1666 1516 ltaque
1687 1435 1723 1495 ct
1749 1427 1810 1494 hoc
1838 1429 1910 1496 lucu
1930 1428 2039 1512 vides,
2067 1437 2215 1496 nostruin

336 1539 446 1622 legum
468 1551 586 1618 corpus
601 1530 737 1596 iohanni
751 1527 961 1597 Scholastica
984 1531 1176 1598 attribui-
1190 1529 1246 1596 Ex
1267 1529 1330 1618 his,
1352 1549 1436 1616 quae
1457 1529 1611 1616 diximus,
1631 1530 1730 1600 etiam
1752 1535 1908 1618 tempora,
1929 1530 2045 1617 quihus
2067 1538 2218 1597 nostrum

334 1657 418 1724 opus
441 1639 608 1702 exaratum
631 1636 702 1710 est,
727 1632 912 1697 accuratius
933 1631 1061 1698 deliniri
1083 1637 1215 1718 queunt.
1268 1629 1352 1697 Post
1380 1629 1552 1696 iustiniani
1579 1629 1699 1697 obitum
1726 1631 1812 1696 euim
1841 1632 2023 1698 coniectum
2052 1650 2132 1700 esse
2159 1631 2218 1700 iiia

331 1739 520 1824 loquuntur:
541 1730 726 1820 μετεγράφη
747 1737 784 1797 ἐκ
804 1735 868 1798 τῶν
886 1729 1052 1819 σποράδην
1072 1737 1223 1814 κειμένων
1244 1734 1300 1798 καὶ
1321 1729 1578 1818 ειτφωνηθεισῶυ
1608 1727 1671 1796 ὑπὸ
1696 1732 1756 1796 τοῦ
1782 1733 1838 1811 τῆς
1863 1733 1963 1808 θείοις
1991 1729 2109 1812 λήξεως
2133 1731 2216 1800 Ἰου-

332 1839 501 1906 στιυιαυοῦ
521 1832 604 1916 μετά
626 1831 684 1899 τὸν
705 1831 830 1900 ιιωδιιιει
851 1834 955 1898 θείων
975 1837 1098 1920 νεαρῶν
1118 1831 1307 1920 διατάξεων,
1328 1852 1391 1920 quo
1414 1831 1541 1919 quidem
1554 1829 1682 1898 dicendi
1704 1851 1827 1917 genere
1840 1833 1984 1900 defuncti
2007 1842 2131 1902 tantum
2154 1837 2218 1902 iiu-

333 1946 510 2028 peratores
532 1935 748 2021 appellantur.
792 1933 993 2021 Theophilus
1016 1935 1165 2021 parapbr.
1188 1937 1265 2002 insi.
1289 1939 1329 2001 ll.
1358 1931 1420 2000 12.
1442 1930 1478 2022 §-
1501 1931 1539 1998 4.
1562 1932 1615 1999 ed.
1639 1931 1751 2000 licitur·
1773 1941 1847 2002 tom.
1869 1939 1895 2001 1.
1919 1956 1951 2022 p.
1975 1933 2085 2002 363.:
2117 1934 2162 2002 τά
2182 1943 2218 2003 ἐν

333 2043 375 2124 τῇ
396 2045 541 2125 εἰρημένῃ
561 2033 705 2118 διατάξει
726 2037 785 2100 τοῦ
806 2037 863 2115 τῆς
885 2037 982 2113 θείοις
1003 2033 1118 2114 λήξεως
1141 2032 1331 2122 Ἱουστινου,
1351 2036 1403 2102 uhi
1425 2040 1600 2102 contextus
1617 2031 1858 2120 Institutionum
1877 2035 2034 2104 natium:
2064 2038 2124 2104 lex
2145 2039 2219 2106 diui

332 2140 466 2208 tostini.
510 2138 623 2224 Atque
644 2155 716 2202 cum
737 2136 900 2203 lohannes
920 2133 1156 2217 Scholasticus,
1180 2135 1366 2224 patriarcha
1379 2135 1776 2225 constantinopolitanus,
1798 2137 1978 2221 imperante
2000 2137 2129 2205 lustina
2152 2157 2217 2206 an-

333 2261 376 2309 no
405 2245 481 2326 pust
508 2239 676 2306 Christum
704 2245 813 2305 nutum
843 2235 932 2304 578.
965 2237 1020 2303 die
1043 2234 1107 2302 ui.
1135 2238 1260 2304 mensis
1289 2237 1429 2322 Augusti
1459 2235 1637 2302 indictione
1675 2236 1801 2304 decima
1833 2234 1918 2304 diem
1948 2237 2069 2305 obiecit
2096 2259 2220 2326 supre-

333 2345 489 2427 mum11),
510 2357 714 2426 consequens
736 2347 799 2420 est,
821 2346 857 2404 ut
877 2341 962 2404 intra
984 2337 1076 2420 haec,
1099 2357 1182 2424 quae
1204 2338 1354 2426 diximus,
1378 2345 1526 2424 tempora
1537 2346 1682 2405 nostrum
1705 2339 2015 2426 opusconscriptum
2028 2358 2109 2407 esse
2122 2342 2219 2408 dica-

331 2451 395 2511 tur.
438 2442 547 2508 itaet
576 2439 619 2507 de
641 2441 729 2522 luco,
758 2440 812 2506 ubi
834 2441 989 2526 scriptum
1011 2441 1070 2520 sit,
1100 2445 1253 2508 constare
1275 2457 1376 2526 posse
1396 2439 1537 2506 videtur.
1581 2439 1746 2506 lohannes
1768 2437 1996 2507 scholasticus
2023 2441 2113 2508 enirn
2141 2441 2220 2510 inde

333 2546 377 2612 ab
400 2561 484 2609 anno
507 2563 538 2628 p.
562 2538 637 2609 Chr.
660 2561 692 2608 n.
717 2539 795 2607 565
820 2543 933 2608 sedem
955 2539 1306 2628 constantinopolitani
1327 2539 1534 2626 patriarchae
1554 2541 1694 2608 obtinuit
1708 2546 1769 2629 ¹²),
1789 2542 1822 2606 iu
1845 2541 2000 2628 regiaque
2022 2542 2106 2610 urbe
2127 2562 2220 2610 com-

333 2645 453 2712 morari
481 2648 615 2709 coactus
648 2643 715 2709 init.
759 2643 875 2730 ltaque
905 2642 1084 2709 verisimile
1113 2647 1182 2724 est,
1219 2647 1366 2708 nostrum
1393 2641 1508 2707 librum
1538 2641 1570 2707 iu
1593 2642 1708 2708 eadem
1730 2642 1868 2710 civitate
1890 2643 2106 2728 compositum
2128 2663 2218 2712 esse.

333 2745 428 2829 Quae
449 2745 479 2810 si
499 2763 582 2812 vera
603 2752 690 2832 suut,
710 2746 807 2811 etium
828 2743 906 2810 illud
928 2743 1062 2810 iudicari
1084 2749 1210 2830 potest,
1240 2761 1335 2830 quam
1363 2761 1428 2808 nou
1457 2749 1549 2810 recte
1571 2751 1685 2810 nostra
1705 2741 1919 2811 Novellarum
1940 2745 2214 2812 constitutionum

339 2847 492 2915 collectio
518 2841 698 2911 Theodoro
720 2843 919 2912 Bulsomoni
940 2845 1135 2912 attribuatur
1144 2849 1205 2926 ¹³).
1250 2840 1351 2912 Cuius
1370 2844 1430 2923 rei,
1453 2843 1539 2930 quod
1561 2864 1623 2930 ego
1645 2845 1758 2933 sciam,
1778 2843 1857 2910 illud
1879 2864 1973 2910 unum
1994 2854 2220 2932 argumentum

333 2948 433 3016 videa
454 2948 564 3014 afferri
585 2963 702 3034 posse,
730 2948 815 3034 quod
838 2949 873 3012 in
901 2945 1015 3014 codice
1038 2945 1254 3014 bibliothecae
1275 2947 1388 3031 regiae
1409 2943 1625 3012 Taurineusis
1645 2943 1792 3026 Graeco,
1822 2948 1878 3033 qui
1901 2948 1949 3012 ita
1969 2948 2122 3033 signatus
2143 2953 2217 3012 est:

332 3053 459 3115 XXVl.
483 3049 510 3113 h.
535 3051 577 3113 V.
601 3045 646 3128 o,
676 3054 712 3114 ut
740 3045 907 3114 Posiniur
934 3047 1155 3132 catalogorum
1183 3047 1278 3114 huius
1306 3045 1520 3114 bibliothecae
1551 3052 1626 3114 tom.
1655 3047 1682 3113 l.
1704 3067 1736 3134 p
1760 3043 1822 3114 uo.
1843 3047 1969 3128 retulit,
2000 3049 2114 3114 statim
2141 3053 2220 3114 aute

332 3151 557 3220 collectionem
579 3153 772 3216 LXXXVII
800 3149 1010 3235 capitulorum
1037 3148 1121 3216 haec
1148 3149 1322 3216 hahentur:
1365 3145 1536 3234 Θεοδώρου
1566 3143 1723 3213 διακόνου
1751 3150 1808 3226 τῆς
1834 3145 2017 3231 ἁγιωτάτης
2045 3149 2107 3214 τοῦ
2129 3148 2217 3214 θεοῦ

331 3249 473 3336 μεγάλης
493 3253 665 3329 ἐκκλησίας
685 3247 917 3338 νομοφύλακας
938 3253 995 3316 καί
1013 3247 1269 3336 χαρτοφάλακος
1289 3250 1347 3316 καί
1367 3247 1497 3335 πρώτου
1517 3250 1582 3316 τάν
1602 3249 1801 3334 Βλυχερνάν
1822 3251 1882 3314 τοῦ
1904 3250 2139 3332 Βοιλσεεμῶνος
2157 3250 2218 3314 τοῦ

330 3351 415 3438 μετά
433 3347 572 3440 χρόνους
592 3349 683 3429 τινάς
703 3348 875 3434 γεγονότος
895 3350 1100 3436 πατριάρχου
1123 3349 1327 3428 Θεουπόλεως
1346 3347 1487 3433 μεγάλης
1497 3349 1707 3429 Ἀντιοχείας.
1738 3349 1833 3425 Quae
1854 3350 1982 3438 quidem
2003 3351 2126 3435 omnir,
2147 3349 2212 3416 nin'

331 3456 437 3538 ialiur,
459 3452 502 3519 ad
524 3453 608 3520 hunc
630 3452 836 3522 'luendorum
858 3451 1094 3535 Balsamonem,
1116 3453 1171 3540 qui
1192 3451 1277 3520 idem
1301 3451 1409 3520 Photii
1430 3469 1686 3520 nomocauonem
1707 3451 1809 3519 edidit
1836 3450 2023 3539 editumque
2042 3469 2217 3518 ¹coturnicu-

334 3555 430 3625 tariis
452 3555 608 3620 instruxit
629 3555 710 3643 suis,
731 3554 923 3622 referuntur.
968 3552 1028 3621 Sic
1050 3555 1135 3621 enim
1155 3553 1190 3620 iu
1210 3553 1415 3641 praetutiana
1435 3553 1657 3621 commentarii
1677 3553 1823 3631 metrica,
1848 3571 1943 3640 quam
1960 3551 2134 3620 ¹lusiellins
2154 3571 2223 3620 nc-

331 3655 504 3726 mocauoni
525 3653 676 3740 praefixit
687 3660 753 3736 ¹⁴):
775 3658 821 3740 api
842 3657 874 3720 δ’
898 3644 942 3722 αὖ
961 3651 1158 3734 Ἀντιοχείης
1178 3655 1319 3738 ταπεινῷ
1341 3651 1526 3740 πατριάρχη
1547 3651 1741 3736 Βαλσαμών
1764 3651 1934 3741 θεοδωρῳ.
1984 3653 2088 3740 Atqui
2120 3654 2221 3734 nune,

335 3775 432 3846 quem
458 3755 614 3845 diximus,
652 3755 880 3823 Balsamuuem
908 3764 1073 3824 aucmrem
1101 3755 1194 3822 huius
1216 3757 1326 3843 operis
1347 3773 1413 3822 uon
1434 3773 1529 3835 esse,
1561 3754 1726 3838 codicum,
1756 3756 1812 3844 qui
1833 3755 1877 3823 ad
1897 3773 2016 3824 aunum
2037 3753 2227 3822 decimum-

335 3877 400 3946 que
431 3855 596 3923 saeculum
623 3857 823 3939 referuntur,
866 3863 962 3924 aetas
981 3859 1066 3924 satis
1087 3854 1310 3947 demonstrat,
1341 3863 1425 3937 turn,
1461 3854 1546 3944 quod
1567 3861 1601 3922 iu
1621 3856 1696 3923 aliis
1716 3855 1880 3924 codicibus
1907 3857 2142 3942 manuscriptis
2162 3853 2228 3922 lu-

338 3957 438 4025 hauoi
463 3953 675 4026 Scholastica
697 3958 782 4024 huuc
803 3958 917 4024 librom
938 3957 1072 4026 attribui
1092 3957 1254 4044 videmus,
1275 3956 1361 4024 banc
1379 3975 1448 4025 rem
1471 3963 1588 4045 aperie
1608 3958 1792 4048 maurnai,
1813 3957 1888 4045 ipsa
1906 3977 2035 4044 quoqne
2048 3957 2232 4024 collectio-

332 4059 388 4127 nis
408 4059 512 4125 verba
532 4061 592 4125 τοῦ
613 4061 671 4140 τῆς
691 4060 792 4135 θείας
812 4057 928 4140 λήξεως
947 4056 1187 4140 Ἰουστινιανοῡ,
1209 4077 1293 4146 quac
1313 4057 1443 4146 quidem
1463 4060 1567 4126 verba
1593 4059 1636 4127 de
1654 4059 1852 4146 inperatore
1873 4077 1983 4145 nuper
2002 4060 2133 4126 mortitii
2155 4077 2230 4126 nc·

333 4159 488 4246 cipienda
509 4168 601 4249 suut,
622 4179 706 4248 quae
728 4179 785 4228 res
805 4160 839 4226 in
862 4160 1028 4226 Theodori
1050 4167 1199 4248 tempora
1219 4179 1284 4226 uon
1305 4159 1412 4247 cndit3
1432 4147 1574 4247 denique
1594 4159 1674 4227 iliud
1695 4177 1764 4227 rem
1784 4159 1946 4228 conicere
1968 4159 2109 4241 videtur,
2131 4159 2232 4246 quod

333 4261 500 4330 Theodori
523 4261 720 4348 temporibus
741 4262 805 4328 iam
826 4281 891 4328 uon
912 4261 1075 4328 Novellae
1095 4261 1267 4328 lastiniani
1289 4261 1559 4350 constitutiones,
1593 4279 1706 4330 verum
1735 4262 1879 4330 Basilica
1905 4263 1971 4328 viru
2000 4259 2108 4346 legum
2128 4261 2235 4328 obti-

333 4369 494 4451 nuerunt,
528 4380 635 4449 neque
663 4361 729 4428 ulia
756 4381 857 4430 causa
884 4363 968 4430 satis
995 4361 1115 4428 idonea
1132 4358 1225 4427 reddi
1247 4367 1374 4447 potest,
1401 4381 1503 4448 quare
1524 4361 1568 4429 ad
1591 4361 1746 4430 lobannis
1767 4357 1993 4432 collectionem
2014 4379 2178 4428 munuum
2207 4381 2237 4430 a

226 4527 232 4534 .
335 4462 727 4551 TheodoroBalsamoue,
749 4465 803 4550 qui
823 4464 896 4551 ipse
918 4463 1061 4530 Basilica
1084 4462 1254 4529 lastiniani
1273 4463 1463 4549 corporibus
1484 4463 1640 4549 praetulit
1650 4467 1711 4546 ι1),
1732 4465 1883 4532 reflectio
1905 4464 2023 4548 legum,
2045 4481 2129 4550 quae
2152 4483 2239 4530 nun

334 4565 475 4652 amplius
496 4564 662 4650 valebant,
682 4564 796 4632 addita
815 4566 922 4632 inerit.
968 4563 1119 4652 Accedit,
1138 4563 1224 4652 quod
1245 4563 1415 4650 exemplar
1436 4565 1642 4634 Tauriueose
1669 4585 1712 4634 ne
1741 4568 1786 4632 sit
1818 4565 1948 4653 quidem
1974 4563 2098 4633 aetatis
2130 4565 2241 4650 eim,

334 4685 419 4754 quae
447 4684 510 4731 nos
538 4683 672 4733 movere
694 4674 808 4754 queat,
837 4666 985 4754 quodque
1013 4665 1179 4734 Theodori
1207 4665 1417 4734 Bulsamonis
1445 4683 1564 4734 nornen
1590 4667 1624 4732 in
1658 4667 1744 4735 tales
1780 4667 1888 4753 legum
1916 4665 2241 4734 ecclesiasticam

330 4765 542 4834 collectiones
570 4765 646 4834 aliis
673 4786 800 4856 quoque
827 4768 931 4856 lucis,
965 4785 987 4836 ε
1011 4768 1128 4855 quibus
1152 4767 1293 4836 menum
1314 4773 1369 4835 est
1396 4774 1431 4836 ut
1459 4766 1546 4857 quod
1572 4767 1818 4856 charissimum,
1843 4769 2008 4853 migrasse
2029 4765 2236 4835 videamus.

483 5107 532 5167 11)
569 5111 616 5160 nic
648 5107 825 5171 neronianas
859 5107 1090 5171 chronographiae
1117 5121 1143 5169 p.
1169 5103 1229 5156 wa.
1263 5105 1320 5165 (ed.
1355 5107 1468 5158 annom
1502 5107 1595 5166 iane.)
1628 5108 1662 5158 ad
1697 5121 1795 5160 anuum
1829 5107 1928 5159 lustini
1961 5103 2021 5160 ite
2055 5105 2093 5173 νᾷ
2109 5101 2140 5156 rt’
2172 5105 2249 5159 αι’-

332 5191 369 5256 τῷ
387 5193 439 5242 ἔτει
456 5191 520 5256 μηνί
536 5187 682 5258 Αὐγούστῳ
700 5189 751 5244 λα’.
769 5187 859 5242 todoat.
878 5189 904 5242 ι’.
923 5189 1087 5256 ίτιλιύτηοεν
1108 5187 1227 5256 Ἰωάννης
1251 5189 1391 5250 talemence
1409 5189 1475 5241 ΚΠ.
1516 5193 1586 5243 Vide
1603 5191 1810 5244 Δεεειπεππλεεπι
1827 5193 2010 5244 bibliotheca
2031 5196 2099 5244 iuris
2114 5191 2253 5246 Orien-

334 5276 397 5324 talir
413 5275 461 5324 lib.
480 5275 527 5326 ni.
546 5287 604 5341 cap.
623 5277 665 5326 iu.
683 5280 747 5328 εοιιι.
764 5277 812 5328 lli.
835 5289 898 5342 μς.
914 5275 1072 5328 nib-8⁴8.
1193 5276 1240 5334 tn)
1258 5275 1433 5340 Theophanes
1451 5277 1682 5340 chronographiae
1705 5289 1730 5338 p.
1748 5277 1810 5328 wa.
1827 5277 1861 5326 ad
1878 5289 1978 5328 anuum
1995 5278 2138 5328 luticiani
2161 5281 2251 5334 a:

331 5360 366 5426 τῇ
382 5355 494 5428 (1ὲαύνῇ
512 5358 555 5422 ιγ’.
573 5359 711 5412 istoriam
726 5361 790 5426 μηνί
805 5357 942 5430 Ἀπριλλίῳ
960 5357 1005 5426 rii.
1040 5356 1168 5422 Εὐτεῖχιος
1185 5357 1360 5430 Πατριιίρχης
1377 5358 1444 5412 ΚΠ.
1462 5361 1606 5430 καθῃρέθη
1629 5360 1673 5410 nuri
1696 5359 1826 5432 ίξωρίσθη
1849 5359 1876 5411 ἐν
1897 5359 2011 5426 Ἀμασίᾳ
2027 5359 2081 5412 siah
2097 5359 2254 5416 'lumn-

332 5444 433 5505 νιυνοῦ,
466 5442 511 5494 ντί
526 5446 628 5508 γίχονιν
645 5441 706 5495 ἀντ’
725 5443 810 5496 αὐτοῦ
827 5442 948 5512 Ἰωάννης
964 5439 1019 5495 άπὸ
1037 5443 1226 5508 οχολαστιιινῖν,
1244 5439 1443 5515 ἀπονρισιάριος
1461 5437 1495 5494 dv
1512 5446 1560 5509 τῆς
1576 5440 1734 5508 Ἀντιοχείας
1757 5447 1804 5512 τῆς
1820 5443 1942 5511 μεγάλης.
1977 5445 2046 5496 vide
2063 5443 2255 5500 Αεετιηωι,

334 5527 409 5576 νείαειε
426 5528 445 5576 i.
461 5529 481 5578 l.
499 5543 524 5592 p.
543 5529 594 5578 8111
610 5543 650 5593 sq.
752 5529 801 5590 ta)
823 5530 946 5581 Bondiui
962 5530 1104 5592 catalogus
1128 5529 1252 5580 codicum
1269 5531 1513 5590 manuscriptorum
1537 5527 1716 5580 bibliothecae
1733 5531 1870 5582 uenirem
1887 5531 2088 5581 Laurentianus
2102 5533 2196 5584 tm.
2222 5535 2257 5586 1.

334 5623 360 5670 p.
379 5608 435 5660 tua.
456 5612 485 5659 n.
521 5612 621 5662 Eadem
638 5615 729 5676 opinio
746 5615 836 5664 iircrru
853 5613 1032 5666 ercumberti
1054 5615 1082 5662 iu
1100 5617 1301 5664 commentariis
1318 5613 1351 5662 dc
1376 5611 1539 5662 bibliotheca
1554 5609 1689 5662 Caesarea
1705 5613 1748 5664 cd.
1766 5614 1873 5664 liollart
1894 5613 2133 5676 tornutium.
2163 5615 2258 5668 θα).

334 5691 383 5752 11)
400 5693 431 5743 lu
448 5695 610 5746 bibliotheca
627 5699 695 5747 iuris
712 5700 837 5748 canonici
855 5705 917 5746 tom.
936 5697 970 5745 li.
988 5710 1013 5758 p.
1030 5695 1090 5746 788.
1109 5700 1172 5746 tom.
1191 5699 1212 5748 l.
1229 5709 1256 5761 p.
1274 5697 1331 5748 iun.
1351 5699 1380 5746 n.
1502 5695 1546 5756 ib]
1564 5695 1633 5748 vno
1652 5697 1762 5750 Bima-t
1778 5700 1889 5750 librum:
1915 5699 1965 5750 Dia
1984 5695 2154 5750 nuruum
2180 5701 2259 5754 der

336 5775 468 5828 ii'ureiten
484 5792 510 5841 p.
526 5780 578 5830 aia
588 5807 616 5817 -
625 5779 695 5844 aia,
709 5777 846 5829 Ἀνίτδοτεε
864 5785 927 5828 tutu.
945 5777 966 5826 1.
985 5791 1010 5840 p.
1033 5777 1105 5828 niii.
