4784 7068
324 560 452 652 'wo
1134 567 1562 687 armamasn

376 781 445 837 σθω
467 769 484 833 ὁ
506 763 671 851 λαμβάνων,
702 765 742 841 ὥς
763 765 919 832 ἀναδίδωσι
946 763 980 830 τὸ
1008 763 1119 846 ληφθὲν
1139 759 1213 846 μετὰ
1233 767 1290 826 τῶν
1331 767 1404 837 tum,
1425 758 1638 818 matrimonium
1665 757 1816 835 impediat.
1857 761 1929 818 Post
1950 771 2058 816 annum
2078 761 2175 815 autern
2200 760 2231 818 ab

376 865 406 922 δν
426 860 505 938 μέσῳ
527 853 708 936 ἐπαυξήσεων
729 855 868 936 δευτέροις
889 853 1072 931 προσομιλῶν
1093 843 1209 930 γάμοις,
1242 850 1290 909 καί
1331 863 1376 918 eo,
1397 847 1447 918 qui
1469 845 1587 918 accipit,
1610 845 1709 902 cautio
1730 844 1869 920 exigitor,
1897 859 1931 901 se
1953 844 1993 916 id,
2014 843 2092 914 quod
2112 858 2233 915 accepe-

377 939 469 1014 οὕτως
497 937 666 1002 ἀπολαυέτω
692 942 743 999 τοῦ
772 939 987 1014 καταλαλιμένου
1016 935 1057 1010 (v.
1079 935 1290 1012 νιαταλείαμμέ.
1330 933 1380 1003 rit,
1401 930 1580 988 redditurum
1602 945 1670 988 esse
1692 945 1758 986 cum
1779 930 1868 986 medii
1889 928 2029 1002 temporis
2056 927 2233 986 accessioni-

377 1029 451 1105 νου).
472 1027 518 1085 καί
533 1025 619 1104 εἰμὲν
633 1015 1290 1104 ἀνιήνιτον(ν.ἀκίνητον)“οὓ)καταλειφθίνίί),
1331 1015 1401 1090 bus,
1422 1015 1450 1072 sl
1471 1015 1508 1070 ad
1530 1015 1677 1072 secundas
1704 1014 1824 1086 nuptias
1850 1017 1997 1084 transeat,
2019 1016 2050 1068 et
2077 1012 2122 1068 sic
2143 1027 2177 1068 ea
2197 1029 2239 1088 ra,
2278 1092 2281 1098 Ι

378 1105 544 1191 δωμνίνσθω
572 1111 636 1188 περί
662 1111 713 1186 τῆς
741 1111 780 1180 είς
807 1105 937 1186 ἀκέραιον
964 1097 1067 1164 τούτου
1086 1096 1289 1166 ἀποκαταστά-
1331 1115 1407 1172 quae
1427 1100 1532 1156 relicta
1552 1105 1607 1174 esi,
1629 1099 1744 1156 fruitur.
1764 1101 1822 1171 Ao,
1844 1099 1871 1155 si
1893 1113 1942 1156 res
1963 1096 2118 1154 immobilis
2138 1097 2235 1154 relicta

378 1219 452 1266 σεως
480 1195 527 1254 καί
547 1191 737 1254 δποτιθέσθω
765 1192 810 1252 iai
831 1185 923 1263 τούτῳ
952 1183 990 1249 τά
1017 1192 1104 1250 οίκετα
1124 1183 1289 1268 πράγματα,
1332 1187 1388 1256 esi,
1415 1185 1585 1242 iuratoriarn
1614 1185 1779 1240 cautionem
1800 1183 1940 1254 exponito
1967 1181 2005 1238 de
2027 1181 2116 1238 huius
2145 1181 2187 1238 rel
2205 1182 2234 1238 iu

378 1284 407 1344 ni
423 1279 526 1357 unifl)
548 1279 699 1356 σιωνιηρῶς
719 1269 935 1352 ὖαόκεινταιίθ)
963 1278 992 1334 δι
1012 1275 1094 1333 τοῦδε
1121 1277 1173 1332 τοῦ
1193 1265 1289 1350 νόμου,
1332 1269 1457 1326 solidum
1477 1267 1680 1341 restitutione,
1717 1271 1748 1324 et
1775 1272 1894 1339 propter
1914 1268 1971 1324 hoc
1991 1280 2041 1322 res
2061 1281 2133 1322 suas
2153 1267 2236 1337 oppi-

315 1401 320 1410 ,
380 1357 585 1442 ειωνηναὸν
607 1361 648 1440 (v.
669 1355 792 1437 κινητὸν)
815 1353 944 1418 ἐστίντὸ
966 1345 1290 1435 καταλειφθλνκαλειλ·
1332 1358 1467 1429 guercio,
1494 1353 1554 1409 etsi
1588 1353 1679 1409 tacito
1706 1368 1745 1408 ex
1772 1353 1865 1408 hacce
1891 1351 1960 1426 lege
1986 1349 2136 1424 obligatae
2166 1355 2236 1408 sunt

379 1470 470 1528 πορος
490 1448 565 1508 ἐστίν
586 1441 603 1506 ὁ
624 1437 789 1523 λαμβάνων,
821 1437 1031 1522 ἐπερωτάσθω,
1060 1439 1159 1502 ὁποῖον
1171 1439 1215 1518 ¹⁴)
1236 1461 1291 1500 πα-
1333 1438 1367 1496 Si
1393 1453 1465 1494 vero
1492 1451 1542 1494 res
1568 1437 1685 1493 mobilis
1711 1436 1816 1493 relicta
1837 1439 1899 1508 est,
1925 1442 1956 1492 et
1976 1435 2019 1507 is,
2046 1434 2098 1506 oui
2126 1435 2237 1506 accipit,

365 1523 565 1614 1ρι.νίληφεν“)
587 1524 621 1590 τά
642 1533 769 1607 coditio,
790 1529 920 1608 παρέχειν
933 1531 963 1586 fa
982 1525 1198 1606 δευτερογαμίας
1218 1519 1291 1604 μετὰ
1333 1522 1467 1594 locuples
1489 1525 1544 1594 esi,
1566 1521 1758 1593 stipulatione
1778 1521 1979 1578 intercedente
1991 1519 2162 1592 promittite,
2182 1533 2236 1578 rem

380 1623 437 1680 τῶν
458 1621 486 1676 ἐν
506 1617 584 1696 μίσιρ
604 1617 729 1693 καρπῶν·
769 1615 796 1672 εί
814 1611 843 1671 oi
868 1607 908 1690 μή
929 1611 1062 1690 scvisti)
1091 1601 1219 1687 εὔπορος,
1250 1613 1290 1689 ἐχ.
1333 1605 1434 1678 talem,
1466 1606 1580 1678 qualem
1602 1606 1766 1678 acceperit,
1800 1605 1831 1661 in
1859 1621 1932 1662 casu
1962 1603 2157 1660 secundarum
2184 1620 2238 1660 au·

379 1698 450 1785 μίας
477 1700 630 1780 παραχέων·
662 1693 832 1774 ἀπορῶνίί)
861 1695 891 1754 ολ
919 1697 1020 1774 θρηνῶν
1048 1689 1216 1771 έξσμνάσθω
1243 1695 1291 1754 καί
1331 1691 1457 1764 pilarum
1470 1707 1504 1747 sc
1517 1705 1585 1747 esse
1598 1689 1779 1746 redditurum
1793 1705 1859 1746 com
1873 1689 1961 1746 medii
1984 1687 2123 1759 temporis
2133 1688 2238 1744 muco-

380 1779 471 1860 οάτως
492 1785 664 1863 λαμβανέτω,
685 1776 766 1851 aldoin
779 1777 827 1853 ὡς,
848 1777 927 1856 21¹⁸)
948 1773 1188 1858 δευτερογαμήσει,
1210 1773 1292 1856 παρὰ
1331 1775 1403 1846 bus,
1430 1775 1478 1831 siu
1504 1779 1602 1832 autem
1631 1775 1763 1846 locuples
1785 1789 1841 1830 οοο
1862 1779 1918 1848 esi,
1947 1772 2136 1831 fideiussores
2158 1771 2238 1840 dato;

380 1865 489 1940 παντὸς
509 1869 673 1947 κατέχοντος
698 1860 913 1944 ἐκδνκηθήσεται
933 1858 967 1924 τὸ
988 1867 1113 1942 πρᾶγμα.
1141 1857 1288 1940 [νυμισμά]
1332 1859 1379 1916 sin
1401 1864 1498 1916 autem
1519 1860 1632 1931 copiam
1654 1859 1859 1916 fideiussorum
1880 1874 1937 1915 uon
1958 1857 2057 1927 habat,
2078 1857 2239 1913 cautionem

381 1954 490 2030 τωνίθ)
528 1950 824 2028 δὲκαταλιιφθίντων
852 1945 1057 2026 ἀσφαλιζέσθω
1089 1945 1149 2025 μετ’
1179 1951 1290 2026 ἐγγυῶν,
1333 1943 1505 2000 iuratoriam
1526 1945 1680 2015 exponite,
1708 1948 1739 2000 et
1765 1943 1811 2000 sic
1832 1942 1909 2018 (rem
1930 1939 2080 2013 relictam)
2107 1941 2239 2012 accipito,

382 2045 409 2102 nt
425 2033 465 2117 μή
485 2027 605 2114 εὔπορος
625 2035 709 2105 ἐστίν,
730 2029 769 2102 ἀς
790 2037 883 2092 ταῦτα
902 2030 1060 2106 ἀποδίδωσι
1081 2033 1292 2111 δατεροχαμιθν
1333 2029 1442 2100 εοίαοιι,
1464 2029 1490 2084 sl
1513 2027 1551 2084 ad
1572 2028 1717 2084 secundas
1739 2028 1857 2099 nuptias
1869 2027 2047 2084 transiturus
2063 2025 2113 2096 sit,
2135 2041 2154 2080 a
2169 2041 2239 2096 quo-

380 2121 449 2204 μεθ’
473 2111 513 2184 ἀν
541 2117 577 2180 ἀν
606 2112 769 2196 δωμδσοιτο
796 2117 935 2196 εἰληφέναι
956 2109 1062 2187 τόκων,
1089 2107 1106 2195 ή
1129 2119 1155 2176 εί
1173 2109 1291 2195 συγχρή-
1334 2127 1449 2184 cunque
1470 2127 1643 2184 possessore
1663 2128 1724 2169 rem
1746 2113 1924 2169 vindicatum
1952 2111 1999 2166 iri.
2041 2104 2164 2167 Nummi
2187 2125 2239 2166 au·

383 2229 462 2270 σοιτο
484 2216 543 2276 τοῖς
563 2199 798 2282 νομι’σμασιν’0),
822 2196 972 2280 μετὰτῶν
999 2197 1058 2260 ἀπὸ
1080 2201 1176 2278 τρίτου
1197 2203 1291 2260 iaceo·
1332 2201 1391 2254 tem
1413 2197 1439 2252 sl
1461 2195 1557 2253 relicti
1579 2201 1657 2270 sunt,
1679 2196 1823 2268 siquidem
1844 2195 1978 2267 locuples
2000 2200 2053 2266 est,
2067 2193 2240 2250 satisdatio-

383 2297 463 2371 στῆς.
484 2282 595 2368 άπορος
616 2285 646 2346 oi
667 2280 706 2346 ἀν
725 2285 773 2345 καλ
792 2279 994 2364 μ’ήδυνάμενος
1014 2281 1241 2363 ἀσφαλίσασθαι
1262 2280 1292 2355 έξ
1333 2297 1400 2338 nem
1420 2281 1570 2353 exponite,
1592 2281 1815 2338 fideiussoribus
1835 2278 2020 2356 (firmatam),
2042 2293 2076 2336 se
2097 2294 2150 2335 eos
2173 2277 2238 2335 red-

382 2371 550 2456 ipyipgfl),
571 2366 660 2440 αὐτὸς
680 2365 730 2430 τὸν
752 2364 811 2429 ἀπὸ
833 2370 930 2446 τρίτου
950 2372 1103 2446 ἑκατοστῆς
1123 2370 1291 2448 λαμβανέτω
1333 2365 1413 2439 dere,
1434 2366 1461 2421 sl
1482 2366 1520 2421 ad
1541 2365 1688 2423 secundas
1709 2370 1840 2422 imnseat
1862 2364 1996 2438 nuptias,
2019 2379 2085 2421 cum
2106 2363 2146 2420 iis
2169 2379 2240 2419 usu-

382 2457 475 2533 τάκον,
496 2455 548 2518 ada
569 2446 662 2525 άλλως
675 2458 733 2514 τῶν
749 2447 930 2532 νομισμάτων
941 2449 987 2530 ¹²)
1007 2447 1025 2532 ἢ
1047 2457 1104 2513 των
1117 2447 1292 2533 πραγμάτων
1333 2450 1386 2522 τίει,
1413 2465 1486 2522 quas
1508 2465 1542 2506 se
1563 2451 1716 2522 accepisse
1736 2450 1889 2523 iuraverit,
1910 2454 1971 2520 aui,
1991 2449 2018 2505 si
2040 2447 2167 2506 nummis
2180 2447 2240 2526 ipse

382 2545 580 2707 iiiiii
593 2538 1294 2702 iiiiii”iifititiaiiiiiitoi
1334 2535 2242 2692 lilithsithiliiiiiiiiih,iiiithiiiii

383 2715 511 2793 τυχηρῶν
531 2701 726 2787 περιστάσεων
753 2701 828 2765 κατά
854 2701 921 2776 τοὺς
950 2707 1066 2775 οἰκείους
1091 2707 1294 2784 θεωρουμένων
1334 2703 1401 2776 ipse
1430 2703 1547 2774 quidem
1568 2705 1691 2760 trientes
1712 2719 1820 2760 usuras
1841 2703 1984 2775 accipito,
2016 2702 2059 2759 iia
2080 2705 2114 2758 ut
2136 2699 2241 2758 nummi
2351 2729 2352 2736 ν

382 2793 494 2876 νόμους.
516 2798 548 2854 αἱ
567 2790 651 2869 diu)
674 2791 873 2870 προλεχθήσαι
895 2789 936 2868 (r.
957 2791 1174 2868 προλεχθεῖσαι)
1201 2783 1295 2866 ἀσφά-
1336 2791 1457 2844 autres
1478 2803 1537 2844 uon
1559 2788 1645 2844 aliter
1671 2789 1730 2861 ipsi
1751 2787 1889 2862 (eiuslve
1918 2785 2094 2844 haeredibus
2121 2785 2243 2842 tradan-
2351 2833 2352 2838 ,

384 2877 510 2956 λειαιίῦ)
532 2880 642 2946 ἐκείνοις
662 2878 900 2955 παρεχέσθωσαν,
921 2868 964 2946 οἷς
984 2872 1106 2954 ἁρμόσει
1127 2869 1294 2950 ninom)
1337 2877 1401 2944 tur,
1430 2871 1488 2928 nisi
1509 2873 1649 2930 morietur
1676 2877 1728 2930 aut
1754 2873 1785 2930 iu
1813 2873 1923 2929 clerum
1950 2871 2118 2943 adscriptus
2147 2870 2244 2944 fuerit,

385 2969 416 3028 έκ
429 2963 647 3044 δευτερογαμίας
658 2956 732 3038 ηἯ)
745 2953 886 3030 ἀνάδοσις.
909 2953 1026 3020 δύναται
1038 2959 1067 3019 δὲ
1079 2955 1294 3038 ταδταςσυγχο·
1338 2957 1369 3014 in
1387 2957 1522 3013 omuibus
1534 2957 1582 3030 lis,
1604 2973 1680 3028 quae
1701 2957 1883 3028 supradicta
1903 2961 1988 3029 sunt,
2010 2955 2144 3013 fortuitis
2166 2955 2246 3011 casi-

386 3061 444 3129 ρεϊν
466 3047 508 3126 (v.
530 3049 696 3125 συγχωρεῖν)
718 3039 734 3104 ὁ
757 3039 912 3120 τιστάτωρ.
935 3047 992 3102 τῶν
1013 3039 1149 3123 ἀκινήτων
1165 3049 1216 3123 τῆς
1236 3038 1294 3122 πρὸ
1336 3042 1393 3098 bus
1407 3041 1568 3098 secuudum
1581 3057 1652 3098 suas
1673 3042 1758 3117 leges
1772 3041 1941 3114 spectandis
1962 3040 2009 3116 (et
2021 3037 2246 3112 diiudicandis).

383 3129 476 3214 γάμου
497 3133 604 3210 δωρεᾶς
624 3121 798 3208 πραγμάτων
819 3129 1062 3208 δευτερογαμοῦσα
1089 3125 1107 3207 ή
1128 3123 1220 3207 μήτηρ
1242 3129 1295 3206 ἐχέ
1337 3127 1410 3199 ίίαα,
1431 3141 1507 3197 quae
1528 3141 1618 3198 supra
1638 3125 1736 3182 dictae
1757 3131 1836 3199 sunt,
1857 3125 2066 3182 satisdationes
2085 3124 2149 3182 illis
2171 3123 2246 3180 dau·

385 3241 427 3279 ²⁰²
455 3211 507 3294 ili
526 3218 641 3294 ppido,
668 3215 697 3272 ἓν
722 3209 875 3288 αὐτοῖς’θ)
897 3222 956 3282 τοῖς
977 3207 1140 3292 πράγμασιν
1160 3215 1295 3292 προνοοῦ·
1338 3215 1394 3280 tur,
1415 3211 1536 3284 quibus,
1567 3211 1594 3266 si
1615 3211 1764 3268 secundae
1785 3211 1905 3284 nuptiae
1925 3209 2077 3282 ineantur,
2099 3209 2247 3266 restitutio

387 3297 481 3378 onii)
509 3293 585 3359 κατὰ
614 3290 681 3366 τοὺς
707 3289 811 3373 νόμους
836 3299 887 3356 τοῦ
907 3289 946 3374 μή
968 3299 1006 3368 είς
1027 3290 1180 3358 έλάττωοιν
1201 3298 1297 3357 ἐλθεῖν
1338 3294 1415 3352 oruul
1437 3294 1520 3352 modo
1542 3293 1680 3352 facienda
1701 3301 1755 3352 est.
1796 3298 1899 3353 Potest
1926 3301 2023 3350 autem
2043 3299 2171 3352 testator
2194 3294 2244 3349 has

387 3379 533 3486 ήγήρονα
561 3382 603 3462 (v.
630 3378 756 3462 χείρονα)
783 3386 875 3440 ταῦτα
902 3379 1100 3459 praeconio),
1126 3382 1174 3442 καί
1194 3400 1297 3458 apose-
1338 3379 1496 3436 remittere.
1538 3381 1647 3438 lterum
1668 3380 1868 3452 immobilium,
1890 3393 1965 3450 qnae
1986 3379 2016 3435 ln
2039 3385 2108 3435 anie
2131 3378 2250 3451 nuptias

386 3471 547 3532 λαυτωντων
571 3460 686 3528 πάντων
713 3469 770 3524 τῶν
798 3467 918 3536 παίδων,
961 3460 1063 3540 roam)
1094 3463 1123 3538 έξ
1150 3463 1298 3535 ἀπαιδείιις
1340 3463 1497 3520 donatione
1518 3469 1598 3538 suni,
1624 3464 1741 3536 muller,
1770 3465 1796 3520 si
1817 3463 1963 3520 secundas
1986 3465 2103 3535 nuptias
2126 3471 2248 3521 coutra-

387 3552 430 3630 (v.
453 3549 601 3626 ἀπαιδίας)
624 3543 939 3627 αὐτή31)κερδαινέτω
960 3543 1055 3610 κάσον.
1091 3553 1118 3610 εί
1135 3549 1166 3610 oi
1186 3554 1214 3610 ab
1233 3569 1297 3629 χρυ·
1340 3549 1393 3620 hii,
1414 3549 1629 3606 usumfructum
1651 3549 1775 3620 habeto;
1798 3547 2042 3620 contemplatione
2055 3553 2154 3604 antem
2169 3547 2252 3621 ipsa-

388 3637 497 3714 ntpiss)
519 3631 577 3714 ήίν
592 3644 711 3712 κινητοῑς
726 3628 889 3712 πράγμασιν
905 3634 980 3693 ἐστίν
992 3633 1009 3711 ή
1023 3627 1080 3712 πρδ
1093 3629 1185 3713 γάμου
1197 3626 1298 3710 δωρεά,
1339 3649 1403 3689 rum
1424 3647 1519 3690 rerum
1542 3633 1702 3690 secundum
1724 3634 1808 3708 leges
1829 3633 1991 3706 providem,
2013 3647 2050 3688 ue
2071 3632 2253 3690 deminutio-

388 3717 439 3782 τὸν
459 3714 518 3782 ἀπὸ
540 3720 637 3796 τρίτου
658 3721 812 3794 ἑκατοστῆς
824 3715 1085 3795 ἀσφαλιζέσθωσαν
1107 3715 1297 3793 οίπαῑδεςῧί)
1342 3732 1408 3774 uem
1429 3718 1588 3790 patiantur,
1609 3723 1661 3776 aut
1682 3719 1843 3774 deteriores
1864 3719 1944 3789 liant,
1966 3733 2011 3790 ac,
2042 3717 2068 3773 sl
2091 3733 2197 3774 omnes
2214 3719 2254 3775 li-

387 3805 518 3884 παρέχειν
545 3798 672 3877 sopit)
698 3795 797 3872 τόκον,
831 3805 859 3861 ἐν
885 3791 907 3876 ql
935 3797 975 3880 μή
1002 3803 1046 3862 ἐπί
1066 3815 1185 3882 κηνιτοίς
1212 3823 1298 3862 κατα·
1340 3801 1404 3858 beri
1425 3807 1495 3858 ante
1515 3802 1684 3876 moriautur,
1705 3802 1771 3874 ipse
1791 3803 1831 3874 id,
1862 3802 1938 3872 quod
1961 3817 1998 3858 ex
2019 3817 2092 3860 casu
2115 3819 2175 3859 non
2199 3819 2255 3860 ex-

389 3881 542 3968 λειφθήσιν
570 3885 614 3962 (v.
640 3893 759 3963 κινητοίς
779 3883 1023 3963 καταλειφθεῖσιν)
1051 3880 1215 3966 πράγμασιν
1235 3891 1299 3948 έτε-
1341 3886 1506 3943 sistentium
1518 3886 1675 3944 liberorum
1696 3887 1788 3958 veuit,
1809 3887 1986 3943 lucrifaciio.
2027 3887 2081 3942 Sia
2101 3893 2206 3944 autem
2227 3889 2256 3943 in

389 3967 522 4051 λεδιησεν
543 3965 559 4030 ὁ
581 3962 663 4046 ἀνήρ.
705 3973 732 4029 εί
756 3967 785 4028 oi
813 3962 933 4049 τίπορον
959 3972 1104 4031 κατέλιπεν
1115 3970 1160 4048 ³⁶)
1189 3994 1299 4050 νιεριον.
1341 3985 1412 4026 auro
1442 3971 1561 4046 signato
1591 3977 1642 4028 aut
1675 3972 1706 4028 in
1735 3972 1823 4027 rebus
1853 3971 2008 4028 mobilibus
2035 3977 2105 4027 ante
2133 3973 2258 4045 nuptias
2317 4005 2320 4012 -
2350 4041 2351 4050 χ

388 4061 466 4129 σίαν,
489 4060 517 4118 έν
537 4059 572 4132 τῇ
593 4054 698 4130 alodos
718 4055 828 4114 κείσθω
848 4058 899 4130 τῆς
918 4049 1026 4133 μητρὸς
1046 4050 1063 4135 ἢ
1086 4049 1123 4117 τά
1144 4051 1300 4136 πράγματα
1341 4054 1460 4112 donatio
1482 4056 1627 4125 consistit,
1647 4056 1868 4112 satisdationem
1890 4055 1974 4112 liberi
1995 4061 2188 4128 praestanto,
2227 4071 2259 4111 se
2350 4083 2351 4126 η

387 4145 483 4224 λαβεῖν
503 4140 550 4200 καί
570 4135 795 4215 ἀσφαλίσασθαι
816 4139 880 4216 aspi
901 4142 951 4216 τῆς
970 4133 1077 4200 τούτων
1098 4137 1299 4202 ἀποκατασνά.
1342 4139 1371 4196 ei
1393 4155 1501 4196 usuras
1523 4140 1645 4196 trientes
1667 4141 1752 4212 dare,
1775 4140 1833 4196 uisi
1854 4141 1901 4195 vir
1922 4139 2032 4196 relictis
2054 4142 2143 4198 rebus
2170 4142 2260 4199 mobi-
2350 4137 2351 4200 i

390 4249 471 4298 σεως,
492 4217 575 4303 ήτόν
596 4217 655 4281 άπὸ
669 4225 767 4301 τρίτου
788 4225 941 4294 ἑκατοστῆς
961 4218 1053 4296 τόκον,
1075 4229 1127 4303 τῆς
1139 4221 1228 4303 αὐτῆς
1241 4247 1300 4302 φυ-
1341 4223 1420 4280 libus
1449 4229 1581 4281 mortuus
1616 4225 1666 4282 slt.
1713 4225 1766 4282 Sin
1801 4230 1898 4280 autem
1926 4224 2102 4296 locupletem
2135 4225 2260 4297 reliquit

389 4311 560 4387 λαττομένης
572 4308 741 4383 διαιρέσεως,
756 4303 1303 4388 καίήνίκαένκινητοῖς37)καλάκινήτοις
1343 4308 1547 4381 substantiam,
1568 4315 1660 4366 maier
1681 4309 1853 4366 electionem
1875 4309 1991 4380 habeto,
2011 4313 2107 4366 utrum
2129 4325 2185 4367 res
2208 4327 2263 4366 ao-

390 4388 554 4474 ννράγμασιν
583 4391 658 4451 ἐστίν
688 4385 787 4472 δωρεά.
830 4387 847 4468 ή
877 4385 968 4470 μήτηρ
996 4393 1242 4492 δευτερσγαμοῦσα
1268 4391 1302 4454 οὐ
1345 4392 1444 4463 cipere
1471 4397 1500 4450 et
1528 4393 1565 4449 de
1593 4409 1693 4450 earum
1722 4394 1910 4450 restitutione
1937 4393 2085 4450 satisdare
2106 4396 2201 4466 velit,
2226 4411 2262 4450 au

390 4475 528 4540 anidani
549 4479 579 4534 ἐκ
600 4470 739 4554 διαθήκης
759 4471 811 4536 τὸν
832 4470 893 4536 vina
912 4477 1098 4554 κληρονομεῖν.
1129 4480 1251 4548 απαεδος
1272 4477 1302 4538 θλ
1344 4492 1451 4532 usuras
1480 4478 1617 4552 trientes,
1651 4479 1751 4534 eadem
1779 4477 1969 4534 distinctione
1999 4483 2029 4533 et
2057 4483 2127 4536 tunc
2152 4481 2264 4538 obser-

391 4564 438 4623 νιαλ
451 4559 609 4622 άδιαθέτου
628 4558 913 4631 τελευτῶντοςαῦτοῦ
927 4561 971 4620 ἐπί
989 4563 1086 4640 μητίρι
1101 4563 1147 4622 καί
1160 4559 1302 4641 ἀδελφοῖς,
1345 4560 1452 4634 venda,
1474 4577 1540 4618 cum
1563 4563 1594 4618 iu
1615 4563 1703 4618 rebus
1724 4563 1880 4619 mobilibus
1901 4567 1953 4618 aut
1980 4563 2184 4622 immobilibus
2207 4565 2264 4620 do-

391 4650 448 4708 τῶν
469 4645 518 4722 μὲν
535 4637 677 4722 πατρῴων
697 4645 744 4704 καί
766 4649 816 4724 τῆς
836 4639 893 4726 αρὸ
908 4637 1000 4722 γάμου
1018 4641 1227 4725 δωρεάςμόνην
1248 4649 1302 4728 έχί·
1344 4645 1424 4702 natio
1453 4646 1600 4706 consistit.
1643 4647 1759 4720 Mater,
1794 4663 1870 4718 quae
1897 4647 1934 4702 ad
1963 4647 2109 4704 secundas
2139 4649 2265 4721 nuptias

390 4752 432 4792 τω
452 4732 545 4810 χρίσιν
572 4726 614 4805 (r.
635 4725 749 4809 χρῆσεν)
777 4725 852 4791 κατά
872 4725 906 4791 τό
929 4731 1070 4810 εἰρημένον
1091 4733 1120 4790 ἐν
1146 4741 1205 4803 τοῖς
1233 4751 1303 4811 προ-
1345 4729 1461 4803 transit,
1483 4746 1540 4787 non
1562 4732 1742 4805 prohibetur,
1770 4732 1925 4802 quominus
1947 4747 1984 4788 ex
2006 4737 2188 4790 testamento
2213 4733 2267 4790 tilii

1344 4814 1452 4872 haeres
1474 4815 1523 4871 sit.
1552 4817 1731 4888 lpsoautem
1753 4815 1819 4872 sine
1847 4816 1948 4872 liberis
1976 4821 2006 4872 et
2027 4817 2173 4873 intestato
2199 4833 2266 4873 mo-

1345 4899 1450 4972 riente,
1471 4903 1564 4956 matre
1586 4904 1616 4956 et
1637 4901 1779 4957 fratribus
1800 4901 1922 4971 relictis,
1944 4915 2039 4957 rerum
2061 4901 2184 4972 quidem
2210 4917 2268 4974 ρο-

383 5044 390 5054 ,
1345 4987 1494 5042 ternarum
1521 4993 1553 5042 ei
1579 4990 1648 5042 ante
1677 4986 1796 5058 nuptias
1830 4985 1996 5068 donationis
2029 4986 2124 5042 solum
2153 5003 2267 5043 usum-

497 5149 563 5206 ion)
599 5149 697 5211 Supple
724 5141 756 5196 τὸ
786 5149 971 5208 καταλειφθίν.
1016 5149 1090 5202 infra
1120 5152 1191 5199 euim
1218 5148 1244 5198 νί
1268 5145 1297 5197 oi
1329 5143 1436 5213 κινητὸν
1461 5146 1533 5198 forle
1558 5144 1591 5198 τὸ
1615 5150 1800 5209 mulcendis.
1938 5145 1984 5208 11)
2017 5150 2120 5200 ocosse
2156 5151 2272 5200 videtur
2349 5183 2350 5190 1

393 5221 423 5268 iu
446 5218 496 5267 hac
518 5217 662 5268 verborum
686 5219 860 5278 conceptione
889 5229 941 5267 vox
969 5214 1056 5276 toria,
1083 5230 1150 5279 quoe
1177 5228 1233 5266 vox
1263 5217 1298 5266 ab
1328 5227 1379 5276 ea,
1411 5229 1479 5280 quae
1508 5223 1588 5268 autea
1623 5222 1712 5280 posita
1741 5223 1818 5278 suut,
1846 5217 1925 5268 facile
1953 5219 2004 5268 boc
2039 5219 2100 5270 ioco
2134 5219 2272 5269 excidere
2349 5231 2350 5240 ¹

393 5290 487 5348 poeria
526 5287 656 5335 scribitur
682 5285 753 5332 enim
776 5287 802 5332 iu
833 5285 969 5334 codicibus
993 5299 1056 5334 mas.
1080 5282 1136 5342 ΖΓ.
1180 5285 1278 5334 Postea
1300 5284 1402 5346 paullo:
1436 5281 1461 5334 ω’
1488 5284 1515 5333 oi
1542 5281 1647 5350 κινητὸν
1672 5285 1743 5336 ἐστὶν
1770 5282 1802 5334 τὸ
1832 5286 2017 5343 καταλειφθέν.
2126 5285 2179 5346 12)
2218 5288 2275 5334 be-

394 5353 508 5414 geuduua
530 5353 649 5402 inausa
671 5347 690 5399 ά
712 5349 763 5400 sol.
844 5351 890 5409 13)
915 5353 969 5401 Pro
996 5365 1064 5402 voce
1087 5349 1240 5402 ὑπόκεινται
1262 5353 1301 5400 tlt.
1327 5351 1472 5414 luparea.
1496 5353 1523 5412 8.
1542 5352 1584 5402 io.
1608 5353 1705 5404 habent
1729 5354 1896 5415 ιιατίγιενται.
1970 5351 2017 5415 14)
2038 5353 2130 5404 Codex
2157 5349 2271 5404 ὅποισν.

397 5419 443 5480 λδ)
462 5419 553 5469 Codex
569 5418 758 5488 παρείληφθεν.
848 5418 892 5481 to)
909 5419 1000 5469 Codex
1015 5420 1093 5470 torar.
1181 5419 1227 5477 17)
1243 5417 1336 5470 Codex
1351 5415 1466 5488 άπόριιν.
1557 5421 1603 5478 18)
1620 5422 1673 5470 Pro
1691 5417 1723 5477 ale
1739 5417 1763 5470 εί
1779 5419 1870 5472 Codex
1888 5421 1965 5470 nabet
1981 5415 2049 5472 άσεί.
2139 5419 2191 5480 19)
2218 5421 2274 5470 Pan

394 5483 560 5546 νομισμάτων
576 5486 668 5536 Codex
684 5487 763 5536 habet
778 5485 839 5536 ruia.
874 5487 939 5536 Noe.
955 5487 1001 5538 28.
1019 5498 1076 5548 cap.
1093 5486 1140 5536 so.
1158 5483 1183 5535 εί
1198 5485 1225 5535 δε·
1239 5485 1348 5553 χρυσίον
1365 5486 1404 5552 εἴη
1422 5483 1454 5536 τδ
1477 5487 1713 5547 καταλελειμμένον.
1748 5487 1865 5556 Χρυσίον
1882 5495 1924 5537 est
1940 5495 2026 5538 atatem
2043 5502 2145 5538 aarum
2165 5490 2276 5550 αἰφνια-

396 5555 462 5604 tum.
496 5553 565 5604 Vide
582 5555 788 5604 observationes
804 5555 872 5604 luris
889 5554 1000 5604 Romani
1017 5565 1091 5602 meas
1109 5555 1227 5616 (Lipsiae
1248 5553 1336 5618 18³4.)
1353 5568 1377 5616 p.
1402 5553 1443 5635 ¹¹5
1478 5554 1609 5614 Νόμιαμα
1630 5561 1673 5606 eat
1694 5561 1784 5606 autem
1808 5569 1921 5608 αιιτνωσ.
1959 5555 2027 5604 Vide
2045 5555 2131 5606 lleitai
2156 5556 2275 5618 glosu-

394 5624 461 5672 rium
475 5621 673 5684 Theophilinum
691 5621 803 5683 pierii.
876 5618 924 5681 oo)
941 5621 993 5670 Pro
1009 5618 1165 5680 νομίσμασιν
1181 5621 1273 5671 Codex
1290 5623 1367 5672 babet
1383 5609 1404 5671 νο
1420 5640 1451 5671 ν.
1526 5623 1572 5681 ai)
1589 5622 1641 5672 Pro
1738 5623 1859 5680 <Codex
1876 5625 1954 5674 laabet
1969 5620 2068 5685 lrrvo'e·
2141 5623 2201 5686 82)
2219 5623 2278 5672 l’ro

394 5685 561 5749 αμυσαι.»
581 5688 675 5740 codex
698 5689 775 5738 ιιωνι
790 5673 812 5737 ί
827 5673 859 5738 ί.
927 5685 1280 5750 sapientissimas.
1354 5687 1402 5750 αι)
1420 5689 1511 5740 onnes
1528 5686 1559 5739 αι
1574 5688 1609 5738 οι.
1659 5623 1738 5754 ‘bil
1762 5691 1854 5742 corax
1870 5689 2018 5750 σιφαιιια.
2104 5687 2151 5752 ao)
2173 5689 2280 5742 οαεει

394 5753 503 5811 παντός.
578 5754 625 5820 87)
641 5757 694 5805 Pro
711 5750 728 5820 ή
746 5756 838 5806 Codex
855 5756 933 5806 habet
949 5753 974 5820 ή.
1058 5757 1108 5815 28)
1124 5757 1177 5807 Pro
1192 5755 1221 5806 ίν
1235 5753 1327 5814 adroic
1344 5755 1433 5810 Codex
1451 5757 1529 5808 babet
1545 5756 1656 5815 ἑαυτοῖς.
1728 5759 1777 5817 oo)
1794 5759 1886 5810 Codex
1901 5757 2074 5826 προνοοῦσαν.
2140 5757 2199 5818 iio)
2218 5757 2279 5808 Co·

395 5825 447 5872 dex
464 5821 588 5883 γενίσθω.
663 5821 710 5884 oi)
728 5823 780 5873 Pro
799 5837 868 5876 voce
884 5817 931 5872 τὸν
948 5821 1037 5872 Codex
1062 5824 1138 5874 habet
1154 5821 1199 5876 τά.
1240 5825 1309 5874 Nou.
1336 5825 1380 5874 2¹3.
1398 5837 1456 5886 cap.
1474 5824 1519 5875 dd.
1537 5825 1586 5875 τοῦ
1603 5825 1650 5885 μίν
1672 5826 1699 5883 ft
1722 5822 1849 5883 ἀπαιδίας
1871 5839 1939 5876 casu
1962 5827 1997 5893 τῇ
2018 5823 2105 5894 μητρί
2138 5825 2198 5884 82)
2221 5825 2281 5876 l’ru

395 5885 465 5954 αὐτή
489 5887 582 5938 Codex
603 5889 682 5940 babet
698 5891 786 5940 τοῦτο.
861 5891 909 5952 oo)
927 5891 966 5940 lie
984 5895 1053 5953 puts,
1071 5893 1243 5942 Athanasium
1260 5905 1277 5941 ιι
1293 5892 1362 5942 Noa.
1380 5892 1426 5942 22.
1445 5905 1502 5974 cup.
1520 5893 1566 5944 4³.
1591 5897 1724 5944 contemta
1746 5895 1896 5944 aberrasse.
1919 5893 1981 5956 ipse
2005 5897 2075 5948 euim
2099 5893 2282 5944 lastinianus

394 5954 518 6026 χρήματα
534 5959 562 6006 et
576 5955 683 6025 χρυσίω
699 5961 839 6020 permutat.
876 5958 1058 6022 Capitis&
1077 5956 1102 6009 εί
1117 5959 1145 6010 ei
1161 5959 1235 6009 πᾶσα
1252 5956 1412 6024 καθεστήκοι
1428 5975 1509 6022 συχον
1526 5959 1562 6010 ίν
1583 5958 1835 6030 χρήμασιν-μή
1853 5959 1976 6012 ἀπαιτεῖν
1997 5957 2072 6032 παρὰ
2088 5963 2138 6012 τιίν
2164 5960 2283 6011 παίδοιν

393 6021 509 6090 χρυσίον.
576 6021 621 6087 ot)
639 6025 732 6076 Codex
748 6021 939 6083 ἀσφαλίζεοθαι
957 6021 1022 6075 tadu
1045 6023 1071 6076 nl
1086 6026 1185 6085 παῖδας.
1226 6023 1428 6085 ’Λοοσλίζιοθαι
1445 6033 1488 6078 eat
1508 6029 1655 6080 somnone.
1694 6029 1866 6079 vinciretur
1883 6029 2045 6092 glossarium
2061 6029 2286 6092 lbeophiiiunns

395 6105 421 6154 p.
442 6091 518 6141 toea.
587 6093 636 6157 oo)
655 6093 747 6144 Codex
762 6090 841 6159 αι’πή.
908 6091 957 6160 oo)
972 6094 1027 6146 l’ro
1044 6097 1181 6147 καιίλιπεν
1198 6095 1290 6148 codex
1307 6097 1386 6148 habet
1401 6095 1562 6146 ιιατίλοιπεν.
1635 6097 1682 6162 117)
1700 6097 1792 6149 Codex
1809 6097 1919 6161 κινητός.
