4790 7064
706 566 1465 641 uut'.1UST1N.u1'r.1v.
1958 571 2010 639 97

177 751 274 816 τούτων
295 750 500 836 tympanum)
518 753 716 820 Ἱστοτιιιαιιύν
738 757 999 836 (ι.’1ουστινιανὸι)
1012 781 1066 820 aor-
1107 775 1209 816 auum
1250 758 1413 832 praesidem
1453 757 1647 816 lastinianum
1691 767 1873 832 quaestorem
1919 779 2009 820 exer-

178 845 290 918 αι’σταρα
318 841 507 916 exercituo)
530 836 799 920 προσαγορεύουσα,
833 846 959 906 καὶτῶν
982 865 1067 921 στρα-
1109 845 1187 900 eitius
1220 845 1390 917 appellans,
1433 847 1463 900 et
1494 843 1599 900 iubens
1634 859 1701 900 cum
1731 847 1854 904 militiae
1890 861 2008 904 aarum·

177 929 303 984 τιωτικῶν
323 921 456 1002 ἠχεῖσθαι
477 931 534 986 τῶν
553 922 648 986 αὐτῶν
677 931 817 1007 ἐπαρχιῶν
837 925 999 1002 κελεύουσα,
1021 930 1068 989 καλ
1108 929 1174 984 deur
1212 929 1426 1000 provinciarum
1468 943 1619 1002 praeesse,
1663 933 1693 984 et
1728 929 1870 986 delluieua
1904 933 2008 1002 appel·-

178 1005 222 1078 τιις
247 1013 276 1068 ἐκ
301 1005 409 1068 τούτων
434 1012 614 1086 πεμπομένας
633 1007 780 1090 ἐπικλήτους
801 1007 935 1086 ἐξετάζειν
948 1014 994 1088 ⁹¹)
1018 1010 1067 1073 αύ-
1107 1013 1251 1084 latiouas,
1294 1029 1368 1082 quae
1398 1029 1436 1068 ex
1458 1013 1504 1068 lrls
1526 1011 1735 1086 (provinciis)
1770 1015 1939 1086 mittuntur,
1970 1015 2008 1070 alo

176 1090 222 1151 τοι
241 1095 415 1152 διατυποῦσα
435 1095 482 1152 καλ
503 1089 612 1172 πρόαγε
632 1090 683 1172 τὴν
711 1094 774 1174 ι’σην
801 1092 879 1168 τάξιν
905 1095 983 1173 αύτῷ
1010 1101 1068 1157 τῶν
1107 1097 1173 1168 ipso
1211 1098 1387 1170 examinari,
1429 1099 1459 1152 ct
1492 1096 1528 1150 ad
1561 1097 1634 1152 llaec
1667 1097 1725 1167 ipsi
1760 1099 1882 1154 eundem
1913 1098 2009 1156 locum

175 1181 305 1256 ἐπαρχιῶν
325 1183 381 1237 τῶν
401 1182 580 1256 αραιτωρίων
600 1174 788 1256 άπονέμουσα.
831 1178 916 1262 Ἑγρ.
937 1177 1007 1261 πρὸ
1026 1177 1067 1246 ἶ..
1108 1182 1292 1254 assignans,
1334 1197 1418 1252 quem
1461 1180 1568 1236 habeut
1609 1183 1812 1252 praefecturae
1854 1184 2009 1254 praetorio.

173 1263 363 1322 καλανδῶν
403 1259 551 1322 Ἰουνίου
589 1257 684 1340 μετά
719 1260 781 1342 την
817 1262 1067 1343 ύπατιίανθῧ)
1109 1267 1233 1337 δτι-ἐμέο
1260 1271 1304 1322 ert
1329 1264 2008 1338 ανιιιιο.οι1.1ωκ·ακμοιιιοιιω1αιιω

175 1345 392 1423 Βιλησαρίοο
427 1345 477 1424 (v.
499 1347 762 1428 Βελισοιρίοο).
1109 1350 1257 1410 Rodunt

266 1506 378 1607 ry'.⁹⁸)
403 1506 578 1609 περὶτοῦ
602 1505 745 1604 πάντας
771 1510 969 1586 ὑπακούειν
990 1524 1069 1606 τοῖς
1211 1511 1336 1590 Consi.
1365 1509 1425 1584 13.
1451 1513 1508 1586 De
1533 1510 1613 1602 lroo,
1638 1523 1676 1586 ut
1700 1537 1820 1588 omues
1846 1511 2009 1588 obediant

172 1607 319 1708 άρχοοοι
343 1617 415 1684 τῶν
440 1616 630 1713 ἐπαρχιῶν.
1108 1613 1327 1716 praesidibus
1354 1611 1615 1714 provinciarum.

248 1745 280 1810 Ὀ
298 1744 387 1820 αύτύς
397 1744 529 1827 βασιλεύς
541 1749 947 1827 Κωνσταντινουπολίταιςθθ).
968 1752 1068 1814 Μίαν
1191 1754 1270 1811 Idem
1314 1755 1469 1825 imperator
1511 1752 1848 1824 constantinopolitanis.
1908 1754 2009 1812 Unum

170 1829 346 1892 εἶναιτῶν
365 1832 545 1910 sandow)
566 1829 799 1914 τελεωτάτην
821 1832 1067 1914 (ν.τελειοτά-
1108 1853 1172 1896 τινα
1205 1841 1337 1896 omniurn
1374 1835 1623 1909 perfectissimum
1656 1841 1792 1894 uirtutem
1826 1839 2008 1896 coerimon-

169 1915 306 1994 rpv)⁹⁸)
328 1911 462 1996 άρετὴν
482 1914 716 1996 ὑποληπτέον.
1108 1925 1190 1980 dum.

250 2013 317 2096 Χρι)
339 2016 456 2081 ἕκαστον
472 2015 479 2098 Ι
497 2017 546 2094 ⁹⁹)
568 2022 596 2078 ἐν
617 2025 650 2096 τῇ
671 2020 800 2098 ἐπαρχία,
820 2023 849 2080 ἐν
868 2009 923 2096 ᾗί)
945 2022 1066 2100 πλημμε-
1192 2023 1313 2093 Oportet
1326 2035 1526 2092 quemcunque
1542 2019 1611 2092 pati,
1630 2021 1660 2076 ln
1674 2039 1709 2076 ea
1725 2022 1885 2096 provincia,
1908 2023 1939 2080 in
1951 2041 2009 2095 qua

167 2097 253 2178 λύσει,
274 2099 291 2179 ν)
313 2100 385 2162 ἔνθα
397 2099 546 2184 χρημάτων
561 2097 578 2182 η’
592 2099 770 2182 ἐγκλημάτων
781 2097 940 2176 ὑπεύθυνος
950 2109 1066 2184 γένηται,
1108 2105 1272 2178 delinquat,
1301 2105 1349 2160 vel
1370 2105 1419 2160 ubi
1451 2103 1667 2179 [caussarum]
1698 2107 1929 2176 pecuniariarum
1959 2109 2005 2164 vel

168 2183 220 2245 είτε
240 2187 305 2264 περὶ
325 2192 374 2265 γῆς
394 2185 487 2264 ὁρίων,
508 2185 563 2246 ιε’τε
584 2186 644 2266 πάρ)
666 2189 831 2258 δεσποτείας
840 2186 879 2264 ²),
900 2183 918 2268 ἦ
939 2192 1003 2266 περὶ
1023 2211 1066 2250 νο·
1108 2191 1300 2247 criminalium
1321 2205 1390 2244 reus
1411 2191 1507 2245 tactus
1528 2191 1578 2260 sit,
1598 2191 1663 2244 sive
1682 2189 1718 2244 de
1740 2191 1846 2246 fluibus
1867 2192 2004 2262 praedio·

166 2275 226 2348 μῆς,
248 2267 339 2349 ἢπερ)
353 2267 507 2349 ύποθηκης,
529 2267 652 2349 ἢέιέρας
661 2269 689 2348 ³)
703 2267 873 2350 οίασδύποτε
885 2271 1066 2352 προφάσεως,
1107 2292 1170 2332 rum
1191 2267 1272 2350 (1),
1307 2275 1371 2328 slve
1401 2273 1438 2329 de
1463 2273 1605 2345 dominio,
1639 2275 1704 2330 sive
1739 2274 1775 2330 de
1810 2277 2005 2350 possessione,

168 2359 194 2414 ἐν
213 2353 285 2431 αύτῇ
306 2351 358 2426 τάς
378 2351 541 2426 ύπιυθύνας
549 2354 578 2429 ⁴)
601 2353 708 2434 ύπέχειν
728 2368 787 2428 τοῖς
807 2355 993 2434 πολιιαιοῖςὸ)
1016 2349 1065 2437 άρ
1106 2361 1173 2416 aive
1194 2361 1231 2415 de
1252 2359 1433 2430 hypotheca,
1460 2359 1525 2414 sive
1546 2359 1605 2412 alia
1627 2373 1798 2428 quacunque
1825 2359 1861 2414 de
1889 2377 2005 2432 mussa,

165 2461 268 2518 γουσιν,
289 2443 336 2499 καὶ
347 2436 705 2518 μύηύπεράριονῦκεσθαι.
736 2447 787 2500 τού
799 2435 985 2518 ἀδικήσαντος
995 2440 1066 2502 oino-
1107 2445 1139 2500 in
1154 2445 1267 2516 ealpsa
1285 2443 1435 2515 provincia
1452 2459 1470 2496 a
1487 2443 1625 2498 civilibus
1646 2444 1927 2516 magistratibusius
1948 2447 2005 2501 sibl

165 2523 368 2602 λιμπαναμένου
386 2526 433 2584 καὶ
448 2519 648 2602 άδεφενδεύτου
664 2519 855 2605 τυγχάνοντος,
876 2521 929 2608 χρὴ
943 2521 1064 2604 ύπομνη-
1108 2529 1176 2596 dici,
1200 2543 1293 2598 neque
1307 2543 1372 2584 eum
1382 2531 1465 2582 extra
1478 2527 1646 2598 provinciae
1662 2529 1734 2582 flues
1747 2529 1870 2584 extrahi.
1892 2531 1935 2606 sl,
1956 2531 2005 2600 qul

164 2629 221 2676 σεις
242 2603 424 2687 προάγεσθαι
443 2615 485 2683 τῷ
506 2615 672 2686 προιοοῦντι
691 2615 747 2669 τῶν
774 2608 863 2670 adsoni
892 2605 1066 2689 πραγμάτων
1107 2613 1272 2685 deliquerit,
1293 2613 1399 2667 absens
1422 2613 1471 2682 slt,
1493 2617 1522 2666 et
1543 2625 1601 2667 nou
1622 2609 1773 2684 defensus,
1794 2619 1907 2684 oportet
1923 2629 2006 2670 com·

163 2695 209 2750 καλ
230 2697 414 2772 προθεσμίαν
434 2695 569 2754 δίδοσθαι
589 2698 683 2772 μηνῶν
704 2689 796 2768 δ’.)1),
824 2698 851 2754 εί
867 2697 947 2774 μέχρι
967 2690 1017 2754 δύο
1035 2693 1064 2771 7)
1107 2697 1260 2753 monitoria
1280 2697 1369 2769 dirigi
1391 2696 1428 2750 ad
1449 2711 1524 2764 euru,
1546 2695 1595 2766 qui
1618 2695 1712 2766 ipsius
1732 2697 1955 2768 uegotlaenrat,
1976 2701 2005 2754 et

163 2779 303 2854 ἐπαρχιῶν
323 2773 554 2856 άπαλιμπάιεται.
583 2782 610 2838 εί
627 2777 656 2837 ol
682 2776 776 2856 μεῖζον
797 2775 838 2856 εἴη
858 2775 892 2838 τύ
914 2773 1066 2858 διάστημα,
1106 2783 1233 2853 spatium
1254 2787 1388 2853 quattuor
1415 2781 1556 2836 mensium
1584 2779 1663 2852 dari,
1690 2781 1717 2834 sl
1744 2797 1838 2851 usque
1866 2782 1903 2836 ad
1931 2783 2006 2838 duas

161 2866 256 2938 μηνῶν
269 2856 307 2932 ἐξ.
328 2862 587 2942 είδλπορρωτέρω,
609 2857 1064 2941 τυχύνΠαίαιστίνηςῆἘγύπτου
1105 2866 1273 2939 provincias
1294 2865 1386 2920 abest
1406 2866 1517 2920 Verum
1539 2865 1566 2920 sl
1579 2865 1673 2922 malus
1685 2865 1724 2920 sit
1736 2865 1931 2938 intervallum,
1951 2883 2005 2922 sex

163 2940 389 3024 (κ.Αίγύπτου),
405 2941 815 3024 posonioo‘mdquxodlfflp
830 2947 894 3007 είδλ
907 2946 1064 3026 ε’τιμιὶλλον
1105 2951 1257 3006 mensium.
1278 2949 1331 3008 Sin
1353 2953 1450 3004 autem
1471 2949 1562 3020 ultra,
1585 2950 1712 3006 formose
1724 2965 1762 3004 ex
1774 2950 1942 3006 Palaestina
1957 2951 2003 3006 vel

162 3032 295 3101 ἐκτέτεικα,
301 3027 502 3109 μηνῶιθ’.“),
515 3027 557 3108 ἐφ’
568 3021 876 3110 άτῆςεέρημένηςέντός
882 3033 1064 3112 προθεσμίας
1104 3037 1256 3110 Aegypto,
1277 3039 1342 3090 octo
1353 3034 1504 3090 mensium.
1526 3033 1580 3088 Sin
1594 3049 1664 3089 vero
1680 3035 1768 3088 etiam
1782 3035 1858 3090 ultra
1870 3033 1939 3108 (eas
1953 3051 2004 3089 re-

163 3109 181 3188 τ’)
196 3113 330 3192 σταλῆναι
350 3110 420 3188 τινά,
442 3119 480 3185 είς
492 3109 649 3192 πρόσωπον
669 3120 720 3176 τοῦ
740 3110 928 3192 πρωτοτύπου
939 3109 989 3194 τὴν
1003 3121 1063 3176 ένα-
1104 3119 1238 3194 mones),
1253 3135 1356 3175 novem
1368 3119 1520 3189 meusium,
1535 3123 1566 3173 ut
1579 3117 1656 3172 intra
1667 3117 1789 3191 (supra)
1802 3119 1910 3174 dietum
1926 3123 2003 3174 tem·

165 3193 644 3278 pappadaodcpdpaooo12),r”paui
665 3195 753 3260 αύτύν
773 3203 994 3278 παραγενέσθαι
1023 3195 1063 3279 μὴ
1105 3205 1184 3276 poris
1206 3205 1330 3275 spatium
1353 3207 1404 3258 aut
1424 3203 1554 3258 mittatur
1569 3202 1685 3274 aliquis,
1707 3203 1756 3272 qul
1771 3218 1808 3258 ex
1822 3203 2002 3274 personarei

168 3283 322 3357 πέμποντος
342 3283 372 3342 ol
391 3281 480 3343 αύτοῦ
501 3278 517 3361 ἢ
539 3277 783 3364 παραγενομένου)
806 3281 865 3360 ¹³),
893 3293 1063 3364 κρατεῖσθαι
1103 3288 1275 3360 principalis
1296 3289 1441 3344 actionem
1462 3286 1600 3358 exciplat‚
1620 3289 1671 3343 aut
1693 3287 1780 3342 etlam
1801 3287 1866 3357 ipse
1894 3287 2003 3342 veniat.

172 3361 220 3422 νύν
239 3361 334 3426 τούτου
349 3361 568 3446 προνοητὴνΗ),
589 3369 636 3426 καλ
647 3362 856 3447 ἀναγκάζεσθαι
865 3365 1063 3441 ὑποδέξασθαι
1105 3373 1187 3441 Quod
1208 3373 1235 3428 si
1256 3373 1283 3428 ls
1304 3387 1399 3442 neque
1419 3386 1589 3442 quemquam
1601 3371 1706 3442 mittat,
1726 3383 1820 3442 neque
1836 3370 1934 3444 (lpse)
1947 3371 2003 3426 ad-

175 3443 223 3524 τὶγν
241 3447 384 3530 διαγωγήν,
406 3454 452 3510 καὶ
473 3447 510 3510 τά
531 3445 589 3511 άπὸ
612 3455 662 3528 τῆς
682 3453 833 3530 καταδίκης
854 3454 964 3526 δοῦναι,
985 3451 1062 3533 εἴπερ
1104 3456 1317 3527 veniat‚teneri
1333 3456 1640 3526 liuiusprocuratorem
1654 3453 1777 3528 (lubet),
1793 3455 2003 3529 eumquecogi,

180 3527 244 3602 ὅλως
262 3533 375 3614 εύπσρεῖ.
397 3540 424 3596 εί
442 3535 470 3594 dl
491 3533 667 3613 a’l.l.elarc¹³),
689 3535 771 3608 affl)
793 3541 850 3596 τῶν
870 3542 921 3596 τού
943 3535 1062 3616 άπολιμ-
1104 3547 1142 3597 ut
1152 3541 1290 3598 iudicium
1305 3539 1440 3611 accipiat,
1455 3545 1485 3595 et
1497 3554 1542 3610 ea,
1558 3553 1633 3610 quae
1646 3554 1685 3594 ex
1694 3539 1932 3596 condemnatione
1947 3539 2004 3596 de-

181 3623 319 3696 πανομέιου
339 3615 511 3698 πραγμάτων
528 3621 901 3700 προσαναπληρτοθῆναιίῖ)
918 3617 1062 3684 τόλεῖιιον.
1104 3625 1224 3698 bantur,
1246 3625 1309 3696 det,
1339 3623 1482 3694 siquidem
1504 3624 1617 3680 omniuo
1639 3623 1679 3678 sit
1699 3623 1838 3694 locuples.
1871 3625 1925 3680 Sin
1946 3639 2004 3680 au-

182 3705 205 3758 εί
220 3701 244 3760 tt
262 3705 304 3762 καλ
324 3701 410 3773 αὐτὸς
431 3702 447 3764 o'
470 3699 627 3782 προνοητὴς
648 3702 759 3782 ἀφανὴς
770 3703 815 3784 ¹⁸)
836 3708 953 3784 γένηται,
974 3708 1062 3766 καλεέ-
1105 3714 1162 3766 tem
1189 3709 1329 3765 solvendo
1359 3723 1417 3764 uon
1445 3713 1506 3780 est,
1537 3725 1574 3764 ex
1600 3707 1731 3764 absentis
1759 3707 1843 3764 bonis
1873 3708 2006 3780 suppleri

182 3791 240 3844 σθω
248 3785 288 3859 ¹⁹)
307 3786 355 3864 μὲν
375 3794 409 3864 ιγ’)
430 3793 481 3847 τοῦ
503 3784 589 3864 νύμου
610 3791 742 3864 φωνῇ’θ)
770 3785 786 3849 ὁ
809 3784 1003 3868 πρωτύτυνιος.
1023 3785 1062 3870 μη
1103 3792 1218 3868 (lubet)
1240 3793 1280 3867 id,
1301 3792 1376 3865 quod
1398 3792 1484 3848 desit.
1505 3793 1538 3848 Si
1560 3807 1630 3848 vero
1646 3797 1675 3847 et
1687 3792 1751 3862 lpse
1764 3797 1933 3862 procurator
1946 3807 2003 3848 uon

179 3864 361 3932 incantandi
382 3873 428 3930 καὶ
442 3867 524 3931 ά1το3ι
536 3869 905 3949 καταδικαζέσθωκατάθῑ)
919 3869 952 3934 τύ
966 3879 1062 3954 σχῆμα
1103 3879 1280 3950 apparuerit,
1301 3875 1403 3952 (reus)
1425 3877 1595 3948 principalis
1621 3877 1752 3949 legitimo
1778 3876 1862 3932 modo
1890 3877 2004 3932 citatur.

178 3957 230 4010 τῶν
245 3959 479 4034 ἐρημοδικίωνῧῖ),
501 3949 517 4016 d
539 3957 586 4016 κοιλ
607 3956 821 4036 σημείοισοιιθθ).
844 3961 870 4018 εί
884 3957 913 4017 cl
925 3960 972 4018 καλ
986 3981 1060 4038 upon
1103 3963 1187 4031 Quod
1208 3963 1234 4018 si
1255 3963 1332 4018 dlcto
1354 3961 1478 4016 audiens
1499 3977 1555 4016 non
1577 3965 1631 4032 est,
1654 3965 1683 4016 et
1704 3961 1811 4016 absens
1825 3961 2004 4018 condemua-

176 4031 336 4114 otranno)
359 4044 547 4118 παραγένηται
569 4036 586 4119 ἢ
609 4040 765 4119 στέλληπ)
787 4045 826 4112 είς
845 4037 1002 4121 πρόσωπον
1015 4041 1064 4103 aoi-
1105 4051 1151 4102 tor
1172 4045 1209 4101 od
1231 4047 1395 4118 exemplum
1416 4045 1664 4118 eremodiclorum,
1686 4045 1717 4100 ld
1738 4045 1815 4114 quod
1837 4049 1866 4100 et
1881 4045 2004 4101 notabis.

176 4125 231 4192 τού,
249 4119 469 4204 ύδὲιιατὴγορος
480 4123 676 4203 ἀπολειφθείη,
698 4119 763 4185 τότε
775 4127 822 4186 καλ
834 4123 940 4203 ἀφιέτω
957 4122 1007 4186 τὸν
1016 4127 1063 4204 ²⁶)
1104 4132 1138 4188 Si
1159 4147 1229 4187 vero
1250 4147 1318 4187 rena
1338 4129 1509 4204 principalis
1530 4129 1692 4201 advenerit,
1712 4130 1761 4184 vel
1775 4130 1879 4200 mittat,
1901 4131 2004 4200 quiex

175 4203 326 4284 ἕναγύμενον
347 4205 363 4268 ὁ
386 4204 527 4286 δικαστής,
548 4211 594 4268 καλ
615 4205 668 4280 τάς
689 4209 787 4288 ζημίας
815 4207 893 4285 αύτῷ
921 4217 1062 4290 θεραπεύ-
1103 4215 1335 4287 ipsiuspersona
1349 4214 1633 4284 iudiciumaoelplat,
1647 4217 1830 4270 aetorautem
1843 4214 1931 4286 absit,
1943 4219 2004 4270 tum

175 4292 267 4366 omn)
288 4288 336 4352 τύν
357 4287 535 4372 συκοφάντην
544 4295 779 4374 καταναγκαζέτω.
801 4292 890 4365 ούδελς
902 4294 931 4354 cl
943 4293 992 4356 τὸν
1004 4294 1062 4356 oido-
1103 4299 1194 4356 iudex
1205 4315 1287 4356 reum
1301 4299 1448 4370 dimittito,
1470 4303 1499 4354 et
1518 4298 1616 4372 cogito
1634 4297 1880 4370 calumniatorem,
1904 4303 1937 4353 ut
1948 4297 2005 4352 da-

172 4375 320 4452 xoino20)
342 4381 371 4437 ἐκ
392 4379 545 4456 προνομίου
566 4373 641 4449 τινὸς
661 4373 678 4456 ἢ
700 4381 865 4449 δυναστείας
885 4373 1061 4458 tommo)
1102 4399 1201 4440 muum
1217 4385 1245 4440 ei
1253 4385 1406 4440 resarciat.
1437 4384 1530 4439 Nemo
1544 4397 1614 4437 vero
1629 4397 1704 4450 cum,
1726 4383 1776 4452 qul
1791 4382 1945 4454 delinquit,
1967 4397 2005 4438 ex

173 4461 225 4534 τῆς
234 4465 283 4518 τῶν
294 4456 438 4540 άρχύντων
448 4455 935 4541 εξαρπάζεινδύναταιδοιαιοδοσίιις,
958 4460 1065 4542 πλὴνεί
1102 4468 1199 4539 aliquo
1219 4469 1376 4542 privilegio
1396 4468 1444 4522 vel
1461 4471 1605 4539 potestate
1622 4466 1670 4521 vel
1694 4469 1788 4522 torma
1808 4467 2005 4522 iurisdictioni

172 4535 215 4616 μὴ
227 4549 297 4616 θεῖος
308 4541 502 4624 πραγματικάς
511 4544 558 4622 ³⁰)
573 4542 662 4618 τύπος
674 4542 818 4627 προφάσει
835 4549 972 4626 δημοσίας
984 4553 1059 4621 ἐνίας
1101 4553 1324 4627 magistratuum
1338 4553 1451 4624 eripere
1463 4555 1568 4624 potest,
1579 4551 1636 4606 nisi
1649 4565 1734 4606 sacra
1745 4552 1927 4624 pragmatica
1939 4552 2004 4604 lor-

173 4621 219 4698 (v·
235 4629 330 4704 αἰτίαις)
353 4626 506 4708 προελθών
526 4627 636 4710 ἀγωγὴν
663 4627 737 4692 κατά
758 4626 809 4710 τὴν
827 4629 832 4710 Ι
852 4630 900 4708 ⁸¹)
927 4633 1060 4711 βασιλίδα
1101 4653 1158 4708 ma,
1179 4653 1232 4708 per
1251 4639 1388 4710 publicae
1398 4653 1521 4692 muscae
1533 4635 1715 4692 occasionem
1730 4637 1847 4708 emissa,
1861 4637 2004 4690 actionem

171 4713 297 4784 γενέσθω
311 4708 394 4774 πάλιν
415 4711 549 4791 αύτῷῧῖ)
571 4711 732 4793 προστάξει,
754 4711 771 4791 ν)
792 4719 913 4794 ἐφέσεως
934 4719 978 4776 ἐπὶ
999 4719 1060 4796 δίκη
1102 4721 1244 4777 adversus
1260 4739 1325 4778 euru
1346 4723 1376 4776 in
1395 4722 1479 4794 regia
1492 4721 1564 4776 urbe
1583 4721 1686 4793 peragi
1702 4721 1818 4788 lubeat,
1846 4724 1912 4786 aut,
1933 4733 2004 4789 pro-

172 4799 305 4874 γενομένης
324 4793 429 4876 ἀνάγκη
450 4795 781 4860 ένΚωισταντινοοπύλει
803 4795 820 4877 ἢ
842 4805 871 4860 ἐν
891 4812 951 4870 τοῖς
971 4805 1059 4880 έφετι-
1101 4807 1256 4862 vocatione
1271 4808 1302 4862 iu
1315 4807 1367 4862 lite
1380 4806 1567 4878 interposita,
1595 4805 1775 4860 accessesit
1795 4801 2004 4860 Constantino-

2034 1815 2092 1860 lton.
2107 1817 2146 1860 99.

171 4887 231 4948 κοῖς
248 4883 427 4962 δικαστηρίοις
442 4887 638 4962 γυμνασθῆναι
650 4907 700 4964 την
708 4883 754 4960 ³³)
776 4881 970 4964 apotamo).
991 4883 1059 4946 ύπο-
1102 4891 1161 4962 poll
1178 4891 1226 4946 vel
1239 4892 1268 4946 in
1282 4891 1475 4946 tribunalibus
1490 4889 1728 4961 prolocutionum
1748 4888 1879 4944 exerceri
1900 4887 2005 4958 appel-

240 5013 278 5070 99)
293 5013 382 5064 Codex
399 5016 450 5064 τῶν
468 5013 565 5066 τούτων
587 5013 740 5082 ἡγουμένου.
808 5017 855 5076 90)
878 5018 918 5066 Ad
941 5021 1087 5080 marginem
1112 5021 1253 5089 κουαέοτιιρ
1276 5020 1403 5090 ἐξερκίτου
1426 5019 1566 5089 νοιιτίοτοιρ
1589 5019 1774 5088 στρατοπέδου.
1848 5017 1893 5074 91)
1916 5017 2007 5066 Codex

172 5069 290 5160 άῑηᾶζει..
312 5083 350 5131 ad
368 5086 516 5146 marginem
532 5083 591 5152 περὶ
608 5083 681 5148 έιοιλη
699 5085 761 5149 (leg.
780 5083 915 5152 ἐκκλήτων)
932 5087 967 5148 (Τι’.
991 5081 1024 5136 ἰ’.
1048 5089 1081 5135 τ”ι”.
1101 5087 1143 5144 ἔτ’.
1168 5091 1216 5137 τοῦ
1241 5089 1297 5136 νυνι).
1382 5087 1429 5150 99)
1453 5089 1544 5138 Codex
1565 5088 1702 5136 υπατείοιν.
1770 5088 1823 5142 99)
1847 5086 1885 5132 nd
1907 5088 2006 5144 murgi·
2065 5094 2070 5106 ¹

171 5153 234 5192 uem
255 5145 298 5202 19.
330 5147 379 5211 λη’.
451 5151 527 5201 l’rlor
553 5165 676 5202 uumerus
711 5155 744 5202 ad
768 5165 865 5215 eorpus
889 5153 947 5202 1118.
984 5154 1151 5205 Novellarum
1187 5162 1296 5218 spectat.
1361 5157 1412 5216 99)
1441 5157 1531 5205 Codex
1567 5154 1893 5208 Κιινσταντιιουπολιταις.
1961 5153 2006 5210 97)

168 5208 269 5272 Cotum
285 5217 337 5266 199.
356 5218 526 5268 Novellarnm
545 5233 637 5269 voceur
655 5219 706 5268 τῶν
723 5223 828 5269 omlttlt.
879 5221 926 5278 oc)
943 5219 1033 5269 Codex
1050 5221 1217 5288 τελεωτάτην.
1268 5224 1605 5284 ammonentem.
1641 5224 1679 5272 ad
1702 5222 1846 5282 margluem
1867 5220 2006 5288 περὶτοῦ,

167 5279 225 5358 noti
237 5297 280 5350 χρη
296 5281 353 5333 τινὰ
371 5281 514 5346 ἐπάγεσθαι
530 5289 559 5351 plo·
648 5290 683 5336 σι’.
702 5284 745 5348 ιγ’.
762 5288 810 5336 τοῦ
828 5285 884 5336 aad.
938 5286 962 5350 1)
980 5287 1070 5338 Codex
1086 5289 1124 5340 ἐνὶ
1142 5291 1201 5341 loco
1219 5303 1313 5340 vocum
1335 5289 1362 5340 ἐν
1379 5285 1397 5360 ᾗ
1414 5277 1499 5341 tibet.
1548 5289 1577 5350 2)
1600 5291 1692 5340 Codex
1713 5286 1815 5334 dannot.
1840 5299 1889 5349 pro
1912 5287 2008 5337 δεσπο-

166 5359 239 5426 '5¹³5
254 5351 333 5402 labet.
384 5352 415 5414 9)
433 5353 524 5404 Codex
541 5371 601 5412 ετας
618 5355 696 5402 hauet
712 5365 761 5416 pro
779 5353 874 5421 ἐτέρας.
909 5355 984 5414 οιιοδ
1000 5359 1187 5421 corrlgendum
1204 5364 1246 5408 est
1263 5371 1296 5408 ex
1313 5359 1381 5408 Νου.
1404 5361 1448 5409 tto.
1471 5371 1529 5420 cap.
1553 5357 1577 5406 1.
1634 5356 1663 5418 4)
1687 5355 1779 5404 oratio
1803 5353 1931 5404 Novellae
1951 5355 2005 5404 ll·

163 5417 287 5476 ευθυντς.
374 5417 405 5480 11)
427 5421 519 5472 Codex
540 5421 660 5472 πολιτιιῐ.
746 5419 779 5483 e)
803 5421 893 5472 Codex
916 5419 1001 5487 μηνέιν
1023 5423 1065 5473 διΐ
1088 5427 1165 5475 nabet
1186 5439 1235 5486 pro
1258 5428 1344 5490 μηνῶν
1365 5425 1401 5476 δ’.
1431 5424 1463 5475 εί.
1547 5425 1577 5488 7)
1604 5425 1694 5474 Codex
1724 5421 1778 5469 δυο.
1863 5419 1892 5482 9)
1915 5421 2007 5472 Codex

162 5478 257 5544 μάννα.
311 5485 355 5551 19)
373 5487 465 5538 Codex
488 5477 550 5540 ὄντ’.
619 5489 663 5546 11)
680 5488 772 5539 Codex
788 5487 873 5555 μήνιεν
891 5489 929 5539 θ’.
999 5489 1334 5556 12)(1οι1οιύποδιχσμίν.
1417 5495 1463 5550 19)
1488 5493 1581 5554 lnelplt
1603 5491 1649 5539 tol.
1672 5487 1714 5536 97.
1738 5490 1765 5537 Β.
1839 5489 1892 5548 11)
1916 5489 2007 5540 Codex

159 5554 318 5623 rrpovoqtdo.
367 5553 414 5617 lo)
432 5555 524 5607 Codex
540 5554 707 5613 ιλδελλείπτις.
759 5557 804 5618 ld)
822 5557 913 5608 Codex
928 5555 956 5607 ἐν
973 5560 1051 5609 habet
1066 5573 1116 5622 pro
1132 5559 1167 5609 ἐκ.
1218 5559 1263 5623 17)
1279 5562 1371 5612 Codex
1387 5577 1408 5610 π
1424 5558 1452 5618 ὸς
1468 5557 1700 5627 ἀναπληρωθῆναι.
1750 5553 1794 5619 ts)
1811 5554 1900 5606 Codex
1915 5553 2006 5622 dorns-
2108 5561 2113 5572 '

158 5615 232 5667 hor.
249 5621 288 5670 Μ.
304 5633 360 5685 ωηο.
379 5625 405 5671 9.
424 5620 449 5672 ιε’
465 5623 492 5674 δέ
509 5621 570 5674 ούδέ
586 5620 666 5680 αύιύς
683 5624 774 5689 μανείη
792 5621 806 5676 ά
823 5622 870 5675 τύν
886 5623 974 5692 κύριον
990 5627 1037 5692 τῆς
1053 5625 1123 5691 δίκης
1139 5626 1364 5698 παραστήσασθαι
1381 5580 1527 5682 κελευσθεὶς
1543 5625 1559 5690 ἦ
1576 5623 1622 5672 τόν
1638 5629 1689 5672 θῑῦ·
1741 5621 1786 5682 ¹9)
1809 5621 1900 5674 Codex
1920 5626 2005 5674 99ὶεῖ-

158 5687 241 5736 οθαι.
288 5689 336 5752 29)
352 5689 444 5741 Codex
461 5691 539 5756 φωνή.
590 5689 636 5754 21)
652 5693 743 5741 Codex
760 5693 803 5742 aot
820 5694 882 5744 loce
899 5691 1060 5744 υοο1ειιατά
1077 5697 1163 5745 habet.
1214 5695 1261 5756 22)
1277 5696 1368 5746 Codex
1383 5696 1555 5765 ἐρημοδὶνιινν.
1606 5689 1653 5752 29)
1670 5691 1761 5740 Codex
1773 5689 2008 5761 omnin-,ssdabet

157 5749 222 5800 loeo
241 5766 333 5808 adeum
350 5755 365 5806 o
382 5758 426 5807 καὶ
443 5760 591 5824 appetamur.
641 5759 690 5818 24)
706 5759 798 5810 Codex
814 5759 990 5829 πριιτοτύπας.
1041 5760 1089 5825 29)
1106 5763 1198 5813 Codex
1216 5760 1319 5830 ηστηλει
1337 5765 1415 5814 liabeo
1431 5765 1490 5812 looo
1507 5771 1602 5810 vocum
1626 5755 1644 5823 ἢ
1667 5759 1765 5826 στέλλη.
1800 5759 1895 5808 Melius
1918 5764 2008 5810 tameo
2070 5810 2076 5821 ,

154 5821 413 5888 σκευαστέον).
432 5827 457 5878 1.
476 5824 803 5896 Ιεςοαιιπαραγένοιταῆ
821 5826 1134 5898 στείλειειίςπρόσωπον
1150 5827 1243 5882 αὑτοῦ.
1293 5830 1341 5892 29)
1359 5831 1449 5880 Codex
1464 5825 1495 5878 τὸ
1513 5828 1592 5878 nubet
1607 5839 1657 5888 pro
1673 5823 1730 5875 τόν.
1779 5827 1827 5885 27)
1843 5827 1934 5877 Codex
1954 5831 2005 5876 oo-

152 5889 297 5950 ραπεύσαι.
348 5895 397 5950 28)
414 5893 506 5946 Codex
522 5892 684 5951 ἀδικοῦντας.
718 5895 770 5944 'lla
790 5897 816 5944 7.
834 5903 918 5958 parat.
936 5896 963 5956 S.
980 5897 1007 5946 2.
1025 5895 1174 5948 ἀδικοῦντα.
1208 5897 1254 5955 29)
1270 5899 1321 5948 'lla
1338 5899 1364 5945 7.
1382 5901 1464 5958 perlat.
1489 5896 1515 5955 s.
1537 5895 1563 5944 2.
1590 5893 1673 5944 verba
1694 5892 1720 5942 ἐι
1737 5894 1880 5963 προιονὶου
1903 5888 2006 5958 tonderi
2111 5948 2117 5967 ,

154 5953 310 6016 ὖισαστεύας
325 5957 342 6027 ἢ
358 5960 446 6013 τύπου
461 5965 564 6014 desunt.
615 5963 662 6022 99)
679 5961 771 6012 Codex
787 5961 983 6032 πραγματινούτ
997 5961 1104 6022 σύννους.
1156 5963 1202 6028 91)
1226 5967 1319 6027 lueiplt
1341 5963 1386 6012 lol.
1412 5965 1509 6012 (18.1.
1566 5963 1614 6020 92)
1634 5963 1725 6012 Codex
1746 5960 1827 6012 σύτὸν
1848 5962 1926 6014 habet
1947 5963 2006 6012 looo

157 6029 237 6072 vocis
253 6025 331 6078 αὐτό.
383 6030 430 6095 99)
448 6031 501 6082 Pro
517 6028 565 6098 τὴν
582 6031 672 6082 Codex
690 6031 768 6081 labet
783 6031 825 6095 τῆ.
877 6031 923 6094 od)
947 6035 991 6084 ste
1011 6032 1111 6084 Codex.
1146 6033 1184 6083 lle
1207 6039 1284 6083 muta.
1325 6029 1392 6079 the
1415 6031 1547 6082 licitatum
1569 6035 1596 6082 1ο
1617 6029 1700 6095 glosa.
1723 6030 1859 6093 oueopotl.
1888 6035 1950 6082 tom.
1973 6029 2004 6078 11.

154 6101 183 6150 p.
204 6092 279 6145 1291.
307 6079 312 6094 “

1604 6157 1631 6228 Β
