4864 7070
259 495 367 614 ·”ιι
841 567 854 584 ·
1062 537 1484 610 anonaconaaa

309 708 542 804 captane),
585 715 661 782 urba
706 711 900 780 Phoenices.
937 709 1108 795 Joeepbta
1134 707 1300 781 Etheliee
1315 715 1347 792 ²)
1384 716 1493 780 minen
1534 717 1647 778 auetm
1681 717 1735 778 est
1769 706 1895 796 Spem
1933 678 2017 776 esse
2047 709 2215 781 evictam

331 825 431 903 atque
471 813 554 880 adeo
591 815 791 900 metropolin.
856 813 1032 880 Enimvero
1064 811 1126 880 boc
1168 812 1216 878 ita
1253 813 1495 897 intelligendum
1532 817 1604 900 est,
1626 854 1629 870 ι
1652 819 1687 878 ut
1721 813 1885 896 antiquum
1927 808 2053 895 Syriae
2097 830 2212 880 nomen

331 917 429 984 etium
453 915 494 980 ad
515 913 751 982 Pboeaioeaa
781 915 852 982 viro
873 913 1059 980 doctissimo
1080 911 1268 999 productum
1294 913 1455 980 videatur.
1500 910 1616 998 Certe,
1646 912 1731 1000 quod
1752 913 1793 978 ab
1821 908 1992 979 Hieroctio
2029 907 2214 978 Gronrnou-
2311 980 2318 996 ,

329 1021 395 1086 lieo
428 1019 464 1082 in
476 1016 619 1082 Banduri
631 1016 764 1102 imperio
779 1013 938 1084 Orientali
971 1019 1046 1080 tom.
1061 1014 1088 1078 1.
1106 1035 1137 1100 p.
1151 1011 1218 1080 49.
1238 1012 1360 1080 Esaiae
1373 1017 1561 1101 provinciae
1576 1011 1763 1080 Phoenices
1776 1012 1982 1097 Λιβανησίιις
1992 1015 2020 1094 3)
2043 1031 2122 1080 esse
2137 1034 2215 1100 per-

333 1120 471 1207 hibetur,
491 1116 533 1186 ad
555 1113 680 1202 sprec
700 1124 826 1202 partem
845 1114 1046 1182 referendum
1072 1123 1133 1182 est.
1146 1155 1191 1166 -
1233 1114 1405 1183 Caeterum
1425 1133 1536 1200 parum
1557 1113 1666 1202 refert,
1687 1113 1867 1182 utromodo
1890 1110 2016 1178 scribas
2034 1109 2216 1195 Ἐμιοηνός,

331 1241 377 1288 au
396 1216 575 1301 Ἑμεσηνός.
628 1215 799 1300 Ἐμεοηνὸς
827 1223 918 1284 certe
945 1217 1018 1303 plus
1058 1224 1174 1303 quater
1205 1217 1341 1284 habetur
1368 1214 1453 1302 apud
1487 1216 1678 1301 Procopium
1711 1213 1816 1280 ἀνικδ.
1846 1233 1919 1299 cap.
1942 1211 2006 1278 28.
2035 1215 2087 1281 ed.
2112 1212 2215 1282 Orelli

332 1315 650 1408 peceatrice.
708 1315 904 1403 Quamquam
930 1315 1008 1383 illud
1028 1319 1141 1403 negari
1178 1319 1290 1406 nequit
1313 1314 1483 1398 Ἐμιοηνὸς
1505 1317 1608 1401 mags
1629 1315 1735 1383 videri
1765 1315 1807 1382 ad
1829 1314 2046 1402 quotidianam
2070 1314 2217 1384 Graeco-

330 1441 400 1488 rum
422 1419 684 1488 cousuetudinem
715 1418 843 1484 dicendi
862 1423 970 1504 aptum
1004 1437 1081 1486 esse
1103 1427 1137 1486 et
1156 1417 1439 1487 accommodatum.
1481 1417 1675 1483 Hieroctiua
1698 1415 1945 1484 &ommacio
1973 1415 1995 1480 l.
2018 1417 2040 1482 l.
2059 1417 2219 1506 'Eproocq

331 1525 380 1589 sic
400 1529 436 1590 et
474 1519 640 1606 Ulpium
673 1521 707 1590 ia
729 1520 840 1603 iragm.
864 1518 896 1583 1.
921 1515 956 1605 s.
974 1515 1010 1584 4.
1034 1517 1078 1585 D.
1101 1517 1176 1585 50..
1193 1517 1272 1613 1115
1300 1520 1376 1586 item
1396 1516 1541 1584 Perillae
1572 1517 1730 1603 iulragm.
1746 1515 1884 1607 S.§.ti.
1904 1515 1948 1581 D.
1972 1515 2054 1610 ¹·¹·i
2074 1519 2214 1606 denique

332 1626 449 1690 numne
482 1622 515 1686 in
539 1639 580 1688 ee
602 1621 735 1688 civitate
762 1621 910 1707 percussi
930 1620 1051 1687 habeut
1082 1617 1181 1686 EMI.
1202 1619 1258 1688 vel
1281 1618 1570 1685 ΕΜΙΣΗΝΩΝ.
1614 1618 1700 1686 vide
1727 1617 1871 1705 Joaepbi
1892 1615 2019 1684 Eltheli
2037 1619 2214 1686 doctrinam

331 1743 524 1795 nummorum
547 1729 621 1790 tom.
646 1722 705 1788 lli.
743 1743 774 1809 p.
798 1720 889 1786 31⁰.

492 1823 622 1890 Dictum
643 1829 697 1888 cst
717 1823 760 1890 de
787 1819 890 1888 nostri
918 1822 992 1886 libri
1013 1824 1188 1910 scriptore,
1216 1821 1270 1908 qui
1297 1820 1409 1912 merit,
1439 1823 1526 1890 uude
1547 1821 1702 1908 originem
1730 1820 1877 1888 hahuerit
1911 1841 2012 1888 suam.
2054 1824 2151 1888 Nune
2171 1822 2213 1888 de

326 1926 401 1996 libri
435 1925 526 1992 titulo
548 1923 765 2010 dispiciamus.
814 1921 928 1988 Codex
950 1920 1098 1990 Graecus
1122 1922 1337 2007 parisiensis,
1374 1924 1424 1999 qui
1446 1941 1577 1990 numero
1604 1919 1720 1988 1381.
1749 1922 1899 2006 signatus
1921 1930 1990 2011 est,
2018 1925 2072 1990 iol.
2105 1923 2139 1988 1.
2167 1925 2210 1990 Α.

333 2026 417 2099 haec
437 2026 552 2092 habers
570 2069 633 2093 ....
655 2028 719 2090 τῶν
745 2025 865 2112 νεαρῶν
889 2021 1062 2102 διατάξεων
1088 2025 1307 2103 διιενιηθέντες
1327 2020 1388 2088 ὑπὸ
1407 2021 1617 2090 Ἀθαναοίον
1638 2025 1859 2102 οχολαστικοῡ
1884 2022 2061 2103 Ἐμισηνοῦ
2081 2049 2110 2088 κ.
2133 2047 2161 2089 τ.
2185 2031 2209 2090 ἑ.

338 2126 424 2208 Qae
455 2127 504 2192 sie
531 2126 669 2210 legenda
714 2131 804 2194 sunit
835 2127 937 2190 τίτλοι
962 2127 1027 2190 τῶν
1058 2127 1179 2210 νεαρῶν
1210 2120 1386 2202 διατάξεων
1412 2125 1642 2202 ὲαινοηθέντες
1667 2121 1728 2190 ὑπὸ
1755 2121 1964 2192 ³Adaoaoioo
1989 2127 2211 2204 σχολαστιαοῶ

213 2249 224 2262 .
333 2225 545 2308 Ἐμισηνοῐια
560 2251 587 2290 τ.
601 2233 625 2292 i.
672 2227 762 2294 ldem
787 2223 902 2292 Codex
922 2224 976 2290 fol.
1007 2221 1043 2289 9.
1065 2224 1105 2290 Β.
1121 2229 1171 2292 ἐπὶ
1192 2222 1288 2306 τὸμὴ
1314 2232 1342 2307 μ’
1361 2227 1426 2289 τῶν
1445 2226 1568 2310 νεαρῆς
1597 2228 1651 2298 {03
1671 2217 1762 2290 ὃιαθ,
1785 2219 1879 2291 1,pr
1899 2219 1925 2290 ,t
1946 2218 2084 2310 mmm*
2108 2223 2212 2308 ,amp

337 2330 400 2392 τῶν
426 2324 566 2392 ἑκάστου
586 2349 675 2411 παρα
686 2317 711 2392 τι
722 2325 748 2392 τι
778 2325 983 2392 Ἀθανασίον
1004 2329 1072 2412 oxl',
1092 2323 1265 2408 Ἐμισηνοῦ
1286 2347 1315 2390 κ.
1338 2349 1365 2390 τ.
1388 2332 1412 2390 t.
1458 2324 1621 2406 Quae'sic
1650 2326 1840 2411 corrigenda
1868 2327 2038 2396 videntur:
2076 2327 2210 2410 ἐπιτομὴ

332 2430 396 2494 τῶν
416 2425 497 2510 μετὰ
530 2425 586 2492 τὸν
608 2426 730 2494 aeliane
748 2429 869 2512 νεαρῶν
891 2424 1066 2506 διατάξεων
1097 2426 1185 2492 κατὰ
1205 2430 1333 2502 τίτλονς
1353 2433 1543 2509 συγκειμένη
1563 2425 1645 2511 μετα
1666 2431 1722 2494 καὶ
1744 2431 1808 2493 τῶν
1835 2427 1976 2495 ἑκάστου
1997 2431 2205 2517 ααρατίτλων

333 2527 540 2614 Ἀδανασίου
562 2531 781 2607 σχολαστικοῡ
798 2525 973 2608 Ἐμιοηνοῑι
993 2551 1021 2592 ιι.
1044 2552 1072 2592 τ.
1092 2533 1119 2591 t.
1177 2529 1352 2612 Utriusque
1373 2526 1611 2594 emendationis
1633 2549 1773 2596 caussae
1795 2528 2000 2615 adlegendae
2030 2537 2106 2596 sunt
2127 2531 2210 2596 satis

336 2628 484 2696 idoneae.
529 2629 580 2695 Ae
605 2629 740 2714 primum
761 2627 887 2716 quidem
906 2630 1044 2694 inbrenti
1068 2629 1182 2716 cunique
1207 2630 1240 2694 iu
1257 2647 1316 2716 ea,
1336 2647 1420 2714 quae
1440 2629 1475 2694 in
1487 2647 1545 2716 eo,
1572 2649 1667 2716 quem
1688 2627 1833 2717 edimus,
1853 2631 1933 2696 libro
1954 2632 2132 2721 hahentur,
2152 2633 2207 2698 ni-

336 2731 383 2798 hil
412 2731 578 2818 quicquam
608 2737 770 2818 occurret,
801 2731 864 2796 nisi
895 2728 1075 2796 lastiniani
1099 2729 1287 2817 latinique
1316 2730 1477 2796 Novellae
1498 2731 1758 2797 constitutiones.
1822 2731 1953 2800 Deinde
1974 2735 2058 2798 satis
2079 2740 2208 2798 constet

336 2831 519 2898 incitatore·
550 2829 682 2898 Codicis
705 2833 823 2898 nullam
842 2833 940 2919 plane
961 2833 994 2898 in
1020 2851 1060 2899 eo
1083 2851 1182 2918 opere
1211 2831 1323 2898 haberi
1344 2825 1519 2917 rationem,
1553 2831 1626 2920 nisi,
1648 2832 1701 2897 uhi
1728 2833 1800 2898 eius
1821 2833 1894 2918 libri
1921 2835 2042 2902 mentio
2071 2833 2208 2919 aliquam

340 2933 459 3004 auocat
472 2933 589 2998 vinae
603 2939 799 3018 potestatem
819 2934 852 3000 in
872 2933 1049 3002 Iustiniani
1075 2933 1225 3000 Novellis
1250 2941 1285 3000 et
1304 2933 1508 3020 explicandis
1532 2938 1567 3000 et
1587 2933 1797 2999 illustrandis.
1839 2933 1943 3001 Porro
1966 2936 2000 3000 in
2017 2936 2069 3002 his
2100 2929 2133 3018 μτ
2144 2937 2208 3000 τῶν

337 3037 457 3120 νεαρῶν
492 3032 553 3106 c‘o't.
582 3023 672 3100 daei.
716 3036 862 3121 numquis
888 3054 952 3100 non
982 3035 1096 3102 videat
1121 3035 1226 3102 latere
1262 3035 1323 3102 hoc
1356 3035 1487 3102 dicendi
1514 3051 1618 3118 genus
1649 3035 1713 3099 τῶν
1740 3031 1822 3115 μετὰ
1853 3031 1910 3100 τὸν
1938 3033 2061 3102 measa
2087 3039 2208 3122 νεαρῶν

337 3133 526 3214 διατάξειν,
549 3138 589 3202 ab
611 3137 766 3224 imperitis
795 3137 905 3202 harum
925 3156 1031 3206 rerum
1052 3137 1168 3202 scribis
1189 3137 1331 3203 librariis
1352 3138 1466 3202 mirum
1494 3137 1527 3200 in
1553 3136 1679 3202 modum
1707 3140 1891 3220 corruptum
1913 3142 1947 3202 et
1968 3129 2207 3222 depravatum?

339 3239 441 3324 Atqui
462 3239 523 3304 heo
559 3237 672 3304 eadem
693 3236 819 3304 dicendi
840 3237 942 3304 forma
962 3239 995 3303 in
1016 3236 1187 3302 lusbniani
1213 3235 1364 3303 Novellis
1386 3235 1596 3320 designandis
1617 3235 1940 3323 demonstrandisque
1967 3239 2102 3304 istorum
2123 3245 2209 3304 tem-

339 3361 450 3430 porum
471 3339 616 3404 homines
641 3340 691 3403 usi
712 3357 788 3406 ease
809 3340 1066 3425 reperiuntur4).
1110 3337 1231 3404 Verum
1252 3337 1333 3404 haee
1346 3346 1417 3403 utut
1436 3346 1522 3426 sunt,
1542 3337 1619 3404 illud
1640 3338 1749 3402 statim
1762 3343 1899 3422 apparet
1919 3341 2069 3418 ἐπιτομῆς
2090 3359 2207 3406 nomen

341 3435 532 3512 mnostrum
546 3439 752 3506 Novellamm
772 3440 887 3526 librum
908 3442 992 3508 satis
1012 3441 1198 3506 convenire.
1241 3437 1358 3524 Neque
1378 3439 1465 3504 enim
1485 3439 1633 3522 integrae
1660 3437 1909 3525 uniuscuiusque
1935 3440 2020 3505 tituli
2043 3441 2205 3506 Novellae

340 3542 534 3625 recitantur,
561 3539 621 3606 sed
641 3529 741 3624 primo
762 3540 889 3627 quidem
906 3541 976 3608 loco
989 3540 1194 3626 imperatoris
1207 3541 1326 3605 mentio
1339 3539 1391 3628 tit,
1413 3541 1466 3626 qui
1481 3538 1655 3606 Nouellum
1669 3537 1773 3624 legem
1787 3541 1950 3632 emiserit,
1971 3541 2207 3626 deindemagi-

335 3649 462 3712 atratus
475 3641 664 3722 nominatur,
684 3640 726 3708 ad
739 3661 832 3728 quern
846 3641 923 3707 data
937 3644 999 3733 sitq
1021 3646 1306 3706 commemorantur
1319 3641 1417 3706 etiam
1431 3659 1472 3704 ea
1483 3641 1595 3726 verbu,
1608 3659 1628 3704 a
1643 3642 1756 3725 quihus
1770 3641 1843 3727 ipsa
1857 3643 2043 3708 constitutio
2056 3643 2207 3728 incipiat3

337 3749 404 3808 tum
425 3741 573 3825 singulae
586 3741 655 3806 eius
676 3739 760 3826 legia
782 3745 978 3830 sententiae,
999 3744 1113 3828 quihus
1127 3761 1245 3806 novum
1264 3741 1384 3828 aliquid
1406 3742 1569 3829 statuitur,
1589 3741 1786 3830 referuntur,
1808 3749 1875 3807 tum
1890 3743 2039 3832 denique,
2063 3741 2203 3830 quadie,

335 3862 462 3929 quoque
482 3842 615 3908 consule
634 3841 711 3906 data
725 3843 779 3930 sit,
799 3843 931 3910 disertis
947 3844 1058 3910 verbis
1078 3843 1277 3928 exprimitur.
1321 3841 1414 3924 Quae
1428 3839 1556 3928 quidem
1570 3843 1698 3926 singula
1712 3843 1784 3928 quis
1800 3864 1863 3910 non
1875 3845 1987 3912 videet
2001 3846 2035 3910 in
2056 3845 2204 3924 ἐπιτομῆς

257 3952 279 3994 ¹·
336 3946 499 4020 notionem
533 3934 670 4010 venire?
713 3981 757 3998 --
777 3945 886 4010 Alium
908 3945 1011 4012 nostri
1040 3945 1111 4010 libri
1138 3943 1264 4010 titulum
1292 3943 1435 4030 praefert
1463 3941 1578 4010 Codex
1605 3944 1815 4010 Monacensis
1823 3994 1832 4032 ,
1859 3946 1915 4031 qui
1943 3948 2028 4011 inter
2056 3944 2204 4010 Graecos

121 4077 125 4092 ·
244 4104 255 4129 ,
335 4043 695 4130 Regiaehibliothecae
726 4045 823 4114 lihros
843 4048 1080 4133 manuscriptas
1101 4043 1196 4112 bodie
1219 4064 1351 4112 numero
1374 4043 1465 4111 380.
1494 4047 1643 4130 signatus
1665 4051 1729 4111 est.
1771 4044 1830 4112 Sic
1852 4048 1936 4112 enim
1957 4046 2055 4112 babet
2085 4045 2139 4111 iol.
2162 4042 2200 4109 4.

194 4178 206 4210 ι
335 4147 394 4215 B.:
420 4148 525 4230 ἔτερος
545 4144 641 4226 αι’ναξ
661 4147 725 4211 τῶν
747 4143 986 4213 ὑποτιτλῶοεων
1012 4145 1220 4214 :leuceoron
1241 4150 1459 4225 σχολαστινοῡ
1479 4153 1516 4213 ἐκ
1536 4149 1600 4212 τῶν
1619 4144 1702 4230 μετὰ
1723 4145 1780 4211 τὸν
1800 4143 1924 4212 κῶδικα
1944 4147 2065 4231 νεαρῶν
2089 4144 2201 4210 διατα-

334 4245 413 4328 ξεων
434 4253 467 4312 to
488 4249 572 4331 τρισὶ
598 4249 717 4324 artiore
737 4249 936 4334 διῃρημένος,
967 4253 1024 4315 καὶ
1045 4247 1087 4314 τα
1108 4245 1300 4330 ὑποκείμενα
1330 4246 1477 4328 καθεξῆς
1504 4245 1674 4334 κεφαλαια
1700 4249 1764 4311 τῶν
1784 4253 1928 4329 νομίμων
1949 4250 2013 4312 τῶν
2034 4253 2204 4331 εἰρημένων

185 4381 191 4392 ·
239 4399 246 4415 .
334 4349 450 4414 τίτλον
476 4350 532 4412 καὶ
559 4351 774 4432 παρατίτλων.
824 4349 899 4414 Vox
921 4347 1130 4424 ὑποτίτλωοις
1156 4349 1325 4414 aliusnon
1350 4349 1485 4437 legitur,
1523 4347 1584 4415 sed
1613 4369 1674 4434 per
1699 4349 1829 4433 liuguae
1851 4348 2001 4415 Graecae
2023 4348 2203 4434 analogiam

335 4449 415 4522 nihil
434 4447 520 4514 aliud
544 4447 716 4533 designare
738 4455 865 4537 potest,
892 4451 956 4516 nisi
979 4455 1091 4517 certae
1114 4451 1167 4514 rei
1186 4448 1246 4514 aab
1270 4453 1372 4516 certia
1393 4451 1498 4516 111ιι11ι
1519 4447 1790 4514 αιίἱηίὸαἱίωιενι.
1833 4447 1960 4514 Eodem
1980 4450 2078 4536 plene
2098 4448 2203 4537 modo,

336 4569 398 4636 quo
414 4547 501 4636 apud
521 4549 645 4621 mediae
674 4548 872 4616 Graecitatis
902 4553 1081 4636 scriptores
1109 4549 1192 4616 haec
1215 4549 1417 4616 dictasunt:
1450 4549 1688 4637 inaestimata,
1729 4547 1902 4629 ὑπόπτοις,
1936 4550 2064 4616 similia.
2109 4547 2201 4631 Quae

336 4671 407 4716 cum
428 4651 475 4716 ita
496 4651 581 4738 sint,
602 4651 663 4726 hec
685 4650 813 4716 dicendi
833 4669 954 4735 genere
976 4651 1053 4717 nihil
1075 4651 1160 4718 aliud
1182 4651 1359 4735 significari
1380 4652 1529 4742 arbitror,
1551 4671 1645 4739 quam
1666 4649 1715 4740 id,
1735 4651 1820 4738 quod
1838 4671 1937 4738 supra
1958 4671 2002 4718 ex
2015 4652 2200 4718 coniectura

335 4752 369 4816 in
390 4749 511 4818 Codice
537 4752 716 4818 Parisiensi
743 4751 857 4818 1381.
886 4752 1102 4840 reposuimus:
1146 4756 1249 4819 τίτλοι
1274 4755 1338 4818 τῶν
1364 4754 1486 4840 νεαρῶν
1514 4751 1690 4832 διατάξειν
1715 4753 1940 4831 cneocaesarea
1969 4749 2030 4817 ὑπὸ
2051 4748 2200 4818 Ἀθανα-

334 4857 408 4918 ac'ov
428 4855 646 4931 σχολαστικοὺ
665 4850 848 4934 Ἐμισηνοῑι

417 4953 474 5022 Ex
494 4954 547 5023 bis
569 4955 670 5022 tribus
697 4955 800 5020 nostri
828 4954 900 5020 libri
937 4953 1056 5042 titulis,
1087 4971 1219 5040 quorum
1245 4954 1358 5030 adbuc¹
1376 4955 1570 5026 mentionem
1589 4955 1741 5042 fecimus,
1765 4955 1795 5020 si
1831 4971 2042 5040 quaeramus,
2074 4953 2201 5040 quinam

334 5054 537 5142 potissimum
564 5057 727 5142 antiquam
760 5075 893 5142 eamque
919 5056 1094 5140 genuinam
1121 5053 1296 5124 Athanasii
1325 5073 1451 5124 manum
1477 5056 1616 5144 referat,
1645 5075 1708 5126 uon
1729 5054 1969 5122 deliberandum
1998 5054 2201 5141 arbitramur,

336 5155 397 5222 sed
419 5175 507 5242 eum,
535 5179 630 5244 quern
652 5157 796 5222 secundo
818 5157 889 5222 loco
911 5157 1021 5242 posui,
1049 5175 1108 5252 pro
1136 5175 1216 5223 vero
1237 5155 1488 5241 agnoscendum.
1531 5159 1617 5244 Nam
1638 5165 1673 5224 et
1694 5158 1843 5239 ἐπιτομῆς
1863 5173 1979 5221 nomeu
2003 5173 2074 5221 cum
2095 5160 2199 5223 nostri

211 5323 215 5334 ,
337 5257 407 5328 libri
428 5258 554 5324 ratione
580 5259 698 5346 optime
720 5247 882 5342 congruit,
910 5264 1064 5334 etvetus
1086 5264 1140 5324 est
1161 5257 1415 5343 pervulgatoque
1437 5260 1613 5326 scribarum
1635 5260 1831 5326 librariorum
1856 5259 1956 5342 ratio,
1978 5257 2069 5324 linita
2094 5259 2200 5344 alique

336 5361 405 5430 etus·
430 5357 516 5444 libri,
542 5347 604 5445 qui
620 5359 852 5426 describendus
874 5359 914 5428 iis
928 5355 1025 5424 datus
1054 5357 1129 5447 fuit,
1159 5358 1231 5430 libri
1251 5357 1426 5447 particula,
1456 5363 1566 5428 statim
1584 5367 1682 5427 totum
1715 5361 1786 5426 libri
1808 5359 1932 5425 titulum
1944 5357 2133 5425 subiiciendi
2149 5355 2196 5444 ὅ).

337 5585 748 5600 *οι-Ἥ

404 5711 432 5766 1)
456 5713 485 5759 i..
504 5711 524 5759 l.
543 5713 569 5772 S,
587 5713 613 5761 1.
631 5715 664 5762 Ι).
683 5715 728 5769 50.
747 5715 793 5770 to.
832 5711 912 5779 „Sed
936 5715 964 5762 et
984 5713 1127 5764 Emisenae
1149 5713 1255 5764 ciuitati
1272 5713 1418 5764 Phoenices
1435 5713 1587 5777 imperator
1604 5715 1697 5763 noster
1721 5713 1764 5762 ius
1786 5713 1910 5765 colonica
1930 5714 2005 5764 dedit
2013 5709 2048 5774 ‚“
2075 5713 2119 5763 ubi
2136 5713 2198 5762 vido

337 5795 438 5844 Antoni
461 5797 614 5860 serarianas
637 5789 726 5849 notaui
749 5800 791 5848 ed.
813 5797 1020 5863 smotlmbarpt
1051 5803 1115 5847 tom.
1131 5795 1193 5847 Vll.
1217 5811 1242 5860 p.
1259 5797 1322 5850 oie.
1362 5796 1391 5859 2)
1408 5795 1439 5846 In
1455 5799 1578 5846 doctrina
1595 5809 1759 5846 nummorum
1781 5802 1844 5848 torn.
1861 5796 1908 5846 111.
1933 5809 1957 5858 p.
1974 5797 2037 5847 1110.
2073 5794 2102 5859 8)
2127 5797 2196 5846 Vide

242 5947 245 5956 ι
338 5875 482 5930 Claudium
506 5879 673 5930 Satraaatam
697 5885 723 5930 tn
746 5881 982 5940 exercitationibus
1000 5881 1128 5932 Pliniants
1152 5895 1176 5944 p.
1194 5881 1257 5932 470.
1275 5884 1302 5930 B.
1344 5881 1375 5941 4)
1392 5881 1459 5932 Vide
1476 5884 1583 5932 Bleneri
1605 5881 1712 5930 librum:
1747 5881 1796 5930 llic
1818 5879 1975 5928 Gescbichte
1999 5880 2048 5928 der
2064 5879 2195 5932 Novellae

335 5965 481 6016 laminiana
498 5977 522 6028 p.
541 5963 582 6013 ³6.
602 5976 657 6026 seq.
692 5963 721 6024 e)
737 5965 805 6022 Vide
823 5951 984 6016 oerndruum
1002 5967 1233 6018 Moutetatconrum
1249 5965 1469 6030 palaeographicae
1487 5967 1608 6017 Graecae
1633 5966 1677 6015 lib.
1695 5963 1791 6030 Lteap.
1810 5967 1836 6014 b.
1865 5977 1890 6025 p.
1909 5965 1954 6014 eo.
1972 5975 2028 6024 aeq.
