4784 7068
410 488 486 562 136
1110 480 1535 554 ΑΤΗΑΝΑΒΠ

407 685 507 759 αύτοῖς
533 678 678 766 γεγόνασιν
703 681 808 751 παῖδες.
850 673 924 756 dn)
955 674 984 736 a
1014 670 1081 754 γοιν)
1108 668 1185 746 έντύς
1211 676 1314 747 διετίας
1354 674 1484 734 incestas
1505 673 1624 748 nuptias
1644 673 1715 734 iusti
1736 672 1821 734 liberi
1841 671 1916 749 ipsis
1937 672 2040 752 agnati
2060 680 2140 732 sunt.
2181 672 2245 732 blu-

268 794 303 842 “,
408 769 524 838 λύσασα
550 765 600 832 τὸν
627 764 765 844 ἀθέμιτον
793 759 933 844 γάμονω)
963 757 1042 819 οὐδέν
1069 756 1245 840 ζημιοῦται.)
1268 758 1312 839 ¹³)
1353 761 1409 820 lier
1429 776 1510 835 vero,
1538 777 1613 832 quae
1633 761 1710 818 intra
1729 761 1879 818 biennium
1899 763 2029 818 incestas
2050 761 2168 832 nuptias
2190 759 2245 815 dis-

408 855 545 940 λαμβάνει
571 849 626 934 γάρ
652 846 703 928 τὴν
724 860 836 929 προῖκα.
869 840 943 925 μετά
969 845 1072 906 διετίαν
1094 838 1175 923 τίμὴ
1196 843 1311 923 λυθῇὁ
1354 845 1452 920 solvit,
1474 861 1532 902 non
1553 845 1689 918 punitur3
1711 847 1818 918 recipit
1838 846 1915 902 enim
1928 847 2032 906 dotem.
2073 849 2147 903 Post
2166 844 2246 902 bien-

406 943 554 1022 ἀθέμητος
577 937 617 1016 (v.
638 933 788 1013 ἀθέμιτας)
801 931 846 1009 ¹⁴)
868 925 971 1009 γάμος,
998 929 1045 988 καὶ
1066 923 1083 1007 ἡ
1105 925 1245 1007 προάξω)
1265 931 1311 990 καὶ
1354 931 1433 986 nium
1460 934 1573 1004 autem,
1601 931 1659 986 nisi
1686 931 1819 986 incestae
1846 931 1967 1003 nuptiae
1987 930 2102 988 solutae
2122 928 2197 1001 sint,
2221 935 2246 986 ct

407 1027 426 1110 ἡ
448 1023 597 1106 περιουσία
625 1023 677 1081 τοῦ
702 1013 806 1098 ἀνδρὸς
827 1007 973 1093 δημεύεται
994 1014 1041 1072 καί
1061 1014 1090 1072 ol
1107 1009 1248 1092 ἀθέμητοι
1270 1013 1312 1090 (v.
1353 1014 1406 1072 dos
1429 1020 1458 1072 et
1480 1015 1537 1070 virl
1557 1015 1724 1072 substantia
1744 1017 1950 1089 confiscantur,
1980 1020 2009 1072 et
2030 1013 2192 1072 incestuosi
2210 1012 2246 1068 li-

405 1107 554 1190 ἀθέμιτον)
565 1103 610 1184 1⁴³)
638 1105 737 1173 παῖδες
764 1099 947 1162 detentionem
973 1096 1015 1177 (r.
1035 1094 1246 1178 ἀποκλείονται)
1265 1097 1308 1174 ¹⁷)
1351 1097 1415 1156 beri
1443 1115 1462 1156 a
1490 1100 1679 1158 successione
1706 1099 1793 1172 plane
1821 1100 2027 1156 excluduntur.
2075 1099 2129 1158 Sin
2159 1101 2246 1153 autem

406 1201 459 1278 τῆς
479 1195 617 1272 διαδοχῆς.
659 1191 686 1250 εί
704 1186 734 1246 δύ
759 1186 827 1246 εἰσὶν
836 1181 880 1260 ¹⁸)
904 1176 1016 1261 γνήσιοι,
1038 1186 1088 1242 τοῦ
1109 1177 1246 1259 τετάρτου
1266 1185 1311 1261 δη-
1351 1183 1423 1240 insti
1449 1183 1535 1242 liberi
1556 1189 1642 1258 sunt,
1672 1191 1775 1256 quarta
1803 1185 2040 1254 personnarum
2069 1185 2247 1254 confiscatur,

404 1282 558 1363 μενομένου
578 1277 679 1354 μέρους
688 1269 743 1346 ¹⁰),
764 1264 801 1330 τά
820 1261 907 1328 λοιπά
926 1264 1006 1327 αὐτοὶ
1027 1267 1245 1345 κληρονομοῦσα
1254 1269 1311 1339 ²⁰),
1351 1268 1528 1340 reliquarum
1555 1273 1653 1326 autem
1681 1284 1776 1324 rerum
1804 1268 1864 1340 ipsi
1892 1269 2034 1326 haeredes
2062 1271 2152 1340 liunt,
2189 1265 2246 1322 dote

405 1370 456 1446 τῆς
476 1355 594 1440 προικὸς
613 1355 766 1418 κάνταῦθα
786 1347 842 1414 inb
864 1345 996 1448 δήμευσιν
1017 1347 1150 1430 ἀγομένης
1161 1349 1216 1426 ²¹).
1237 1349 1308 1428 ηἫ)
1353 1353 1440 1410 etiarn
1461 1354 1492 1410 in
1513 1353 1570 1410 hoo
1591 1368 1663 1408 casu
1679 1351 1880 1410 confiscationi
1897 1353 2089 1410 subiicienda.
2116 1354 2164 1409 lla
2176 1365 2247 1422 vero,

404 1447 445 1532 μὴ
472 1444 588 1510 λύσασα
613 1441 821 1525 ἐμπροθέσμως
836 1435 882 1513 ²³)
913 1456 963 1496 τον
991 1431 1129 1513 ἀθέμιτον
1156 1429 1245 1513 γάμον
1270 1440 1310 1496 ἐκ·
1352 1453 1427 1508 quae
1448 1438 1525 1496 intra
1547 1441 1661 1509 tempus
1682 1438 1886 1508 praestitutum
1899 1439 2037 1496 'incestas
2058 1437 2179 1508 nuptias
2197 1449 2247 1491 non

406 1534 572 1608 dictatorie
593 1520 717 1608 προικός.
752 1527 780 1584 ol
806 1518 993 1600 έξάπροίιιον
1014 1513 1144 1598 γυναικὸς
1164 1523 1311 1597 τεχθέντος
1352 1521 1499 1595 dissolvit,
1520 1521 1588 1578 dote
1610 1521 1729 1578 excidit.
1771 1521 1882 1594 Liberi,
1904 1523 1953 1592 qul
1976 1538 2014 1578 ex
2034 1519 2167 1578 indotata
2187 1536 2247 1575 mu-

404 1621 513 1689 παΐδες,
541 1609 601 1694 ἧτις
627 1604 749 1690 ἠδύνατο
778 1604 820 1682 (ν.
847 1599 984 1684 ἠδύνατο)
1010 1598 1127 1681 νόμιμον
1154 1599 1311 1676 συναλάξαι
1350 1606 1437 1678 llere,
1464 1621 1540 1678 quae
1568 1607 1662 1662 iustas
1690 1607 1809 1677 nurrtias
1838 1605 2009 1672 contrahere
2030 1609 2162 1678 poterat,
2192 1605 2249 1658 nati

407 1703 449 1782 (v.
477 1692 662 1770 συναλλάξαι)
696 1688 800 1774 γάμον,
839 1683 1004 1768 πωὴσειθθ)
1032 1680 1178 1766 προαςύων
1206 1689 1309 1768 συμβο·
1351 1695 1429 1764 sunt,
1450 1690 1635 1748 confectione
1654 1689 1911 1748 instrumentorum
1931 1691 2070 1747 dotalium
2088 1705 2141 1762 per
2160 1687 2250 1745 omnia

404 1791 492 1850 λαίων
512 1777 587 1846 ιιατύι
605 1777 701 1842 πάντα
720 1773 954 1856 γινέσθωσανῖῧ)
976 1766 1082 1853 γνήσιοι
1108 1773 1156 1831 καί
1181 1777 1238 1832 τῶν
1258 1793 1309 1850 φο·
1351 1777 1423 1832 fiant
1448 1776 1520 1832 iusti
1548 1779 1578 1831 et
1606 1781 1758 1847 pauentum
1787 1773 1938 1848 (suorum)
1967 1789 2171 1846 successores,
2199 1772 2249 1828 etsi

406 1867 517 1934 σάντων
538 1861 670 1944 διάδοχοι,
692 1866 719 1922 εί
736 1863 783 1921 καὶ
805 1856 834 1931 ἐξ
854 1861 954 1938 ἑτέρων
973 1860 1097 1936 νομίμων
1122 1850 1219 1935 γάμων
1240 1878 1309 1937 προ·
1353 1875 1392 1916 ex
1412 1858 1480 1916 aliis
1501 1859 1589 1916 iustis
1602 1861 1713 1931 nuptiis
1730 1860 1812 1932 prius
1834 1861 1895 1916 nati
1915 1859 2001 1916 liberi
2022 1859 2138 1926 adsunt.
2167 1859 2250 1915 Seri·

404 1951 578 2035 υπάρχουσιν
587 1951 633 2027 ²⁶)
645 1948 751 2018 παῖδες.
771 1936 883 2022 Ἐγρά.
904 1937 973 2021 πρὸ
995 1936 1046 2003 ιε’.
1067 1941 1214 2003 καλανδ.
1231 1937 1310 2004 'Ioc-
1349 1950 1405 2018 pta
1438 1949 1483 2002 eat
1515 1951 1586 2003 atate
1620 1945 1672 2003 15.
1701 1939 1851 2004 calendas
1879 1945 1978 2004 Iuliae
2005 1944 2154 2004 Beliaorio
2180 1957 2250 2002 eoo·

404 2043 494 2102 λίων
514 2035 674 2106 ύπατίας
702 2029 744 2109 (v.
772 2023 966 2103 ύπατείας)
992 2026 1226 2106 Βελισαρίου.
1350 2029 1423 2086 aule.

503 2218 602 2312 μέθ’)
653 2209 737 2316 περὶ
770 2215 844 2284 τῶν
873 2202 946 2310 πρὸ
977 2210 1052 2281 τῶν
1079 2205 1309 2305 συμβολαίων
1451 2205 1577 2287 Consi.
1604 2209 1640 2282 2.
1690 2209 1748 2284 De
1772 2184 1904 2303 liberis,
1938 2208 2101 2309 quiante
2125 2207 2251 2283 instm-

402 2317 642 2426 nnoradovffl)
666 2314 885 2410 τικτομένων
909 2307 1059 2384 παίδων.
1349 2317 1465 2384 menta
1492 2307 1623 2386 dotalia
1646 2323 1846 2386 nascuntur.
2160 2335 2166 2358 ·

267 2538 328 2582 reor.
346 2533 384 2582 ης,
484 2509 517 2574 ‘0
550 2501 639 2579 αὐτὸς
674 2497 805 2582 βασιλεύς
837 2493 951 2578 Ἰωάννη
978 2495 1093 2582 ἐπάρχῳ
1121 2503 1308 2580 πραιτωρίων.
1436 2499 1518 2556 Idem
1558 2498 1715 2570 imperator
1753 2500 1877 2558 Iohanni
1912 2503 2064 2575 praelecto
2099 2499 2251 2574 liraetorio.

391 2589 527 2660 Ἦλθεν
559 2597 611 2664 είς
647 2588 741 2670 ἡμᾶς
774 2579 1110 2664 ἀμφισβήτησινῖθ)
1137 2579 1307 2665 [ματαίαν
1348 2584 1487 2642 Peruenit
1516 2587 1559 2641 ad
1591 2599 1647 2642 nos
1681 2587 1895 2644 dubitationem
1934 2601 2044 2646 οσααοι
2079 2587 2253 2660 quibusdam

396 2679 553 2756 τισλνῧθ)
581 2667 818 2756 lanceatam).
1347 2669 1495 2729 incidisse.

481 2816 544 2878 Kal
570 2813 689 2893 γνησίων
717 2799 806 2871 ὄντων
834 2806 943 2865 παίδων
974 2805 1004 2862 da
1029 2803 1174 2883 προτέρων
1202 2797 1308 2884 γάμων,
1343 2837 1347 2844 ·
1432 2803 1473 2861 ut
1494 2802 1521 2859 si
1542 2801 1614 2860 iusti
1631 2801 1716 2860 liberi
1733 2818 1771 2860 ex
1784 2799 1881 2875 priore
1896 2804 2078 2864 matrimonio
2093 2809 2173 2880 sunt,
2194 2805 2253 2878 dos,

397 2896 472 2980 πρὸς
499 2896 551 2979 τὴν
579 2898 712 2975 δευτέραν
730 2884 855 2971 γαμετὴν
880 2891 1005 2968 γινομένη
1013 2885 1059 2966 ³²)
1081 2885 1167 2968 προῖξ
1186 2891 1309 2968 γνισίους
1350 2901 1425 2958 quae
1454 2904 1520 2944 cum
1548 2888 1678 2946 secunda
1706 2903 1797 2944 uxore
1819 2891 2022 2964 constituitur,
2051 2892 2163 2948 liberos
2192 2891 2254 2946 eius

398 2984 442 3063 (v.
453 2981 595 3064 γνησίους)
616 2978 752 3041 ἀποτελεῖ
764 2970 831 3046 τούς
852 2971 941 3052 αύτῆς
960 2974 1075 3044 παῖδας,
1097 2967 1163 3044 τούς
1183 2995 1215 3034 τε
1233 2971 1238 3054 Ι
1259 2971 1304 3049 ³³)
1349 2972 1499 3046 legitimos
1525 2973 1632 3046 reddit,
1659 2977 1718 3029 tam
1741 2987 1809 3046 eos,
1837 2975 1977 3044 quiante
2004 2975 2114 3032 dotalia
2140 2976 2255 3032 instra.

397 3065 456 3148 πρὸ
498 3072 554 3130 τῶν
582 3058 729 3144 προοιηύων
755 3061 802 3121 καί
829 3053 896 3129 τούς
922 3052 997 3135 μετά
1024 3060 1116 3118 ταῦτα
1144 3057 1307 3138 τεχθέντος.
1349 3063 1457 3130 menta,
1478 3073 1564 3130 quarn
1586 3073 1647 3130 eos,
1675 3058 1726 3129 qui
1746 3061 1814 3130 post
1834 3057 1909 3116 haec
1930 3059 1992 3116 nati
2012 3064 2091 3118 sunt
2133 3061 2256 3132 Scripta

395 3149 508 3234 Ἔγρά.
548 3145 690 3231 abbo)
724 3140 776 3206 ιε’.
810 3145 952 3204 καλανδ.
981 3139 1094 3221 Ἀπρζ
1121 3138 1211 3222 μετά
1245 3137 1308 3221 τὴν
1350 3145 1487 3199 estante
1508 3142 1558 3200 15.
1581 3143 1729 3202 Calendos
1747 3141 1868 3216 Apriles
1892 3149 1962 3217 μοεί
1983 3145 2175 3204 consulatum
2194 3145 2255 3204 Be-

404 3235 555 3300 ύπατίαν
577 3237 618 3316 (v.
640 3226 835 3306 ὑπατείαν)
865 3227 1098 3308 Βελισαρίου.
1349 3225 1455 3284 deurit.

499 3416 595 3513 7'·⁸⁵)
635 3423 720 3506 ταῖς
744 3409 922 3513 πρότερον
945 3409 1204 3506 γινομέναις11)
1229 3408 1307 3484 δια·
1359 3384 1363 3392 ’
1448 3405 1573 3484 Const
1599 3402 1635 3480 3.
1654 3385 1993 3485 ‘constitutionibus
2017 3408 2114 3510 prius
2139 3409 2256 3498 sactis,

398 3519 552 3610 τάξεσιν,
572 3527 656 3608 ταῖς
685 3514 920 3612 βουλομέναις
943 3504 1031 3602 τοὺς
1060 3508 1198 3602 νόθους
1221 3521 1308 3586 παῖ·
1348 3531 1436 3605 quae
1468 3508 1644 3582 naturales
1678 3509 1808 3584 liberos
1839 3509 2059 3584 confectione
2091 3508 2258 3585 dotalium

398 3625 468 3714 δας
476 3625 522 3701 ³¹)
555 3627 604 3726 τῇ
637 3613 782 3716 ποιήσει
812 3619 886 3688 τῶν
918 3609 1103 3714 προικηύων
1134 3610 1306 3705 γίνεσθαι
1346 3610 1648 3685 instrumentorum
1680 3611 1756 3684 fieri
1780 3611 1893 3686 iustos
1919 3611 2051 3706 volunt,
2084 3635 2258 3712 praeseus

292 3716 300 3729 '
398 3722 589 3823 γνησίους,
620 3715 785 3820 προστίθ
811 3739 869 3790 σιν
901 3713 1123 3816 ἡπαροῦσα
1148 3710 1307 3806 διάταξις
1349 3711 1552 3786 constitutio
1576 3710 1690 3810 aliqua
1715 3713 1831 3814 capita
1855 3709 1952 3788 addit
1978 3721 2014 3788 et
2039 3715 2186 3814 reliqua.

394 3825 551 3918 θέματα
559 3825 606 3901 ³⁸)
631 3811 715 3893 τινά
740 3744 809 3893 aad
826 3808 875 3890 τά
900 3816 989 3916 ἑξῆς.

267 4041 327 4083 μ’...
344 4035 386 4082 γη,
416 3997 419 4006 ’
484 4008 519 4074 Ὁ
539 4002 627 4110 αὐτὸς
647 4002 779 4088 βαοτλεύς
798 4009 840 4083 τῷ
861 4001 951 4079 αύτῷ.
989 4000 1130 4084 Ὀρθῶς
1156 4000 1311 4085 εἴρηται
1434 4001 1514 4059 Idem
1546 3999 1703 4074 imperator
1726 4001 1829 4060 eidem.
1886 4003 1978 4060 Recte
2004 4003 2116 4062 δι’σίαοε
2142 4013 2194 4066 est
2223 4009 2262 4066 ab

399 4107 478 4168 τοῖς
498 4117 568 4176 προ
597 4093 699 4174 ἡμῶν.
1349 4085 1401 4164 oa,
1422 4088 1475 4162 qui
1495 4091 1566 4144 aute
1586 4102 1651 4144 noa.

483 4227 517 4294 ‘O
542 4225 581 4308 μὴ
609 4225 679 4308 ἔχων
705 4229 819 4308 γνησίαν
849 4219 947 4306 γονάν,
978 4227 1006 4286 εἰ
1027 4218 1160 4304 βούλεται
1169 4221 1213 4296 39)
1243 4215 1310 4294 τούς
1434 4221 1476 4295 Is,
1498 4221 1548 4293 qui
1569 4222 1729 4296 legitimam
1751 4221 1879 4280 sobolem
1901 4237 1959 4278 nou
1982 4223 2085 4296 babet,
2114 4219 2141 4282 si
2166 4231 2262 4284 natu.

398 4308 510 4386 ’νόθους
543 4311 632 4374 αὑτοῦ
661 4315 767 4382 παῖδας
800 4313 928 4391 γνησίους
960 4314 1094 4386 ποιῆσαι,
1134 4305 1310 4386 ἀποστρέφει
1351 4305 1430 4362 rales
1451 4321 1522 4362 suos
1542 4306 1651 4363 liberos
1671 4307 1765 4364 iustos
1786 4307 1907 4363 reddere
1928 4306 2009 4380 velit,
2031 4315 2190 4368 aversetur
2203 4328 2265 4370 au-

400 4397 502 4476 ταιΜ)
525 4397 556 4458 δὲ
576 4392 628 4476 τὴν
653 4391 760 4458 τούτων
781 4399 887 4475 μητέρα
910 4397 975 4474 περὶ
995 4389 1046 4471 τὴν
1066 4394 1161 4471 κοίτην
1182 4387 1252 4470 [τὴν]
1262 4389 1309 4472 ⁴¹)
1352 4395 1412 4448 tem
1433 4391 1536 4447 horum
1555 4395 1685 4464 matrem,
1707 4392 1814 4464 quippe
1836 4406 1911 4462 quae
1932 4391 2046 4448 thorum
2067 4393 2166 4464 ipsius
2191 4398 2264 4454 vio-

402 4477 667 4566 acepsimam)
692 4479 741 4560 την
765 4479 862 4550 αὐτοῦ,
884 4474 902 4556 ἢ
923 4480 970 4538 καὶ
991 4475 1025 4538 ού
1046 4471 1163 4537 δύναται
1183 4481 1311 4556 προαῷα
1352 4475 1470 4550 laverit,
1481 4475 1627 4532 autetiam
1641 4475 1834 4534 instrumenta
1845 4475 1954 4532 dotalia
1967 4491 2077 4533 cumea
2088 4479 2267 4540 tacereuou

401 4566 575 4646 ποιῆσαιδῧ)
597 4561 672 4647 πρὸς
690 4559 786 4644 αὐτήν,
807 4566 854 4624 καὶ
875 4556 921 4622 διά
942 4556 1050 4622 τούτων
1066 4557 1100 4622 τὸ
1120 4555 1232 4640 γνήσιον
1249 4563 1311 4622 δοῦ·
1353 4561 1457 4632 possit,
1480 4563 1510 4615 et
1526 4560 1582 4616 hoc
1601 4558 1718 4634 (ruodo)
1740 4561 1805 4618 iura
1819 4561 1961 4617 iustorum
1981 4561 2140 4618 liberorum
2153 4565 2267 4622 liberis

402 4651 503 4731 ναι11)
526 4664 586 4722 τοῖς
607 4652 706 4711 παισὶν
728 4645 852 4727 [διά]“)
874 4641 907 4706 τὸ
930 4644 1000 4716 ἴσως
1020 4642 1310 4725 προτελευτῆσαιαύ·
1352 4645 1516 4715 impertire,
1544 4645 1672 4701 fortasse
1699 4643 1810 4719 (quod)
1837 4661 1873 4700 ea
1892 4645 2104 4716 praedefuncta
2124 4649 2177 4724 sit,
2211 4655 2268 4706 ant

402 4735 467 4816 τήν,
496 4733 704 4816 ι’)ίερωθῆναι,
733 4729 751 4812 ἢ
779 4727 835 4793 bal
863 4752 937 4801 τινος
958 4727 1105 4810 εἴργεσθαι
1113 4727 1160 4806 ⁴⁶)
1183 4725 1309 4808 νόμουῆ
1352 4733 1540 4801 consecrata,
1568 4733 1620 4784 aut
1646 4729 1683 4786 ab
1711 4731 1811 4802 aliqua
1836 4729 1905 4804 lege
1932 4729 2133 4803 prohibeatur,
2164 4739 2225 4790 aut
2249 4750 2269 4788 a

402 4817 460 4884 ύπό
489 4825 547 4882 τάν
573 4821 681 4880 παίδων
707 4812 963 4898 ἀποκρύπτεσθαι,
990 4812 1035 4877 ἵνα
1061 4810 1157 4896 abu)
1179 4818 1310 4894 γένωνται
1350 4812 1453 4869 liberis
1480 4813 1691 4888 abscondatur,
1718 4821 1752 4871 ut
1779 4814 1909 4887 {rorentis
1934 4814 2073 4886 potestati
2098 4831 2137 4872 ne
2158 4817 2268 4875 subii-

475 5102 521 5169 11)
537 5105 590 5156 Pro
609 5099 626 5170 ἦ
644 5101 737 5154 Codex
753 5102 830 5152 habat
846 5095 872 5164 ἦ.
939 5096 987 5163 12)
1009 5099 1098 5150 Verba
1114 5093 1216 5166 γνήσιοι
1231 5092 1323 5155 αὐτοῖς
1339 5110 1422 5161 usqne
1438 5097 1470 5147 ad
1487 5093 1589 5146 λύσασα
1611 5091 1658 5146 τὸν
1679 5089 1810 5158 ἀθέμιτον
1831 5091 1916 5158 γάμον
1936 5097 1965 5148 lu
1985 5095 2083 5148 Codice
2099 5095 2135 5149 X.
2153 5099 2273 5152 desunt.

404 5171 751 5238 13)1αοῑη111ο1.113.3.
853 5163 899 5233 11)
916 5167 1008 5218 Codex
1024 5165 1166 5232 ἀθίμττος.
1269 5164 1316 5229 lb)
1338 5165 1430 5216 Codex
1446 5165 1482 5216 X.
1504 5161 1529 5212 εἰ
1549 5163 1578 5214 δὲ
1599 5159 1634 5231 μὴ
1657 5161 1744 5229 ἐλύθη
1765 5159 1877 5227 trenas
1893 5159 1907 5214 ἀ
1924 5161 2053 5224 ἀθέμιτας
2073 5165 2117 5214 ul
2135 5160 2153 5232 ἦ
2173 5168 2272 5238 προῖξ,

405 5243 452 5302 lo)
470 5241 562 5292 Codex
577 5241 612 5290 X.
630 5235 767 5298 ἀθίμιτοι.
842 5233 886 5298 17)
903 5235 995 5286 Codex
1011 5235 1047 5286 X.
1063 5231 1256 5285 ἀποκλείονται.
1332 5231 1374 5296 ts)
1391 5233 1483 5284 Codex
1499 5231 1532 5281 X.
1551 5233 1629 5282 babet
1646 5229 1670 5282 εἰ
1686 5231 1714 5280 δέ
1730 5228 1789 5282 εἰσι.
1866 5229 1910 5294 13)
1928 5233 1988 5282 Vox
2004 5233 2098 5301 μέρους
2112 5236 2141 5281 lu
2159 5233 2273 5286 Codice

404 5311 440 5362 Χ.
458 5309 543 5358 deest,
615 5304 664 5371 20)
680 5305 772 5357 Codex
789 5303 825 5354 x.
843 5303 1038 5372 κληρονομοῦσι.
1108 5301 1156 5367 21)
1173 5302 1315 5352 Provoca
1331 5297 1457 5365 ἀγομένης
1473 5299 1566 5350 Codex
1581 5299 1615 5350 X.
1634 5299 1712 5350 babet
1726 5299 1868 5364 γενομένης.
1944 5296 1992 5362 22)
2008 5300 2062 5350 Ρτο
2082 5313 2151 5350 roca
2169 5297 2192 5368 ἦ
2212 5305 2278 5354 Co·

405 5379 458 5426 dex
474 5369 585 5442 habeta?
602 5373 661 5444 γάρ.
762 5369 810 5435 23)
826 5370 916 5423 Codex
932 5369 1127 5440 έμπροθέομονς.
1228 5367 1277 5431 24)
1301 5368 1355 5418 Pro
1372 5367 1476 5432 ποιησει
1493 5367 1586 5416 Codex
1602 5369 1681 5418 habet
1697 5363 1801 5433 ποιήσῃ.
1903 5361 1951 5429 23)
1974 5365 2068 5418 Codex
2083 5371 2275 5432 γινιτθωσαν.

405 5442 454 5508 23)
471 5443 564 5495 Codex
578 5438 632 5512 πρὸ
647 5436 819 5511 ὑπάρχουσιν.
886 5436 933 5503 27)
949 5440 991 5488 Ad
1007 5439 1153 5500 marglneau
1169 5431 1220 5486 ιθ’.
1287 5433 1334 5498 28)
1351 5435 1442 5486 Codex
1458 5431 1597 5503 προίτάιιν.
1666 5430 1713 5496 23)
1729 5433 1821 5484 Codex
1837 5429 2033 5500 ἀμαισβὴτηοις.
2103 5431 2149 5498 oo)
2168 5435 2278 5488 Codex

404 5527 485 5562 τισιν.
552 5507 599 5574 31)
616 5510 669 5560 Pro
686 5507 806 5570 έμπεοεῖν
822 5505 915 5558 Codex
931 5507 1009 5555 babet
1031 5503 1160 5566 ίγποιιοιν.
1232 5501 1280 5565 32)
1298 5502 1389 5554 Codex
1404 5505 1547 5566 γινομένην.
1593 5547 1597 5553 ,
1619 5501 1664 5560 33)
1681 5501 1775 5562 lucana
1790 5501 1836 5551 tol.
1853 5499 1915 5552 tao.
1933 5503 1965 5552 Δ.
2037 5497 2205 5564 adcelera
2224 5507 2280 5554 bs·

405 5581 450 5631 bet
465 5594 527 5648 προ.
595 5573 642 5640 ob)
658 5577 699 5626 Ad
715 5579 862 5640 marginem
878 5573 985 5624 Codtels
1002 5569 1050 5620 οδ.
1123 5567 1170 5630 oo)
1186 5571 1338 5634 degendum
1354 5571 1510 5632 γενομέναις.
1586 5565 1632 5629 31)
1649 5567 1740 5617 Codex
1755 5567 1861 5626 παιδος.
1944 5570 1991 5628 38)
2006 5567 2060 5619 Pro
2076 5571 2193 5630 θέματα
2213 5571 2280 5624 co.

404 5648 458 5698 dex
473 5647 553 5696 babet
567 5645 680 5705 μίματα.
748 5641 795 5706 33)
811 5641 863 5692 Pro
882 5638 906 5690 εἰ
921 5639 1043 5704 βούλεται
1058 5635 1149 5688 Codex
1166 5633 1182 5702 ἢ
1199 5637 1321 5701 βούλεται
1338 5639 1425 5688 habet.
1492 5633 1540 5698 40)
1550 5634 1642 5684 Codex
1658 5632 1858 5704 ἀποστριφετωι.
1925 5633 1974 5698 41)
1990 5637 2051 5688 Vox
2066 5632 2116 5702 τὴν
2131 5639 2192 5690 boo
2207 5639 2279 5692 lom

404 5715 473 5765 lerrl
487 5726 542 5764 non
559 5717 657 5775 μοοετι.
688 5711 801 5762 Videtur
817 5719 903 5760 nutem
920 5720 955 5758 ex
972 5717 1040 5756 voca
1057 5704 1145 5768 κοίτην
1162 5705 1231 5754 mate
1247 5719 1311 5756 esse
1326 5705 1423 5756 efficta
1490 5701 1537 5762 12)
1554 5702 1646 5753 Codex
1663 5697 1858 5772 ἀμαρτηοασαν.
1932 5701 1980 5767 43)
2001 5705 2055 5755 Pro
2072 5705 2167 5756 verbis
2184 5719 2281 5777 κρω-

405 5783 460 5846 urba
475 5782 586 5847 ποιῆσαι
602 5779 693 5830 Codex
709 5779 788 5828 babet
802 5773 919 5846 προιιώιμ
934 5771 1071 5837 ἀποιηοοιι.
1156 5767 1205 5835 14)
1221 5773 1275 5824 Ρτο
1292 5772 1382 5822 δοῦναι
1400 5772 1492 5822 Codex
1508 5767 1619 5819 δύναται
1635 5769 1722 5820 babet.
1805 5767 1855 5834 43)
1871 5769 1933 5822 Vox
1949 5767 1995 5821 διά
2010 5775 2038 5822 ln
2056 5769 2155 5824 Codice
2175 5775 2279 5826 dour.

403 5848 451 5911 ao)
467 5847 521 5900 Pro
538 5846 675 5917 εἴργεσθαι
691 5845 784 5896 codex
801 5847 880 5894 liabeo
896 5839 1034 5912 ἥργισθπι.
1103 5836 1150 5902 47)
1166 5839 1220 5890 Pro
1237 5835 1282 5889 ἵνα
1296 5835 1333 5904 μὴ
1351 5839 1441 5890 Codex
1459 5839 1536 5888 lreabet
1547 5834 1617 5886 ”bra
1633 5855 1678 5900 μη.
