4802 7060
854 585 1092 660 CAPUT
1156 593 1207 661 ll.
1646 559 1649 566 ι
1917 623 2022 670 xxxix

140 775 299 844 hliotheca
329 771 494 842 Caesarea
516 776 755 842 commentariis
782 777 862 844 nihil
890 784 1022 866 praeter
1043 779 1147 845 nostri
1170 779 1242 844 libri
1265 777 1387 846 titulum
1409 779 1596 868 initiumque
1618 781 1741 868 primae
1772 787 2015 856 constitutionis

140 878 284 965 prolerre
305 877 454 944 voluerit.
498 877 623 943 Postea
636 876 802 944 Posiniua
824 881 978 958 surrexit,
1002 882 1057 967 qui
1079 882 1111 946 in
1134 879 1300 948 codicibus
1322 882 1550 967 manuscriptis
1572 882 1792 952 bibliothecae
1815 889 1897 972 regii
1921 891 2013 956 Tau·

140 979 281 1044 rinensis
302 979 485 1056 Athenaei,
514 997 595 1064 quos
617 998 702 1044 anno
735 976 840 1045 1749
869 981 1035 1065 vulgavit,
1066 989 1139 1048 tom.
1172 979 1199 1044 l.
1223 1001 1296 1066 pag.
1325 980 1552 1048 tol-1⁰5.
1582 1003 1625 1049 ex
1647 984 1761 1052 codice
1792 989 2011 1076 manuscripto

141 1075 263 1144 xxvi.
288 1081 316 1143 b.
344 1077 381 1144 v.
407 1076 441 1143 6.
465 1081 568 1145 nostri
590 1080 700 1166 operis
724 1079 847 1145 titulum
869 1081 1079 1169 rubricasquc
1101 1082 1287 1168 descripsit.
1333 1079 1405 1163 Qua
1427 1083 1459 1148 in
1482 1105 1519 1150 re
1541 1104 1562 1150 a
1583 1081 1773 1172 hunuano,
1797 1084 2012 1174 diligentissi-

140 1198 189 1245 mo
213 1179 427 1246 bibliothecae
448 1179 618 1246 hlediceae
642 1181 882 1248 Larrrentianae
905 1189 1157 1268 perscrutatore,
1181 1191 1356 1268 superatus
1378 1189 1441 1264 est,
1465 1185 1583 1272 quippe
1606 1186 1712 1272 quiin
1735 1187 1895 1272 catalogis
1918 1191 2011 1256 codi-

140 1299 210 1346 cum
230 1283 520 1368 manuscriptorum
543 1282 637 1347 huius
660 1283 888 1364 bibliothecae,
918 1284 971 1369 qui
999 1303 1084 1350 auno
1120 1281 1454 1372 17010000100001,
1486 1289 1563 1350 tom.
1587 1283 1614 1350 1.
1640 1307 1668 1373 p.
1691 1285 1921 1354 nas-48⁰.
1946 1309 2011 1358 non

141 1387 265 1447 tanturn
288 1381 412 1448 titulum
434 1383 537 1448 nostri
560 1383 631 1447 libri
653 1383 861 1471 singulasque
884 1385 1030 1450 rubricas
1054 1387 1214 1472 posuerit,
1239 1405 1351 1451 verum
1374 1387 1470 1450 etiam
1492 1386 1651 1471 prioribus
1673 1387 1829 1476 cuiusque
1851 1392 2013 1458 constitu-

140 1483 247 1562 tionis,
271 1501 354 1568 quae
375 1482 419 1546 ibi
442 1483 547 1549 relata
568 1492 632 1565 est,
655 1485 767 1550 verbis
790 1483 956 1550 adnotatis
986 1484 1027 1550 ad
1050 1486 1274 1552 collectionem
1296 1487 1560 1552 constitutionum
1589 1485 1787 1554 Graecarum
1816 1487 1948 1558 Codicis
1968 1493 2010 1559 ab

141 1583 282 1648 Antonio
312 1583 498 1668 Augustino
525 1587 704 1651 conlectam
732 1587 884 1652 lectorem
913 1587 1049 1654 relicere
1080 1586 1227 1652 voluerit
1276 1587 1402 1654 Postea
1428 1585 1620 1652 Koclalcrna
1650 1589 1682 1652 in
1708 1590 2012 1676 interpretationum

141 1691 173 1750 et
195 1682 465 1764 emendationum,
489 1703 573 1771 quae
595 1686 731 1771 Lipsiae
752 1705 837 1752 auno
864 1684 968 1752 1792
992 1686 1195 1774 prodierunt,
1231 1687 1313 1754 libro
1343 1685 1369 1752 1.
1402 1707 1474 1774 cup.
1498 1685 1533 1753 9.
1563 1707 1593 1774 p.
1618 1685 1792 1755 st-aa.
1822 1711 1864 1758 ex
1887 1691 2010 1762 Codice

140 1783 355 1850 Mccranonni
377 1786 528 1851 lectionis
550 1787 743 1852 varietatem
765 1787 947 1869 adnotavit,
970 1807 1054 1876 quae
1076 1787 1204 1876 quidem
1236 1788 1278 1854 ad
1305 1795 1409 1855 const.
1440 1787 1475 1854 3.
1500 1786 1538 1854 C.
1562 1787 1586 1852 l.
1613 1787 1645 1852 1.
1675 1785 1741 1879 (de
1769 1811 1892 1861 summa
1915 1796 2011 1860 triui-

139 1882 243 1975 tate),
265 1893 300 1951 et
321 1884 363 1951 ad
386 1893 489 1952 const.
514 1883 578 1952 20.
602 1883 639 1952 C.
650 1884 675 1950 1.
700 1884 735 1951 2.
759 1883 823 1976 (de
846 1890 1069 1955 sacrosanctis
1091 1887 1265 1978 ecclesiis)
1288 1897 1321 1955 et
1343 1890 1385 1956 ad
1407 1897 1512 1955 const.
1538 1886 1601 1955 29.
1625 1889 1745 1957 0142.
1771 1895 1810 1960 C.
1833 1891 1860 1958 l.
1885 1893 1919 1960 3.
1943 1893 2009 1987 [de

140 1987 304 2074 episcopis
326 1994 360 2052 et
382 1982 535 2074 clericis)
556 1986 703 2053 retertur.
735 1987 879 2054 Secutus
901 1997 953 2054 est
975 1987 993 2055 ὁ
1013 1995 1194 2072 μακαρίτης
1208 1988 1426 2077 Hostboldua,
1450 1991 1503 2076 qui
1526 1991 1557 2056 in
1581 1991 1815 2058 institutionum
1836 1995 1915 2060 iuris
1936 1997 2009 2062 lto-

140 2089 225 2155 mani
245 2086 451 2153 lineamentis
473 2107 503 2172 p.
532 2085 619 2152 153.
644 2087 747 2153 nostri
768 2090 841 2154 libri
864 2091 1046 2157 memoriam
1067 2091 1152 2178 apud
1175 2099 1341 2158 nostrates
1364 2092 1588 2181 revocaveritq
1617 2091 1805 2180 Biencrua,
1829 2097 1882 2182 qui
1903 2097 1937 2162 in
1958 2098 2011 2164 hi-

139 2189 242 2256 storia
268 2187 479 2254 Novellarnm
505 2185 757 2254 lustiniauarum
779 2209 810 2276 p.
838 2189 1063 2258 173-179.
1087 2194 1190 2258 nostri
1212 2194 1322 2280 operis
1351 2193 1516 2260 historiam
1546 2191 1794 2280 diligentissime
1817 2204 2012 2282 persecutus

138 2298 200 2370 est,
223 2289 370 2375 adeoque
393 2307 465 2374 pag.
490 2285 719 2354 597-601.
743 2290 884 2358 tabulam
906 2293 1054 2380 omnium,
1075 2313 1162 2380 quae¹
1180 2295 1224 2360 ihi
1239 2293 1408 2374 habentur,
1432 2295 1693 2360 constitutionum
1715 2296 1756 2361 ad
1774 2295 1897 2364 Pasini
1911 2297 2012 2366 Bnn·

139 2393 274 2478 unaque
295 2389 390 2456 tidem
419 2389 563 2456 exhibuit
590 2389 737 2476 adeoque
765 2393 864 2458 etiam
890 2394 1036 2460 codicem
1059 2393 1220 2462 Graecum
1251 2394 1464 2462 bibliothecae
1493 2397 1640 2462 Sanctae
1662 2393 1894 2482 Elisabethae,
1927 2419 2011 2486 quae

139 2491 363 2558 l'ratislaviae
385 2497 448 2577 cst,
469 2507 511 2554 ex
533 2489 666 2556 schedis
687 2489 833 2558 eiusdem
854 2491 1027 2562 Houduldi
1048 2495 1242 2586 descripsit3
1293 2493 1443 2578 ll'iltiur,
1473 2497 1525 2582 qui
1551 2495 1583 2560 in
1606 2496 1702 2576 libro,
1735 2517 1796 2585 quo
1820 2499 1862 2564 de
1883 2499 2010 2586 legibus

138 2594 319 2660 lustiuiano
335 2591 445 2658 Codici
466 2592 630 2656 restitutis
650 2591 929 2682 restituendisque
950 2597 1068 2685 agitur,
1089 2619 1122 2684 p.
1138 2596 1185 2663 21
1204 2595 1324 2684 -23,
1348 2616 1432 2682 quae
1450 2597 1516 2663 lata
1533 2601 1636 2662 nostri
1653 2597 1727 2662 libri
1740 2599 1827 2685 apud
1844 2602 2011 2668 recentio-

136 2713 192 2763 res
214 2693 454 2759 iureconsnltos
475 2693 611 2778 iruerint,
632 2701 784 2760 accurate
807 2697 983 2778 enarravit,
1007 2698 1141 2786 eiusque
1169 2698 1279 2784 operis
1302 2697 1474 2764 utilitatem
1503 2697 1535 2762 in
1563 2697 1743 2765 lustirriano
1775 2699 1900 2768 Codice
1926 2723 2011 2788 sup-

136 2794 258 2884 plendo
292 2791 557 2881 emendandoqne
592 2793 780 2862 delineavit.
845 2797 930 2864 Post
965 2817 1005 2866 ea
1033 2805 1182 2886 tempora
1215 2797 1384 2866 Ba'cnerus
1394 2803 1443 2880 ⁴⁰)
1478 2797 1564 2864 hanc
1597 2817 1667 2865 rem
1705 2800 1810 2868 denuo
1845 2803 2011 2889 attingere

135 2898 251 2966 voluit.

290 2995 422 3076 Restat,
444 3001 481 3061 nt
501 2995 614 3082 paucis
636 2998 916 3084 comprehendam,
939 2999 1034 3088 quale
1055 3019 1159 3068 meum
1181 2999 1316 3068 editoris
1337 3000 1504 3066 consilium
1526 3001 1633 3068 luerit.
1664 3000 1738 3088 ligo
1760 3021 1803 3070 ex
1825 3003 1877 3070 bis
1898 3006 2011 3092 copiis,

131 3119 236 3188 quas,
257 3095 330 3162 dum
349 3096 413 3162 iter
434 3095 530 3183 lucin,
550 3103 787 3186 contraxeram,
808 3101 849 3166 ad
864 3121 990 3167 manum
1004 3102 1099 3168 habui
1118 3098 1248 3168 Codicis
1260 3101 1381 3168 Graeci
1396 3101 1605 3168 Monacensis
1619 3121 1749 3169 nurnero
1772 3101 1863 3170 380.
1882 3105 2005 3190 signati

132 3200 376 3289 apographon,
397 3197 606 3284 codicumqne
628 3198 827 3268 Graecorum
849 3202 1081 3270 Parisiensinm
1103 3205 1247 3270 numeris
1273 3201 1401 3290 1320,
1426 3198 1554 3282 1324,
1587 3199 1715 3291 tato,
1739 3202 1868 3290 13³4,
1893 3205 2012 3274 1300.

137 3305 346 3390 signatorum
368 3305 404 3365 et
423 3299 498 3365 libri
521 3301 714 3367 coisliniani
737 3299 828 3368 209.
848 3305 1043 3370 varietatem
1064 3305 1259 3390 scripturae,
1293 3313 1358 3371 tam
1380 3301 1423 3370 ad
1445 3303 1591 3370 rubricas
1612 3304 1822 3390 capitulorum
1844 3306 2015 3394 legumque

129 3402 377 3490 inscriptiones
398 3397 737 3488 subscriptionesque,
767 3421 861 3489 quam
882 3404 925 3470 ad
946 3406 1107 3490 integrum
1128 3405 1340 3472 Novellarnm
1364 3405 1641 3488 constitutionum,
1671 3423 1754 3491 quac
1781 3406 1814 3472 iu
1836 3413 1949 3472 nostro
1972 3407 2013 3472 li·

128 3507 193 3574 bro
218 3503 344 3571 relatae
365 3507 460 3588 sunt,
482 3509 669 3569 contextum
690 3513 905 3590 spectantem.
949 3503 1005 3571 Ex
1027 3505 1079 3572 his
1102 3506 1258 3572 subsidiis
1281 3525 1352 3572 cum
1373 3505 1477 3572 nostri
1505 3503 1578 3570 libri
1607 3509 1781 3571 contextus
1808 3525 2010 3594 componen-

126 3609 198 3676 dus
222 3609 326 3686 esset,
349 3601 383 3668 in
404 3601 541 3667 rubricis
563 3605 783 3690 capitulorum,
807 3605 977 3693 legumque
998 3607 1266 3694 inscriptionibus
1288 3607 1642 3694 subscriptionibusque
1657 3605 1846 3693 optimorum
1865 3615 1900 3674 et
1919 3610 2008 3676 auti·

126 3706 363 3796 quissimorum
385 3703 535 3771 librorum
556 3707 784 3772 aumoritatem
805 3713 939 3772 secutus
960 3727 1051 3800 sum3
1093 3709 1127 3775 in
1155 3709 1228 3795 ipso
1258 3709 1369 3794 operis
1390 3713 1546 3773 contentu
1576 3707 1797 3793 componendo
1826 3707 1868 3774 ad
1895 3709 2011 3778 librum
2136 3769 2147 3804 ⁸.

123 3811 373 3878 monacensem
387 3805 441 3874 vel
456 3805 593 3872 maxime
607 3807 745 3872 animum
755 3805 896 3888 adverti,
915 3808 961 3874 ita
975 3813 1082 3875 tamen
1095 3815 1130 3875 nt
1141 3810 1409 3894 Augustiniananr
1422 3809 1604 3894 scripturae
1619 3807 1857 3898 diversitatem,
1879 3813 2010 3896 quaein

121 3911 329 3979 collectione
350 3909 614 3976 constitutionum
637 3906 836 3974 Graecarum
859 3907 993 3976 codicis
1014 3909 1161 3992 habetor,
1192 3909 1234 3976 ad
1256 3910 1412 3998 principis
1440 3908 1593 3975 editionis
1623 3907 1719 3976 fidem
1745 3929 1841 3996 quam
1868 3909 2009 3996 diligen·

119 4013 269 4080 tissime
297 4009 493 4076 adnotarem.
545 4009 585 4075 ln
610 4009 764 4076 Novellis
793 4007 992 4100 tractandis,
1026 4011 1079 4077 uhi
1101 4011 1277 4098 Augustini
1305 4010 1424 4078 auxilio
1446 4007 1594 4078 destituti
1615 4029 1740 4088 sumus,
1767 4010 1888 4098 aliquid
1909 4014 2008 4081 etiam

116 4107 378 4195 antiquissimis
399 4109 603 4197 membranis,
624 4127 708 4196 quae
721 4111 874 4178 Lutetiae
886 4111 1085 4179 Parisiorum
1099 4113 1270 4194 habentur,
1293 4111 1433 4178 dandum
1447 4111 1516 4200 luit,
1538 4129 1601 4198 qua
1617 4131 1654 4178 re
1676 4114 1823 4178 ellectum
1846 4119 1911 4202 est,
1932 4120 1967 4180 nt
1988 4135 2009 4182 a

116 4207 353 4282 Monacensis
374 4209 572 4295 exemplaris
591 4210 656 4278 lide
676 4213 873 4300 aliquantum
894 4211 1114 4282 recederetur.
1158 4215 1191 4278 N
1194 4231 1322 4280 umeros
1343 4212 1554 4299 capitulorum
1575 4209 1735 4278 adnotare
1756 4212 1853 4301 nolui,
1883 4232 1954 4281 cum
1975 4215 2010 4282 in

118 4311 269 4380 Codice
291 4307 490 4376 coisliniano
513 4307 604 4377 209.
628 4313 698 4380 solo
720 4315 762 4380 ad
784 4314 962 4399 marginem
983 4333 1004 4382 a
1025 4315 1128 4404 prima
1149 4335 1244 4383 maon
1265 4313 1413 4380 adnotati
1433 4313 1656 4400 reperiantur,
1680 4312 1714 4378 in
1734 4311 2009 4382 0100000001οπ-

113 4423 203 4482 tem
228 4429 249 4477 a
271 4409 426 4477 secunda.
489 4411 606 4500 Itaque
626 4431 669 4479 cx
691 4414 883 4502 reliquorum
905 4415 1050 4484 codicum
1071 4437 1234 4484 consensu
1263 4413 1432 4484 omittendi
1461 4414 1607 4502 luerunt,
1640 4413 1702 4479 nisi
1732 4411 1817 4500 quod
1844 4415 1878 4481 in
1905 4417 2007 4502 primo

114 4513 252 4584 statim
274 4511 477 4578 collectionis
498 4513 637 4600 capitulo
658 4515 880 4602 typographus
902 4536 1013 4603 parurn
1035 4525 1127 4586 recte
1149 4515 1191 4584 α’.
1209 4518 1386 4604 expressit.
1410 4511 1513 4597 Quam
1530 4515 1642 4582 remin
1662 4514 1876 4600 Corrigendis
1894 4533 2009 4581 emen-

112 4615 299 4686 davimus.
343 4611 382 4678 lu
404 4613 692 4701 subscriptionibus
713 4617 946 4704 componendis
973 4619 1029 4685 illa
1055 4618 1182 4706 quidem
1211 4619 1401 4687 Latinorum
1424 4617 1595 4684 verborum
1621 4615 1655 4682 iu
1685 4615 1846 4683 Graecum
1867 4614 2010 4682 hunsla-

113 4719 184 4799 tio,
209 4733 299 4802 quae
321 4714 354 4782 iu
366 4715 577 4783 Monacensis
599 4717 798 4804 exemplaris
820 4724 1007 4788 contextum
1029 4727 1165 4807 recepta
1187 4727 1250 4806 est,
1272 4717 1450 4786 omittenda
1470 4717 1539 4784 luit.
1591 4717 1676 4784 Nam
1705 4724 1740 4784 et
1761 4718 1795 4780 in
1816 4715 2011 4803 antiquissi-

109 4821 189 4886 mis
219 4816 389 4883 codicibus
411 4816 652 4886 Parisiensibns
674 4837 739 4886 noo
760 4819 908 4910 habetur,
929 4827 965 4888 et
986 4839 1030 4888 ex
1052 4821 1137 4888 male
1163 4821 1341 4888 intellectis
1370 4819 1482 4885 verbis
1513 4817 1643 4885 Latinis
1671 4814 1834 4904 prodiisse
1863 4813 2006 4883 videtur.

107 4919 185 4989 Sic
227 4917 384 4984 consules
409 4919 443 4986 in
471 4922 734 4989 constitutionum
762 4923 1056 5008 subscriptionibus
1083 4925 1146 5005 00,
1175 4922 1237 4989 hoc
1258 4927 1323 5008 cst,
1357 4923 1449 4986 cirus
1476 4917 1681 4984 cluriaairnoa
1713 4915 2011 5016 appellatos-csse

105 5025 264 5088 certum
286 5025 348 5084 cst
414 5022 516 5108 Atqui
545 5023 577 5089 iu
604 5023 795 5090 Monacensi
824 5021 967 5110 βικάριοι
995 5027 1154 5090 exierunt.
1200 5021 1259 5091 Sic
1288 5027 1392 5087 const.
1421 5016 1456 5086 2.
1479 5018 1637 5104 Lompud.
1660 5021 1695 5082 ἔτ
1716 5035 1770 5082 on.
1794 5035 1847 5083 uc.
1868 5037 1936 5108 aa,
1955 5020 2010 5087 uhi

105 5121 273 5190 Graeca
295 5118 377 5186 hacc
398 5128 488 5187 snut:
509 5124 712 5204 Λαμπαὸίου
733 5127 789 5188 καὶ
809 5121 958 5208 Ὀρέστου
988 5124 1146 5210 βικαρίων
1159 5123 1199 5201 ’ς’
1232 5119 1375 5188 ὑπάτων.
1424 5119 1515 5188 Idem
1544 5118 1666 5184 erroris
1692 5137 1798 5203 genus
1827 5127 1931 5186 const.
1965 5120 2011 5210 7.,

100 5223 166 5312 8.,
201 5217 287 5300 12,
311 5218 388 5308 20,
411 5217 488 5310 21,
509 5219 572 5287 22.
604 5223 723 5310 Neque
744 5223 823 5290 illud
844 5224 921 5290 mihi
943 5223 1144 5311 persuadere
1166 5244 1307 5312 possum,
1331 5229 1367 5288 nt
1387 5239 1409 5287 a
1430 5219 1535 5286 nostri
1556 5215 1628 5282 libri
1649 5221 1809 5305 scriptore
1831 5221 2010 5306 profectum

98 5343 205 5393 esse
244 5319 399 5409 credam,
433 5322 518 5406 qood
540 5330 644 5390 const.
676 5317 741 5390 17.
774 5342 817 5390 ex
847 5323 971 5392 duobus
1003 5326 1187 5392 consulibus
1215 5332 1286 5392 tres
1316 5325 1440 5390 exiisse
1462 5317 1620 5386 videmus.
1672 5319 1733 5386 Sic
1761 5319 1846 5386 enim
1873 5320 2010 5390 Latina:

95 5410 353 5506 οαἾχαῖἶὲτ
376 5419 479 5486 taur
499 5426 534 5487 tr
555 5420 599 5486 bri
620 5443 731 5502 uass,
754 5443 838 5512 quae
859 5425 906 5491 ita
928 5423 1057 5492 Graece
1079 5424 1278 5492 redduntur:
1298 5421 1382 5506 parri
1401 5415 1627 5498 τὴνὺπᾱτείᾱν
1637 5416 1825 5501 Κᾱλκᾱὸίφ
1840 5423 1898 5486 καὶ
1911 5425 2010 5488 Λαυ-

93 5532 250 5614 ρεντιζο
275 5525 333 5588 καὶ
344 5520 475 5611 Ὀρέστῃ
496 5517 641 5601 ὑπάτοις.
685 5525 824 5613 Reliqua
845 5533 1030 5614 praetereo,
1053 5545 1095 5594 ne
1109 5527 1225 5613 longus
1239 5527 1310 5592 sim.
1341 5521 1492 5607 Denique
1510 5519 1592 5586 haec
1604 5520 1776 5587 translatio
1789 5539 1831 5586 ne
1846 5522 1878 5587 in
1894 5521 2011 5590 11000-

92 5628 219 5697 censi
250 5621 383 5712 quidem
404 5623 581 5710 exemplari
602 5633 795 5696 constanter
814 5627 962 5696 habetur.
1009 5625 1103 5712 Quod
1129 5627 1258 5714 quidem
1284 5623 1319 5690 in
1346 5619 1586 5690 coustituh‘ouis
1616 5616 1653 5687 9.
1685 5620 1750 5689 line
1771 5621 1892 5690 tactum
1912 5621 2011 5691 vide-

85 5785 562 5809 W

293 5859 342 5921 10)
358 5863 389 5914 10
404 5863 488 5916 libro:
505 5862 646 5932 chlrcipc
662 5879 718 5918 aar
727 5865 855 5920 30010100
870 5866 918 5920 dcc
934 5865 1184 5920 Juattalaacisclaca
1203 5861 1296 5916 Codeta
1320 5873 1347 5926 p.
1362 5861 1398 5914 20
1410 5871 1467 5925 seq.
