4824 7048
612 563 866 634 novilunii}
892 562 1237 636 IMPERATORUM
1263 562 1652 640 BYZANTINORUM.
1992 569 2073 640 289

197 757 333 830 τοιοάτωτ
353 764 400 826 καλ
418 757 484 835 τοὺς
504 753 556 842 ἤδη
578 761 770 841 φαραθίντας
790 755 838 820 ὑπ’
860 754 1019 820 αὐτῶνκαὶ
1039 770 1106 841 κρα·
1157 759 1226 816 cula
1246 759 1396 816 coniectos
1417 773 1520 816 rursus
1542 762 1744 838 abscondunt,
1770 765 1930 837 furtimque
1950 765 1981 823 in
2003 783 2071 824 ma-

197 855 342 931 τηθίττας
361 843 589 931 περιαράιττοοσι,
613 846 660 905 καλ
682 846 833 922 λαθραίως
855 847 893 916 είς
913 840 965 923 τὴτ
984 841 1107 926 μεγάλην
1156 843 1249 901 iorem
1271 844 1420 900 dimittunt
1441 845 1606 902 ecelesiam.
1648 851 1692 906 lle
1714 849 1762 906 his
1784 855 1881 906 autem
1909 851 1979 923 quid
2012 855 2073 928 liat,

196 937 345 1016 διοιλησίαι
372 935 584 1013 προπέμπουσι.
632 930 708 1008 Περὶ
737 928 767 988 oi
794 932 854 988 coir
880 932 1030 1009 χιοομίιοοτ
1056 927 1105 992 ἐπ’
1158 935 1314 1002 postquam
1342 929 1380 984 ad
1411 931 1629 988 sanctissimam
1657 933 1712 989 liei
1740 936 1896 991 ecclesiam
1919 937 2070 1012 conluge-

196 1017 296 1092 αὐτοῖς
314 1014 388 1100 μετὰ
407 1012 440 1078 πὸ
462 1019 659 1096 προσδραμεῖν
680 1017 715 1090 τῇ
736 1008 878 1092 ἁγιωτάτῃ
896 1018 948 1075 τοῦ
970 1013 1046 1076 Θεοῦ
1067 1020 1109 1076 ἐκ·
1159 1015 1230 1086 rint,
1251 1029 1318 1070 mea
1332 1013 1448 1086 quidem
1471 1015 1610 1072 maiestas
1630 1031 1684 1088 pro
1707 1025 1788 1076 certo
1811 1021 1921 1092 neseit3
1944 1022 1997 1078 sed
2011 1037 2070 1078 au-

196 1105 301 1184 αλησίρ
321 1103 338 1183 ἡ
360 1101 410 1182 μὲι
430 1102 562 1179 βασιλεία
582 1121 638 1177 pon
667 1095 792 1176 ἀκριβῶς
817 1095 868 1158 οὐκ
896 1095 985 1159 older·
1013 1096 1110 1162 ἀκούει
1160 1098 1204 1154 dii
1230 1103 1328 1154 temen
1358 1114 1415 1156 oon
1443 1099 1567 1174 deeora,
1599 1106 1630 1156 et
1652 1107 1685 1156 ut
1706 1103 1797 1159 verbo
1824 1105 1934 1178 dicam,
1964 1121 2002 1162 ex
2023 1107 2071 1164 bie

197 1187 228 1250 δλ
244 1183 323 1268 ὅμως
341 1186 392 1248 ode
413 1179 524 1265 ἀχαθά,
547 1185 595 1244 καλ
616 1181 716 1253 ἁπλῶς
736 1187 822 1242 τοῦτο
835 1181 864 1254 ἐξ
883 1178 1020 1244 ἁπάντωι
1040 1181 1112 1246 ἀπο-
1164 1183 1299 1239 omnibus
1327 1183 1399 1240 illud
1428 1199 1517 1240 unum
1548 1185 1691 1259 edicitur,
1724 1187 1801 1258 quod
1830 1190 1861 1245 in
1889 1205 2072 1264 quocumque

196 1275 326 1344 τελεῖται,
348 1267 441 1346 cist)
463 1274 492 1330 dr
517 1269 602 1330 παντὶ
629 1263 711 1341 τότε]
732 1270 773 1342 τῷ
800 1263 857 1328 ὑπὸ
885 1263 937 1345 τὴν
955 1264 1113 1348 Ῥωμαικὴν
1162 1267 1229 1323 loco
1251 1269 1403 1326 Romanae
1424 1267 1529 1326 ditioni
1560 1270 1693 1326 subiecto
1721 1271 1829 1328 caedes
1859 1275 1990 1344 quotidie
2011 1276 2072 1332 im·

195 1353 374 1435 ῥπικράπππο
396 1351 501 1433 φόνους
523 1352 614 1423 ἀδεῶς
634 1355 803 1430 καθημῖρατ
823 1353 1000 1430 τολμᾶσθαι.
1025 1345 1112 1415 'Orno
1161 1351 1306 1423 pudenter
1327 1358 1487 1424 lustrantur.
1516 1354 1639 1422 Quando
1660 1355 1752 1429 igitur
1773 1357 1911 1414 maiestas
1932 1375 1998 1417 mea
2019 1375 2072 1417 re·

195 1434 248 1504 οὖι
268 1438 285 1520 ἡ
307 1442 439 1520 βασιλεία
460 1461 516 1515 μου
545 1433 819 1515 decimiacum),
846 1429 918 1515 ὅπερ
939 1433 1009 1516 παρ’
1031 1434 1110 1499 ἔθεε.
1162 1439 1259 1509 putat,
1289 1437 1377 1494 etiarn
1399 1438 1477 1509 aptud
1506 1445 1629 1513 gentes,
1660 1454 1734 1510 quas
1767 1455 1865 1512 neque
1891 1443 1939 1498 lex
1969 1445 2071 1502 divina

196 1547 252 1597 σιτ,
272 1519 292 1586 ἀ
314 1521 384 1603 μήτε
414 1517 499 1602 τόμος
520 1528 602 1592 θεῖος
632 1519 761 1598 ἀπεῖρξε,
790 1513 861 1600 μήτε
886 1519 1043 1601 μελλούσης
1063 1523 1111 1583 ael
1164 1521 1313 1595 cohibuit,
1346 1538 1442 1594 neque
1469 1523 1590 1580 futurae
1620 1523 1841 1596 horrendaeque
1868 1529 2071 1586 retributionis

195 1615 318 1690 φρικιῆς
338 1603 483 1678 κολάσεως
503 1601 606 1685 ἀπειλὴ
625 1610 677 1666 τοῦ
696 1608 791 1675 κακῶς
812 1608 850 1676 εἰς
865 1601 1004 1686 ἀλλήλους
1023 1619 1113 1668 ποιεῖν
1163 1606 1351 1663 comminatio
1367 1609 1404 1665 ab
1418 1607 1536 1664 iniuriis
1557 1609 1615 1664 sibi
1636 1608 1763 1664 invicem
1784 1610 1948 1668 inferendis
1965 1615 2072 1684 arcuit,

195 1691 370 1774 ἀνεχαίτισε,
402 1689 439 1754 τοὶ
466 1697 586 1759 τοιαῦτα
613 1695 669 1750 τῶν
695 1684 909 1769 ἁμαρτημάτων
935 1687 1112 1752 undrinnai
1162 1690 1234 1746 talia
1262 1692 1377 1748 scelera
1402 1707 1471 1748 rare
1493 1707 1575 1763 esse,
1605 1693 1763 1767 longisque
1785 1699 1944 1766 temporum
1966 1699 2073 1769 spatiis

195 1773 245 1839 διά
265 1773 369 1858 χρόνου
389 1779 566 1855 acapnum,
587 1778 616 1835 dr
637 1773 668 1834 oi
688 1780 723 1850 τῇ
744 1771 819 1834 καθ’
850 1771 926 1853 ἡμᾶς
947 1770 1027 1855 χώρᾳ
1048 1797 1110 1858 σχε.
1160 1775 1326 1832 interiectis
1348 1777 1506 1849 committi,
1536 1778 1566 1834 in
1590 1783 1690 1834 nostra
1712 1793 1783 1834 vero
1812 1784 1890 1834 terra
1911 1781 1976 1837 iere
1999 1797 2072 1853 quo·

195 1859 250 1924 δόι
269 1856 454 1941 καθεκάοτητ
481 1856 779 1940 πλημμελοῦοταιίῧ),
807 1853 901 1938 τιόσχς
922 1857 1004 1931 ἀνίας
1030 1863 1109 1938 ἐμπί.
1160 1859 1233 1915 tidie
1261 1861 1390 1934 patrari,
1428 1865 1537 1933 quanto
1565 1861 1703 1933 impletur
1729 1864 1878 1920 moerore!
1930 1868 2074 1934 Quantam

195 1945 373 2024 ulasmss).
397 1943 512 2025 Ἡλίκης
535 1945 564 2004 ni
586 1941 716 2022 ἀθυμίας
736 1944 783 2002 καλ
805 1947 891 2004 τοῦτο
918 1941 1008 2005 αι’τιοτ
1033 1941 1108 2022 μετὰ
1159 1959 1232 2001 vero
1253 1944 1487 2020 indignationem
1509 1951 1628 2018 practer
1648 1951 1750 2003 cetera
1772 1949 1860 2006 etiam
1882 1949 1954 2006 illud
1976 1953 2073 2008 maie-

195 2036 256 2094 τῶν
277 2024 371 2092 ἀλλων
386 2035 420 2108 τῇ
437 2031 568 2132 βασιλείᾳ
588 2049 645 2107 μου
665 2031 778 2108 γίνεται,
799 2031 857 2088 τῶν
872 2031 921 2089 εῖτ
940 2025 1108 2109 ἀνθρώπων
1159 2029 1231 2085 steti
1246 2045 1331 2086 meae
1348 2035 1456 2104 movet,
1470 2031 1557 2103 quod,
1579 2047 1667 2102 quum
1683 2032 1733 2103 qui
1753 2048 1832 2090 nuno
1848 2038 1917 2090 sunt
1935 2035 2070 2092 homines

195 2109 385 2192 οιαταοοοιλσῃ,
415 2134 449 2177 το
473 2117 538 2194 περὶ
566 2109 618 2191 τὴν
640 2113 855 2192 δικαιοπραγίαν
882 2109 1032 2192 ὀλίγωροι,
1061 2115 1109 2174 καὶ
1160 2115 1257 2170 animo
1280 2116 1470 2190 contempler,
1493 2115 1627 2172 iustitiae
1648 2115 1764 2174 incuria
1786 2133 1838 2174 eos
1864 2118 1980 2175 videam
2003 2127 2069 2178 tor-

196 2196 233 2262 τό
255 2202 361 2279 μηδῖτα
384 2199 465 2278 ζῆλοι
492 2195 561 2278 ἔχειν
590 2193 695 2270 αὐτοὺς
722 2201 774 2256 τοῦ
795 2197 885 2258 καλοῦ
905 2199 952 2258 καλ
973 2201 1024 2277 τῆς
1045 2195 1110 2278 ἀρε·
1160 2203 1275 2272 pentes,
1298 2201 1434 2272 omnique
1455 2200 1551 2273 pulcri
1570 2205 1658 2272 etque
1680 2201 1800 2258 virtutis
1822 2203 1921 2260 studio
1943 2204 2073 2262 destitu-

194 2288 257 2363 τῆς.
283 2288 383 2346 Ταῦτα
403 2278 499 2346 τιάιτα
520 2275 728 2362 κατανοήσασα
748 2277 912 2360 ἡβασιλτία
931 2303 998 2359 pou,
1019 2305 1109 2361 προσ·
1162 2287 1217 2340 tos.
1259 2287 1343 2342 llaec
1369 2285 1467 2342 omnia
1499 2300 1602 2342 secum
1635 2289 1791 2360 reputans,
1820 2293 1850 2343 et
1878 2289 2071 2346 considerans

197 2371 368 2450 λοχισαμίιχ
396 2366 424 2428 ti
450 2369 498 2428 καί
522 2361 557 2428 τὸ
584 2371 636 2428 τοῦ
665 2367 804 2446 ῥηθέντος
835 2371 937 2445 τεαροῦ
963 2369 1112 2446 βασιλοιοῦ
1161 2373 1351 2426 memoratum
1374 2369 1447 2426 illud
1473 2385 1582 2426 novum
1609 2370 1738 2428 edictum
1766 2373 1919 2428 canonicis
1948 2375 2074 2444 quibus-

196 2449 391 2532 διατάγματος
420 2454 470 2513 ἐπί
493 2473 550 2513 τισι
582 2461 742 2519 κατοτικαῖς
780 2445 940 2523 διατάξεσιτ
954 2449 1001 2530 ⁴⁵)
1035 2457 1112 2514 διατ-
1162 2451 1230 2510 dam
1251 2454 1510 2511 constitutionibus
1532 2470 1711 2528 repugnare,
1739 2455 1867 2528 aliisque
1882 2458 1965 2513 vitiis
1986 2459 2074 2515 lebo-

196 2537 335 2618 rlor⁴⁸l,
356 2537 404 2597 καλ
424 2527 518 2607 ἀλλοις
540 2529 686 2612 ἀδόκιμοι,
708 2527 858 2612 ἐφρόντισε
878 2530 952 2596 κατὰ
973 2531 1007 2598 τὸ
1030 2540 1112 2617 ἐχχω-
1162 2553 1245 2610 rare,
1273 2539 1388 2596 studuit
1409 2540 1551 2596 maiestas
1573 2555 1639 2596 mea
1660 2556 1712 2612 pro
1734 2539 1850 2597 viribus
1871 2545 1901 2598 et
1923 2543 2076 2600 homicidii

196 2627 278 2702 ροῦτ,
307 2622 355 2682 καὶ
375 2616 482 2702 τὸτοῦ
503 2609 593 2698 φόνου
614 2609 706 2696 μύσος
729 2615 910 2692 ἀναστεῖλαι,
937 2623 984 2681 καλ
1004 2617 1042 2682 τὰ
1062 2625 1113 2728 τῆς
1164 2622 1276 2679 crimea
1299 2626 1447 2698 codrcere,
1469 2629 1500 2680 et
1521 2625 1667 2680 novellam
1690 2625 1855 2683 emendare.
1878 2624 2000 2701 (Caput
2022 2625 2074 2702 1.)

196 2710 303 2787 νεαρᾶς
324 2699 562 2785 διορθώσασθαι.
608 2703 720 2780 [Caput
739 2702 778 2779 1.]
808 2699 1042 2784 Παρακελεύεται
1062 2727 1113 2767 οοτ
1163 2707 1315 2780 Praecipit
1335 2708 1430 2784 igitur
1454 2708 1588 2765 omnibus
1610 2711 1827 2782 provinciarum
1848 2711 1997 2769 iudicibus
2019 2716 2076 2770 eto.

196 2785 295 2853 οἶαοισι
316 2801 377 2860 τοῖς
399 2791 428 2848 ἐι
449 2790 561 2866 θίμασι
583 2789 730 2866 διαιτηταῖς
738 2788 789 2863 4⁷)
809 2810 836 2848 ιι.
857 2810 884 2850 τ.
905 2791 932 2850 λ.
1251 2793 1458 2866 subscriptum
1473 2798 1521 2850 cst
1534 2793 1605 2849 lioc:
1628 2795 1758 2867 ,nieme
1773 2794 1880 2868 Aprili,
1894 2797 1958 2852 lni.
1980 2799 2075 2871 XiV,

282 2869 350 2954 Εἶχε
375 2866 428 2933 τὸ·
457 2872 555 2952 „lllprl
580 2867 753 2951 Ἀπριλλίῳ,
774 2873 825 2933 lvd·
852 2867 969 2954 ad'.⁴⁸),
990 2868 1031 2935 δι’
1052 2878 1114 2954 ἐρα·
1163 2875 1261 2934 literis
1281 2879 1380 2935 rubris
1402 2877 1522 2936 divinae
1536 2882 1566 2933 ct
1587 2879 1690 2952 regiae
1710 2895 1824 2936 manus.
1847 2881 1975 2954 (Habete
1997 2898 2075 2940 con-

196 2961 283 3038 θρῶτ
308 2950 484 3036 χραμμάτωτ
512 2959 564 3034 τῆς
590 2958 676 3026 θείας
701 2958 749 3016 καλ
774 2957 923 3038 βασιλοιῆς
950 2953 1043 3040 χειρός
1051 2957 1112 3038 ⁴⁸),
1163 2965 1278 3018 suetam
1300 2962 1448 3035 duplicem
1476 2977 1592 3020 cereum
1614 2963 1739 3038 bullam,
1767 2969 1889 3021 sanctae
1909 2967 2075 3024 maiestatis

195 3039 250 3122 τὴν
271 3035 384 3120 σοιὴθη
406 3044 541 3122 δίπτυχοι
560 3041 608 3102 κοιλ
628 3039 797 3122 ammonem)
818 3038 941 3122 βούλλας
957 3049 1009 3124 τῆς
1029 3039 1112 3124 ἀχίας
1162 3046 1258 3104 eins“.
1278 3049 1318 3104 lit
1338 3047 1410 3106 boc:
1437 3051 1514 3122 „Per
1534 3047 1716 3121 logothetam
1738 3065 1846 3106 cursus
1872 3051 1985 3122 publici
2006 3055 2074 3110 lla-

196 3123 289 3188 αάτοῦ
316 3125 488 3205 βασιλείας.“
530 3127 592 3186 Καί
619 3121 669 3187 τὸ·
697 3121 776 3203 ,Διά
802 3132 853 3188 τοῦ
880 3126 1037 3208 λοχοθίτοο
1062 3133 1114 3190 τοῦ
1163 3131 1421 3205 glotbeodoretum
1451 3131 1667 3192 Michaelem“.
1715 3135 1755 3190 ui
1783 3133 1971 3191 extrinsecus
1999 3137 2075 3194 boo:

196 3205 362 3292 opipovfl)
382 3215 434 3272 τοῦ
453 3206 710 3314 ‘structuraque
731 3207 882 3291 Μιχαὴλ“.
902 3243 945 3257 ·-
966 3213 1028 3274 Kal
1048 3209 1113 3286 ἔξω·
1163 3216 1336 3294 „livulgma
1352 3217 1552 3294 mensoiulio,
1572 3217 1635 3275 Ind.
1647 3219 1731 3279 XIV.
1745 3220 1815 3276 anni
1832 3215 1925 3274 6674.
1938 3219 2074 3296 (iios).

195 3301 253 3442 ger
280 3289 328 3422 τὸδ’
353 3289 522 3374 ,Ἀτελύθη
548 3295 614 3374 ppei
642 3295 746 3372 Ιοολίῳ
773 3297 824 3357 led.
851 3291 902 3358 ιδ’.
929 3302 981 3358 τοῦ
1012 3292 1114 3381 ,ςχοδί

229 3383 298 3452 οος“
325 3380 362 3456 ²).

351 3678 400 3740 4¹)
417 3677 500 3729 0⁰⁶⁰·
517 3677 587 3728 ”¹³¹⁰
603 3676 649 3742 cp.
735 3679 782 3743 λδ)
800 3680 865 3735 (ῖοδ.
881 3685 955 3734 iiten.
973 3689 1093 3752 aprima
1109 3699 1145 3737 m.
1163 3681 1360 3752 ἀεαλογίοιται,
1382 3685 1451 3751 qnod
1475 3688 1597 3738 correxit
1618 3699 1674 3738 seo.
1691 3699 1727 3740 m.
1811 3687 1858 3747 ia)
1875 3689 1922 3739 Sic
1944 3700 1960 3738 e
1982 3692 2077 3740 conie-

197 3751 280 3800 etun
301 3749 467 3827 scripsimus.
502 3744 568 3796 cod.
594 3747 669 3795 iiten.
700 3751 863 3814 τολμιῖποι,
892 3753 961 3816 quod
987 3767 1053 3806 sane
1082 3757 1149 3806 terri
1178 3760 1274 3818 potest,
1298 3755 1346 3805 sed
1373 3756 1436 3807 Par.
1467 3756 1676 3820 adnunciatione.
1761 3754 1808 3814 si)
1833 3757 1894 3807 l’ar.
1923 3755 2074 3820 ῖμπῖλοτοι.

195 3816 248 3878 4ο)
265 3815 348 3866 Godd.
366 3814 522 3871 διαλαεεσιτ.
607 3813 655 3872 46)
672 3812 755 3870 codd.
773 3818 801 3869 e'v
818 3817 917 3870 ἀπίοι.
1002 3823 1049 3883 4⁷)
1066 3825 1179 3887 ilaliqua
1204 3825 1331 3888 leguntur
1347 3825 1375 3872 in
1393 3823 1456 3874 lore
1474 3823 1749 3874 Graeco-Romanol.
1768 3825 1819 3874 188
1833 3850 1866 3861 -
1881 3827 1936 3888 on,
1954 3837 2075 3890 quaecum,

195 3888 226 3934 si
242 3884 367 3948 quosdam
385 3883 500 3931 minoris
516 3885 644 3930 momenti
661 3889 806 3938 vanientes
822 3889 949 3940 lectionis
966 3895 1119 3954 exceperis,
1142 3895 1254 3954 uterque
1272 3891 1359 3940 codex
1376 3891 1531 3942 concordat.
1566 3893 1641 3951 onae
1656 3905 1673 3941 a
1691 3893 1849 3942 Leunoiovii
1873 3896 2009 3956 scriptura
2030 3904 2076 3942 rc-

196 3952 315 4014 oodoni,
338 3953 434 4001 notare
451 3949 581 4000 abstineo.
615 3949 845 4032 §discriptionem
861 3970 936 4022 vero,
962 3971 1030 4022 quae
1047 3961 1075 4009 in
1094 3959 1232 4010 codicibus
1250 3959 1333 4021 longe
1350 3959 1456 4022 plenior
1472 3959 1584 4008 babetur
1602 3971 1680 4023 quem
1696 3962 1725 4009 in
1748 3962 1894 4022 impressis,
1911 3961 2076 4023 subiungens

196 4017 261 4068 dam
278 4019 350 4067 duxi.
424 4016 472 4075 is)
489 4017 530 4066 lta
548 4029 597 4082 pro
615 4015 663 4066 αδ.
682 4017 727 4084 δ’.,
745 4022 814 4086 quod
832 4026 984 4076 liabeturin
998 4027 1085 4090 codd,
1102 4028 1196 4091 legere
1212 4039 1262 4078 uos
1280 4028 1373 4076 iubent
1390 4029 1443 4077 tam
1460 4039 1527 4090 quiae
1544 4027 1658 4076 interius
1675 4028 1815 4090 leguntur,
1833 4041 1910 4090 quiam
1927 4031 2076 4079 auotoritas

196 4085 550 4136 aucmentacione
566 4086 659 4136 saneti
676 4089 770 4140 Basilii
787 4103 829 4154 ap.
850 4093 977 4160 Reverso.
993 4095 1027 4146 ii.
1046 4094 1088 4144 oi.
1156 4095 1205 4154 ie)
1225 4093 1290 4144 cni.
1307 4094 1369 4145 Par.
1387 4094 1423 4164 ip.
1442 4112 1538 4164 ypnpp.
1561 4096 1610 4144 τοῦ
1634 4094 1759 4166 κραταίου
1777 4094 1821 4144 καὶ
1837 4091 1915 4160 ἁγίου
1937 4091 2009 4160 ἡμῶν
2025 4092 2076 4146 αὖ·

196 4153 304 4271 θδίπιχρ
318 4151 507 4286 τεχνραχοχλέχτ.
592 4150 641 4213 50)
658 4155 723 4208 cod.
741 4159 916 4231 Parrnptrpv.
1001 4162 1047 4224 til)
1064 4161 1106 4214 Gi.
1124 4161 1278 4230 Ducanpe
1294 4161 1417 4214 Glossar.
1434 4175 1457 4214 ε.
1476 4176 1502 4212 v.
1519 4161 1663 4228 λογοθὲτης
1678 4175 1704 4226 p.
1721 4162 1782 4215 828.
1867 4163 1915 4223 ss)
1931 4162 1997 4217 cod.
2014 4166 2074 4216 Par.
