4790 7064
1143 524 1234 588 IN
1276 521 1310 588 D
1353 520 1384 588 n
1427 522 1461 588 Χ

783 715 847 792 H'.
1538 703 1847 783 Tirones
1888 705 2009 780 VIII

636 832 719 937 περὶ
743 838 945 924 βουλευτῶν
955 834 996 914 ¹).
1636 824 1692 891 De
1720 821 1914 890 curialibus.

442 1017 490 1090 α’.
533 1015 617 1086 ὥστε
629 1015 705 1096 τούς
717 1015 894 1104 βουλευτὰς
914 1009 1125 1098 ένναούγκιον
1134 1019 1162 1098 ²)
1185 1018 1270 1092 ἔχειν
1405 1009 1520 1079 Coust.
1545 1011 1579 1078 1.
1623 1012 1669 1080 Ut
1697 1008 1837 1076 curiales
1863 1007 2005 1074 habeant
2025 1005 2233 1096 dodrantem,

358 1127 415 1190 καὶ
436 1122 480 1188 τὰ
501 1120 581 1201 ἑξῆς.
1320 1117 1355 1180 et
1377 1133 1460 1200 quae
1482 1113 1651 1199 deinceps.

440 1221 485 1308 β’.
529 1226 599 1308 περὶ
620 1224 680 1288 τοῦ
707 1219 751 1305 μὴ
773 1215 1040 1305 έλευθερωδὴναι
1061 1215 1268 1299 βουῑαυτικης
1404 1211 1577 1281 (1011312.
1622 1213 1675 1280 ne
1696 1211 1776 1296 hoc,
1812 1213 1848 1276 ut
1876 1227 1940 1274 non
1969 1210 2037 1273 sint
2057 1208 2184 1277 liberati
2212 1229 2236 1278 a

357 1322 455 1404 τὺχης
480 1323 656 1399 Ἰουδαίους
684 1325 741 1388 καὶ
769 1319 987 1408 Σαμαρίτους
1019 1317 1067 1400 (ν.
1097 1315 1268 1402 Σαμαρεί-
1320 1315 1431 1382 curiali
1458 1316 1585 1383 fortuna
1614 1313 1728 1381 ludaei
1763 1317 1799 1380 et
1834 1310 2040 1397 Samaritae,
2079 1316 2115 1376 et
2149 1331 2235 1400 quae

357 1423 479 1518 τας)3)
501 1447 529 1491 κ.
553 1449 581 1490 τ.
604 1430 628 1489 ἑ.
1319 1415 1486 1502 deinceps.
1873 1497 1876 1502 ι

441 1523 489 1610 γ’.
532 1522 614 1591 ὥστε
634 1520 692 1602 τὴν
713 1526 895 1605 ἔμπρακτον
907 1511 1129 1600 ἐταρχὸτητα,
1153 1513 1192 1582 οὐ
1206 1515 1269 1600 μὴν
1403 1515 1517 1584 Const.
1546 1514 1583 1583 3.
1625 1515 1672 1582 Ut
1708 1513 1871 1580 ordinaria
1908 1511 2132 1602 praefectura,
2160 1521 2234 1580 'nou

356 1627 414 1708 τὴν
422 1631 450 1711 4)
494 1623 669 1716 ὁνοραρίαν
683 1626 713 1708 ⁶)
757 1615 973 1688 ἀπαλλάττειν
989 1621 1018 1702 ⁶)
1061 1618 1268 1702 βουλευτικῆς
1317 1626 1426 1685 autem
1443 1617 1616 1686 honoraria
1635 1636 1657 1682 a
1678 1617 1792 1683 curiali
1811 1615 1938 1681 fortuna
1951 1613 2080 1701 liberet,
2090 1620 2126 1680 et
2147 1634 2233 1702 quae

357 1726 455 1808 τύχης
476 1749 506 1792 κ.
527 1751 557 1792 τ.
579 1730 603 1790 t.
1318 1719 1487 1806 deinceps.

442 1826 486 1895 δ’.
529 1829 600 1912 περὶ
621 1821 733 1912 μόρτις
752 1824 921 1905 καῦσσαῖ)
943 1820 1063 1905 δωρεᾶς
1084 1825 1116 1896 ές
1139 1821 1187 1903 (v.
1208 1824 1266 1904 εἰς)
1404 1818 1520 1886 Coust.
1543 1818 1581 1886 4.
1623 1819 1677 1886 De
1720 1818 1834 1886 mortis
1885 1835 2006 1883 caussa
2057 1815 2233 1885 donatione

356 1926 531 2016 βουλευτὰς
553 1935 721 2011 γενομένης
729 1928 767 2009 ⁸).
1317 1921 1352 1988 in
1373 1921 1513 1988 curIales
1535 1923 1632 1987 facta.

441 2027 480 2095 ε’.
525 2032 594 2116 περὶ
614 2020 850 2114 βουλευτῶν.)θ)
1403 2019 1518 2090 Coust.
1541 2024 1577 2102 ἃ.
1621 2021 1676 2089 De
1697 2021 1880 2088 curiatibus.

787 2275 843 2352 Θ’.

357 2403 455 2506 Περὶ
491 2407 565 2477 '⁶⁰3¹‘
586 2375 638 2474 ’ἐκ
673 2391 861 2496 ‘immite
901 2389 962 2468 ”””
996 2391 1034 2479 ἐξ
1064 2392 1267 2470 dommi,
1317 2459 1374 2529 De
1394 2343 1724 2528 bueredu'tuiiddireiuJ
1732 2342 1996 2526 Ι11999α81τ119τ99οέ
2015 2455 2058 2523 ab
2071 2459 2229 2524 intestato

357 2517 657 2624 κληρονομιῶν)
694 2511 756 2588 “⁰⁶²
788 2507 1175 2595 onouavaava'oeuvss)
1205 2511 1267 2587 καὶ
1481 2565 1514 2629 α
1534 2559 1822 2629 murmurosos.
1843 2565 1876 2628 et
1898 2561 2069 2628 Falcidia.

663 2639 731 2706 τοῦ
757 2630 955 2734 φαλκιδίου.

440 2834 488 2904 α’.
531 2838 601 2924 περὶ
634 2835 698 2902 τῶν
731 2830 938 2918 κληρονόμων
971 2833 1029 2899 καὶ
1056 2833 1116 2896 τοῦ
1146 2833 1266 2920 patac-
1401 2825 1516 2900 Const.
1542 2833 1577 2897 1.
1621 2830 1675 2898 De
1697 2830 1891 2917 haeredibus
1913 2835 1947 2897 et
1967 2827 2123 2896 Falcidia.

356 2941 495 3020 otene)

439 3037 484 3124 β’.
527 3039 597 3122 περὶ
616 3037 675 3102 τοῦ
690 3035 989 3120 τετραουγκίουκα)
1006 3031 1263 3118 έξαουγκέουῑθ).
1403 3029 1578 3101 0011519.
1622 3031 1676 3100 De
1704 3034 1826 3099 triente
1853 3038 1890 3099 et
1922 3031 2073 3099 semisse.
2117 3029 2228 3096 Habet

355 3145 421 3220 ἔχει
442 3141 553 3206 δὲκαὶ
575 3137 661 3204 ἄλλα
682 3132 860 3224 κεφάλαια.
1315 3141 1423 3203 autem
1446 3137 1544 3202 etiam
1565 3133 1630 3202 alia
1654 3135 1805 3221 capitula.

438 3236 486 3323 γ’.
529 3241 599 3325 περὶ
615 3234 910 3314 ἀποκαταστάσεως
920 3239 964 3320 ¹⁴)
985 3239 1042 3302 καὶ
1055 3240 1124 3320 περὶ
1146 3238 1201 3316 τῆς
1213 3262 1263 3302 τε·
1400 3235 1514 3303 Const.
1539 3234 1574 3300 3.
1619 3235 1673 3302 De
1694 3234 1900 3302 restitutione
1922 3239 1956 3301 et
1985 3233 2027 3299 de
2049 3250 2106 3321 ea,
2140 3249 2227 3318 quae

354 3336 473 3420 κοὺαης
505 3342 551 3423 τῴ
583 3335 644 3406 ια’.
675 3340 752 3423 μηνὶ
782 3335 865 3421 μετὰ
892 3335 950 3417 τὴν
978 3339 1037 3404 τοῦ
1065 3336 1183 3427 ἀνδρὸς
1214 3363 1263 3404 τε·
1314 3339 1443 3426 peperit
1464 3337 1631 3404 undecimo
1652 3355 1765 3404 meuse
1785 3343 1862 3424 post
1882 3336 1946 3403 viui
1968 3334 2097 3401 obitum.

355 3440 480 3524 λευτὴν.

437 3539 483 3608 δ’.
525 3543 595 3631 περὶ
627 3543 686 3608 τοῦ
709 3536 808 3628 ὅρκου
832 3543 892 3607 τοῦ
913 3541 1072 3617 δοθέντος
1093 3539 1183 3628 παρὰ
1203 3543 1265 3606 τοῦ
1399 3537 1515 3606 Const.
1536 3535 1576 3606 4.
1618 3538 1672 3606 De
1693 3536 1914 3626 iureiurando,
1935 3536 2019 3623 quod
2041 3533 2150 3599 datum
2169 3539 2225 3599 est

353 3643 563 3719 τελευτῶντος
589 3643 693 3708 ἕνεκεν
719 3644 775 3720 τῆς
808 3645 868 3708 τοῦ
891 3650 1010 3730 μέτρου
1043 3639 1147 3707 αὐτοῦ
1178 3665 1264 3730 ντερι-
1315 3643 1515 3709 emoriente
1536 3639 1578 3707 de
1599 3659 1681 3708 suae
1702 3640 1905 3706 substantiae
1925 3637 2116 3725 quantitate.

354 3745 531 3825 ovot'oee.¹³)

436 3840 476 3908 ε’.
520 3838 602 3910 ὥστε
635 3838 695 3919 τὰς
727 3848 895 3925 γινομένας
932 3849 1006 3920 νέας
1022 3847 1067 3926 ¹⁶)
1104 3841 1265 3924 διατάξεις
1400 3841 1513 3910 Const.
1537 3839 1574 3908 5.
1616 3843 1673 3932 Ut,
1694 3861 1777 3930 qnae
1797 3842 1878 3909 fiunt
1891 3857 1999 3908 novae
2013 3837 2225 3904 constitutio-

353 3947 422 4030 περὶ
443 3941 607 4022 διαθήκης
620 3941 926 4034 διδοίηὴμέραςίθ)
940 3954 1071 4034 κρατεῖν
1084 3947 1140 4025 τῆς
1153 3943 1264 4010 αὐδῶν
1312 3964 1374 4011 nes
1396 3945 1438 4011 de
1460 3949 1675 4024 testamento,
1709 3939 1830 4035 (post)
1853 3943 1914 4010 duo
1941 3958 2074 4006 menses
2103 3956 2147 4004 ex
2168 3937 2225 4004 in·

353 4048 529 4132 ἐμφανείας
550 4067 582 4110 κ.
604 4068 639 4109 τ.
656 4048 679 4108 έ.
1311 4047 1493 4113 sinuatione
1513 4047 1656 4134 ipsarum
1677 4045 1833 4123 valeant,
1853 4052 1888 4111 et
1909 4060 1992 4130 quae
2013 4038 2180 4125 deinceps.

436 4143 481 4220 ς’.
524 4147 595 4233 ηερὶ
638 4139 842 4232 ὁμοπατρίων
884 4147 942 4211 καὶ
992 4142 1194 4235 ὁμομητρίων
1212 4151 1260 4228 ¹⁹]
1396 4143 1509 4213 const
1531 4143 1568 4214 6.
1611 4145 1666 4214 De
1702 4147 1857 4212 tratribus
1896 4141 2147 4228 consanguineis
2187 4147 2226 4207 et

351 4244 512 4333 ἀδελφῶν.
1311 4249 1459 4316 uterinis

434 4344 474 4427 ζ’.
517 4349 587 4438 περὶ
614 4341 760 4438 ἀμέτρων
786 4345 912 4436 δωρεῶν
939 4351 985 4425 εἰς
1014 4349 1134 4425 παῖδας
1167 4371 1261 4434 μενο·
1397 4347 1508 4415 Const.
1532 4345 1568 4414 7.
1611 4347 1665 4418 De
1703 4348 1882 4418 immodicis
1922 4343 2150 4414 donationibus
2185 4345 2224 4409 in

349 4454 464 4528 μένων.
1312 4449 1431 4515 liberos
1453 4451 1562 4515 IactiS.

432 4547 477 4627 η’.
519 4550 589 4636 περὶ
610 4545 791 4635 βουλήσεως
799 4553 856 4632 ²⁰).
1396 4547 1511 4616 Coust.
1534 4546 1571 4614 8.
1614 4549 1668 4616 De
1690 4543 1845 4643 (ultima)
1866 4549 2046 4616 voluntate.

432 4647 489 4714 θ’.
533 4651 604 4739 περὶ
625 4651 690 4715 των
711 4645 1018 4716 ἀντοκαταστάσεων.
1395 4649 1509 4718 Const.
1533 4646 1568 4716 9.
1610 4650 1663 4717 De
1685 4653 1953 4720 restitutionibus.

451 5023 480 5086 1)
498 5023 551 5073 uu.
575 5023 601 5073 8.
629 5024 761 5076 adiectum
783 5029 825 5076 est
846 5025 890 5076 καὶ
910 5024 1078 5084 tutamentis.
1180 5026 1210 5092 2)
1226 5029 1279 5082 Pro
1302 5022 1468 5091 ένταούγκιοτ
1495 5023 1587 5078 Codex
1611 5025 1688 5078 tabet
1711 5028 1735 5076 e
1751 5042 1791 5090 ru.
1815 5027 1866 5078 111.
1888 5029 1913 5078 e.
1937 5034 2022 5080 coust.
2041 5030 2067 5084 1.
2090 5033 2170 5086 nubet
2186 5037 2224 5087 τὸ

344 5103 504 5168 leandrum.
607 5106 636 5171 8)
654 5109 746 5160 Codex
765 5112 805 5160 aio
821 5111 908 5161 habet.
943 5111 996 5161 no.
1014 5111 1041 5160 8.
1064 5112 1150 5162 conat.
1167 5113 1195 5162 2.
1218 5111 1382 5183 Σαμαρὶτας.
1467 5109 1498 5177 4)
1514 5112 1576 5161 Vox
1591 5105 1641 5176 τὴν
1658 5112 1735 5162 deest
1759 5113 1801 5160 ttt.
1818 5113 1843 5160 8.
1863 5117 1948 5163 coust.
1965 5116 1992 5164 3.
2078 5119 2109 5176 t)
2126 5117 2223 5170 Codex

344 5189 489 5261 ιῖνοραρὶαα.
574 5187 601 5256 9)
620 5193 711 5243 Codex
727 5189 906 5260 ἀπαλλαττηκ.
1009 5193 1108 5264 7)]111.
1135 5196 1160 5244 8.
1184 5202 1269 5246 const.
1288 5197 1427 5247 Ι1.ναῠσα.
1514 5193 1543 5257 8)
1561 5193 1653 5245 Codex
1673 5194 1832 5256 γενομένους.
1917 5181 1947 5260 9)
1963 5197 2120 5262 IncipItIoI.
2138 5207 2165 5253 a.
2183 5205 2221 5254 A.

346 5275 390 5339 to)
409 5276 460 5324 uo.
478 5276 503 5323 9.
522 5281 565 5327 est
581 5275 751 5347 κληρονόμων.
855 5277 899 5342 11)
917 5279 968 5329 'I'It
987 5279 1013 5327 9.
1032 5277 1164 5328 setectum
1181 5287 1223 5329 est
1240 5279 1283 5329 mi
1299 5275 1536 5330 ἀποκαταστάντων
1555 5283 1618 5341 post
1632 5274 1978 5333 vuoemononaraordaeur.
2082 5284 2127 5347 12)
2143 5287 2224 5338 Ilaec

343 5361 480 5420 inscriptio
504 5361 580 5410 deest
606 5366 645 5412 tot.
674 5363 699 5411 9.
723 5365 809 5412 const-
835 5361 862 5414 1.
965 5359 1012 5426 19)
1038 5359 1131 5411 Codex
1158 5361 1238 5430 τέτρα
1255 5361 1295 5431 ᾖ
1316 5361 1361 5412 καὶ
1389 5363 1473 5426 ituro.
1509 5364 1560 5413 mt.
1585 5365 1611 5413 9.
1638 5369 1724 5413 conat.
1749 5363 1774 5412 9.
1802 5365 1880 5416 babet
1904 5366 1966 5436 περὶ
1987 5369 2037 5418 τοῦ
2053 5369 2219 5438 τριονγτίου.

346 5443 390 5506 14)
407 5441 498 5492 Codex
521 5442 575 5494 ἀπὸ
592 5442 780 5502 καταστάσεως.
883 5441 1003 5508 15)Τ11.
1028 5445 1054 5494 9.
1072 5449 1156 5495 eonat.
1180 5443 1208 5494 4.
1232 5445 1326 5494 melius
1348 5447 1415 5497 haec
1440 5447 1533 5497 habete
1566 5444 1649 5496 ἔτεκεν
1680 5447 1729 5496 τοῦ
1745 5449 1842 5515 μέτρον
1868 5449 1916 5514 τῆς
1937 5445 2035 5502 τούτου
2055 5452 2221 5522 περιουσίας.

343 5523 459 5589 16)Ρτο
476 5527 533 5584 νίας
550 5531 590 5578 tit.
607 5533 632 5580 e.
649 5535 735 5580 const.
753 5527 980 5585 ο.Ιικ1οτθιιάς.
1086 5529 1132 5592 17)
1150 5529 1219 5578 Ante
1237 5526 1285 5578 δύο
1303 5531 1341 5579 ut.
1361 5532 1387 5579 e.
1406 5535 1494 5582 const.
1513 5535 1540 5582 e.
1558 5534 1706 5594 interpontt
1721 5528 1797 5591 μετά.
1901 5531 1947 5596 18)
1966 5537 2017 5584 Tit.
2037 5539 2068 5598 e.
2080 5541 2167 5586 coust.
2186 5541 2219 5587 o.

341 5609 407 5657 haee
424 5609 515 5660 habet:
538 5607 605 5672 μετὰ
623 5611 669 5663 δύο
686 5616 769 5678 μῆνας
785 5626 836 5676 pro
854 5613 946 5662 verbis
963 5605 1010 5662 eb·
1029 5605 1133 5680 ἡμέρας.
1170 5613 1243 5673 Quae
1260 5618 1387 5678 corrupta
1404 5627 1467 5664 esse
1491 5613 1658 5665 demonstrat
1675 5619 1714 5665 tir.
1734 5617 1760 5666 9.
1778 5621 1862 5666 const.
1881 5617 1907 5669 5.
1925 5614 1991 5677 μετὰ
2007 5615 2048 5682 β’.
2066 5620 2151 5683 μῆνας
2167 5621 2221 5685 τῆς

284 5699 288 5710 ’
340 5689 477 5750 ἐμφανείας
500 5695 630 5766 κρατείτω.
666 5697 820 5763 [regendum
841 5707 907 5762 ergo
931 5695 957 5748 Ιι.
979 5693 999 5748 l.
1025 5691 1074 5747 δύο
1096 5693 1187 5762 μῆνας.
1293 5695 1341 5764 te)
1364 5698 1458 5751 codex
1480 5697 1651 5768 ὁμομητριῶκ.
1755 5700 1805 5759 2⁰)
1821 5701 1872 5752 'l'it
1891 5703 1916 5750 9.
1942 5705 2027 5752 coust.
2043 5703 2070 5754 θ.
2087 5706 2147 5777 αιρι
2163 5706 2220 5754 τῶν

338 5775 488 5835 βουλευτῶν.
527 5819 531 5824 ,
