<?xml version="1.0" encoding="UTF-8"?>
<!DOCTYPE html PUBLIC "-//W3C//DTD XHTML 1.0 Transitional//EN"
    "http://www.w3.org/TR/xhtml1/DTD/xhtml1-transitional.dtd">
<html xmlns="http://www.w3.org/1999/xhtml" xml:lang="en" lang="en">
 <head>
  <title>
</title>
<meta http-equiv="Content-Type" content="text/html;charset=utf-8" />
  <meta name='ocr-system' content='tesseract 3.04.00' />
  <meta name='ocr-capabilities' content='ocr_page ocr_carea ocr_par ocr_line ocrx_word'/>
</head>
<body>
  <div class='ocr_page' id='page_1' title='image "./anekdotaexcodic00theogoog_0460.png"; bbox 0 0 4802 7060; ppageno 0'>
   <div class='ocr_carea' id='block_1_1' title="bbox 933 565 2034 645">
    <p class='ocr_par' dir='ltr' id='par_1_1' title="bbox 933 565 2034 645">
     <span class='ocr_line' id='line_1_1' title="bbox 933 565 2034 645; baseline 0.003 -8"><span class='ocrx_word' id='word_1_1' title='bbox 933 565 961 637; x_wconf 84' lang='lat' dir='ltr'><strong>C</strong></span> <span class='ocrx_word' id='word_1_2' title='bbox 982 571 1013 638; x_wconf 78' lang='grc' dir='ltr'><strong>Α</strong></span> <span class='ocrx_word' id='word_1_3' title='bbox 1036 571 1064 638; x_wconf 86' lang='grc' dir='ltr'><strong>Ρ</strong></span> <span class='ocrx_word' id='word_1_4' title='bbox 1087 571 1117 640; x_wconf 87' lang='lat' dir='ltr'><strong>ii</strong></span> <span class='ocrx_word' id='word_1_5' title='bbox 1140 573 1169 639; x_wconf 75' lang='lat' dir='ltr'><strong>i*</strong></span> <span class='ocrx_word' id='word_1_6' title='bbox 1234 577 1307 639; x_wconf 86' lang='lat' dir='ltr'><strong>lli.</strong></span> <span class='ocrx_word' id='word_1_7' title='bbox 1963 595 2034 645; x_wconf 72' lang='lat' dir='ltr'><strong>bvii</strong></span> 
     </span>
    </p>
   </div>
   <div class='ocr_carea' id='block_1_2' title="bbox 153 754 2034 843">
    <p class='ocr_par' dir='ltr' id='par_1_2' title="bbox 153 754 2034 843">
     <span class='ocr_line' id='line_1_2' title="bbox 153 754 2034 843; baseline 0.003 -19"><span class='ocrx_word' id='word_1_8' title='bbox 153 759 354 824; x_wconf 75' lang='lat' dir='ltr'><strong>LXXXVII.</strong></span> <span class='ocrx_word' id='word_1_9' title='bbox 385 755 597 843; x_wconf 85' lang='lat' dir='ltr'><strong>capitulorum</strong></span> <span class='ocrx_word' id='word_1_10' title='bbox 626 759 660 822; x_wconf 90' lang='lat' dir='ltr'><strong>et</strong></span> <span class='ocrx_word' id='word_1_11' title='bbox 688 754 914 822; x_wconf 84' lang='lat' dir='ltr'><strong>Aihanosiano</strong></span> <span class='ocrx_word' id='word_1_12' title='bbox 949 755 992 824; x_wconf 91' lang='lat' dir='ltr'><strong>de</strong></span> <span class='ocrx_word' id='word_1_13' title='bbox 1026 757 1201 824; x_wconf 87' lang='lat' dir='ltr'><strong>iustiniani</strong></span> <span class='ocrx_word' id='word_1_14' title='bbox 1233 758 1387 826; x_wconf 89' lang='lat' dir='ltr'><strong>Noveiiis</strong></span> <span class='ocrx_word' id='word_1_15' title='bbox 1420 757 1705 828; x_wconf 77' lang='lat' dir='ltr'><strong>constitutionibus</strong></span> <span class='ocrx_word' id='word_1_16' title='bbox 1733 761 1962 829; x_wconf 82' lang='lat' dir='ltr'><strong>commentario</strong></span> <span class='ocrx_word' id='word_1_17' title='bbox 1998 769 2034 829; x_wconf 89' lang='lat' dir='ltr'><strong>ct</strong></span> 
     </span>
    </p>
   </div>
   <div class='ocr_carea' id='block_1_3' title="bbox 153 855 2033 1030">
    <p class='ocr_par' dir='ltr' id='par_1_3' title="bbox 153 855 2033 1030">
     <span class='ocr_line' id='line_1_3' title="bbox 153 855 2033 1008; baseline 0.004 -85"><span class='ocrx_word' id='word_1_18' title='bbox 153 859 293 1008; x_wconf 59' lang='lat' dir='ltr'><strong>deditque</strong></span> <span class='ocrx_word' id='word_1_19' title='bbox 321 857 433 944; x_wconf 80' lang='lat' dir='ltr'><strong>ignota</strong></span> <span class='ocrx_word' id='word_1_20' title='bbox 464 858 602 945; x_wconf 86' lang='lat' dir='ltr'><strong>quadam</strong></span> <span class='ocrx_word' id='word_1_21' title='bbox 629 855 842 925; x_wconf 86' lang='lat' dir='ltr'><strong>Novellarum</strong></span> <span class='ocrx_word' id='word_1_22' title='bbox 880 855 1052 928; x_wconf 85' lang='lat' dir='ltr'><strong>Iustiniani</strong></span> <span class='ocrx_word' id='word_1_23' title='bbox 1084 859 1348 927; x_wconf 86' lang='lat' dir='ltr'><strong>constitutionum</strong></span> <span class='ocrx_word' id='word_1_24' title='bbox 1384 859 1657 948; x_wconf 86' lang='lat' dir='ltr'><strong>interpretatione</strong></span> <span class='ocrx_word' id='word_1_25' title='bbox 1666 863 1716 940; x_wconf 75' lang='lat'><strong>³⁷)</strong></span> <span class='ocrx_word' id='word_1_26' title='bbox 1754 883 1832 928; x_wconf 91' lang='lat' dir='ltr'><strong>usus</strong></span> <span class='ocrx_word' id='word_1_27' title='bbox 1868 883 1946 930; x_wconf 86' lang='lat' dir='ltr'><strong>csso</strong></span> <span class='ocrx_word' id='word_1_28' title='bbox 1976 884 2033 932; x_wconf 90' lang='lat' dir='ltr'><strong>re-</strong></span> 
     </span>
     <span class='ocr_line' id='line_1_4' title="bbox 153 961 287 1030; baseline -0.007 -21"><span class='ocrx_word' id='word_1_29' title='bbox 153 961 224 1030; x_wconf 91' lang='lat' dir='ltr'><strong>pen</strong></span> <span class='ocrx_word' id='word_1_30' title='bbox 241 963 287 1009; x_wconf 88' lang='lat' dir='ltr'><strong>ur.</strong></span> 
     </span>
    </p>
   </div>
   <div class='ocr_carea' id='block_1_4' title="bbox 138 1093 2034 4115">
    <p class='ocr_par' dir='ltr' id='par_1_4' title="bbox 138 1093 2034 4115">
     <span class='ocr_line' id='line_1_5' title="bbox 305 1093 2032 1184; baseline 0.006 -24"><span class='ocrx_word' id='word_1_31' title='bbox 305 1093 527 1162; x_wconf 81' lang='lat' dir='ltr'><strong>illudentem</strong></span> <span class='ocrx_word' id='word_1_32' title='bbox 554 1093 707 1162; x_wconf 87' lang='lat' dir='ltr'><strong>maiorem</strong></span> <span class='ocrx_word' id='word_1_33' title='bbox 737 1093 838 1160; x_wconf 89' lang='lat' dir='ltr'><strong>habet</strong></span> <span class='ocrx_word' id='word_1_34' title='bbox 867 1093 1116 1175; x_wconf 88' lang='lat' dir='ltr'><strong>dubitationem,</strong></span> <span class='ocrx_word' id='word_1_35' title='bbox 1153 1095 1229 1184; x_wconf 90' lang='lat' dir='ltr'><strong>qnid</strong></span> <span class='ocrx_word' id='word_1_36' title='bbox 1258 1095 1300 1164; x_wconf 90' lang='lat' dir='ltr'><strong>dc</strong></span> <span class='ocrx_word' id='word_1_37' title='bbox 1328 1095 1383 1162; x_wconf 88' lang='lat' dir='ltr'><strong>illa</strong></span> <span class='ocrx_word' id='word_1_38' title='bbox 1403 1097 1644 1164; x_wconf 89' lang='lat' dir='ltr'><strong>Nomocanonis</strong></span> <span class='ocrx_word' id='word_1_39' title='bbox 1673 1115 1694 1164; x_wconf 92' lang='lat' dir='ltr'><strong>a</strong></span> <span class='ocrx_word' id='word_1_40' title='bbox 1725 1097 2032 1170; x_wconf 86' lang='lat' dir='ltr'><strong>Pseudo-lohanne</strong></span> 
     </span>
     <span class='ocr_line' id='line_1_6' title="bbox 151 1195 2033 1286; baseline 0.002 -22"><span class='ocrx_word' id='word_1_41' title='bbox 151 1195 315 1282; x_wconf 89' lang='lat' dir='ltr'><strong>compilati</strong></span> <span class='ocrx_word' id='word_1_42' title='bbox 338 1197 448 1276; x_wconf 82' lang='lat' dir='ltr'><strong>forma,</strong></span> <span class='ocrx_word' id='word_1_43' title='bbox 472 1214 555 1282; x_wconf 84' lang='lat' dir='ltr'><strong>quae</strong></span> <span class='ocrx_word' id='word_1_44' title='bbox 578 1197 610 1260; x_wconf 91' lang='lat' dir='ltr'><strong>in</strong></span> <span class='ocrx_word' id='word_1_45' title='bbox 633 1195 766 1282; x_wconf 86' lang='lat' dir='ltr'><strong>reliquis</strong></span> <span class='ocrx_word' id='word_1_46' title='bbox 790 1195 954 1263; x_wconf 82' lang='lat' dir='ltr'><strong>codicibus</strong></span> <span class='ocrx_word' id='word_1_47' title='bbox 976 1197 1204 1283; x_wconf 83' lang='lat' dir='ltr'><strong>manuscriptis</strong></span> <span class='ocrx_word' id='word_1_48' title='bbox 1226 1197 1378 1280; x_wconf 86' lang='lat' dir='ltr'><strong>habetur,</strong></span> <span class='ocrx_word' id='word_1_49' title='bbox 1406 1197 1609 1264; x_wconf 88' lang='lat' dir='ltr'><strong>iudicandum</strong></span> <span class='ocrx_word' id='word_1_50' title='bbox 1637 1200 1692 1264; x_wconf 90' lang='lat' dir='ltr'><strong>sit.</strong></span> <span class='ocrx_word' id='word_1_51' title='bbox 1736 1197 1826 1286; x_wconf 82' lang='lat' dir='ltr'><strong>Ego,</strong></span> <span class='ocrx_word' id='word_1_52' title='bbox 1857 1201 1905 1267; x_wconf 89' lang='lat' dir='ltr'><strong>cni</strong></span> <span class='ocrx_word' id='word_1_53' title='bbox 1940 1209 2033 1269; x_wconf 88' lang='lat' dir='ltr'><strong>curta</strong></span> 
     </span>
     <span class='ocr_line' id='line_1_7' title="bbox 153 1296 2032 1389; baseline 0.002 -25"><span class='ocrx_word' id='word_1_54' title='bbox 153 1298 302 1384; x_wconf 87' lang='lat' dir='ltr'><strong>supellex</strong></span> <span class='ocrx_word' id='word_1_55' title='bbox 314 1305 376 1378; x_wconf 90' lang='lat' dir='ltr'><strong>est,</strong></span> <span class='ocrx_word' id='word_1_56' title='bbox 399 1303 500 1364; x_wconf 89' lang='lat' dir='ltr'><strong>totam</strong></span> <span class='ocrx_word' id='word_1_57' title='bbox 520 1297 604 1363; x_wconf 90' lang='lat' dir='ltr'><strong>hanc</strong></span> <span class='ocrx_word' id='word_1_58' title='bbox 621 1315 752 1362; x_wconf 87' lang='lat' dir='ltr'><strong>causam</strong></span> <span class='ocrx_word' id='word_1_59' title='bbox 772 1297 832 1380; x_wconf 85' lang='lat' dir='ltr'><strong>bis,</strong></span> <span class='ocrx_word' id='word_1_60' title='bbox 857 1297 912 1384; x_wconf 88' lang='lat' dir='ltr'><strong>qni</strong></span> <span class='ocrx_word' id='word_1_61' title='bbox 933 1315 983 1362; x_wconf 88' lang='lat' dir='ltr'><strong>me</strong></span> <span class='ocrx_word' id='word_1_62' title='bbox 997 1296 1160 1364; x_wconf 86' lang='lat' dir='ltr'><strong>doctiores</strong></span> <span class='ocrx_word' id='word_1_63' title='bbox 1174 1299 1428 1385; x_wconf 83' lang='lat' dir='ltr'><strong>sagacioresque</strong></span> <span class='ocrx_word' id='word_1_64' title='bbox 1443 1305 1529 1379; x_wconf 88' lang='lat' dir='ltr'><strong>sunt,</strong></span> <span class='ocrx_word' id='word_1_65' title='bbox 1549 1298 1753 1366; x_wconf 87' lang='lat' dir='ltr'><strong>iudicandam</strong></span> <span class='ocrx_word' id='word_1_66' title='bbox 1767 1303 1930 1389; x_wconf 88' lang='lat' dir='ltr'><strong>relinquo,</strong></span> <span class='ocrx_word' id='word_1_67' title='bbox 1953 1303 2032 1369; x_wconf 91' lang='lat' dir='ltr'><strong>illud</strong></span> 
     </span>
     <span class='ocr_line' id='line_1_8' title="bbox 152 1397 2033 1489; baseline 0.003 -24"><span class='ocrx_word' id='word_1_68' title='bbox 152 1419 247 1466; x_wconf 93' lang='lat' dir='ltr'><strong>onum</strong></span> <span class='ocrx_word' id='word_1_69' title='bbox 267 1398 329 1464; x_wconf 87' lang='lat' dir='ltr'><strong>hoc</strong></span> <span class='ocrx_word' id='word_1_70' title='bbox 351 1399 420 1464; x_wconf 92' lang='lat' dir='ltr'><strong>loco</strong></span> <span class='ocrx_word' id='word_1_71' title='bbox 445 1407 761 1486; x_wconf 84' lang='lat' dir='ltr'><strong>commemoraturus,</strong></span> <span class='ocrx_word' id='word_1_72' title='bbox 782 1399 812 1464; x_wconf 88' lang='lat' dir='ltr'><strong>si</strong></span> <span class='ocrx_word' id='word_1_73' title='bbox 834 1397 961 1486; x_wconf 75' lang='lat' dir='ltr'><strong>parando</strong></span> <span class='ocrx_word' id='word_1_74' title='bbox 983 1417 1101 1484; x_wconf 89' lang='lat' dir='ltr'><strong>corpus</strong></span> <span class='ocrx_word' id='word_1_75' title='bbox 1124 1402 1315 1464; x_wconf 75' lang='lat' dir='ltr'><strong>mxxxvii</strong></span> <span class='ocrx_word' id='word_1_76' title='bbox 1338 1400 1547 1486; x_wconf 87' lang='lat' dir='ltr'><strong>capitulorum</strong></span> <span class='ocrx_word' id='word_1_77' title='bbox 1569 1399 1880 1489; x_wconf 85' lang='lat' dir='ltr'><strong>Athanasiannsque</strong></span> <span class='ocrx_word' id='word_1_78' title='bbox 1909 1401 1951 1470; x_wconf 90' lang='lat' dir='ltr'><strong>dc</strong></span> <span class='ocrx_word' id='word_1_79' title='bbox 1972 1403 2033 1470; x_wconf 88' lang='lat' dir='ltr'><strong>lu·</strong></span> 
     </span>
     <span class='ocr_line' id='line_1_9' title="bbox 152 1497 2032 1586; baseline 0.003 -22"><span class='ocrx_word' id='word_1_80' title='bbox 152 1497 286 1564; x_wconf 86' lang='lat' dir='ltr'><strong>stiniani</strong></span> <span class='ocrx_word' id='word_1_81' title='bbox 306 1499 459 1565; x_wconf 90' lang='lat' dir='ltr'><strong>Novellis</strong></span> <span class='ocrx_word' id='word_1_82' title='bbox 481 1505 730 1566; x_wconf 89' lang='lat' dir='ltr'><strong>commentarius</strong></span> <span class='ocrx_word' id='word_1_83' title='bbox 753 1500 851 1566; x_wconf 87' lang='lat' dir='ltr'><strong>etiam</strong></span> <span class='ocrx_word' id='word_1_84' title='bbox 879 1500 912 1564; x_wconf 92' lang='lat' dir='ltr'><strong>in</strong></span> <span class='ocrx_word' id='word_1_85' title='bbox 941 1497 1074 1584; x_wconf 83' lang='lat' dir='ltr'><strong>reliquis</strong></span> <span class='ocrx_word' id='word_1_86' title='bbox 1101 1501 1342 1566; x_wconf 89' lang='lat' dir='ltr'><strong>Nomocanonis</strong></span> <span class='ocrx_word' id='word_1_87' title='bbox 1369 1501 1608 1586; x_wconf 79' lang='lat' dir='ltr'><strong>exemplaribus</strong></span> <span class='ocrx_word' id='word_1_88' title='bbox 1639 1509 1933 1568; x_wconf 83' lang='lat' dir='ltr'><strong>commemorentur.</strong></span> <span class='ocrx_word' id='word_1_89' title='bbox 1977 1503 2032 1572; x_wconf 87' lang='lat' dir='ltr'><strong>De</strong></span> 
     </span>
     <span class='ocr_line' id='line_1_10' title="bbox 152 1597 2033 1689; baseline 0.003 -23"><span class='ocrx_word' id='word_1_90' title='bbox 152 1597 275 1666; x_wconf 85' lang='lat' dir='ltr'><strong>Codice</strong></span> <span class='ocrx_word' id='word_1_91' title='bbox 288 1599 457 1681; x_wconf 87' lang='lat' dir='ltr'><strong>Vaticano,</strong></span> <span class='ocrx_word' id='word_1_92' title='bbox 481 1600 534 1688; x_wconf 90' lang='lat' dir='ltr'><strong>qui</strong></span> <span class='ocrx_word' id='word_1_93' title='bbox 551 1599 647 1665; x_wconf 93' lang='lat' dir='ltr'><strong>hodie</strong></span> <span class='ocrx_word' id='word_1_94' title='bbox 661 1621 791 1666; x_wconf 91' lang='lat' dir='ltr'><strong>numero</strong></span> <span class='ocrx_word' id='word_1_95' title='bbox 807 1598 899 1666; x_wconf 74' lang='grc'><strong>840.</strong></span> <span class='ocrx_word' id='word_1_96' title='bbox 914 1602 1064 1684; x_wconf 84' lang='lat' dir='ltr'><strong>signatus</strong></span> <span class='ocrx_word' id='word_1_97' title='bbox 1079 1607 1150 1689; x_wconf 89' lang='lat' dir='ltr'><strong>est,</strong></span> <span class='ocrx_word' id='word_1_98' title='bbox 1171 1601 1321 1688; x_wconf 87' lang='lat' dir='ltr'><strong>quemad</strong></span> <span class='ocrx_word' id='word_1_99' title='bbox 1343 1603 1495 1666; x_wconf 88' lang='lat' dir='ltr'><strong>amussim</strong></span> <span class='ocrx_word' id='word_1_100' title='bbox 1511 1602 1579 1668; x_wconf 85' lang='lat' dir='ltr'><strong>iere</strong></span> <span class='ocrx_word' id='word_1_101' title='bbox 1594 1622 1664 1668; x_wconf 90' lang='lat' dir='ltr'><strong>cum</strong></span> <span class='ocrx_word' id='word_1_102' title='bbox 1687 1601 1830 1668; x_wconf 90' lang='lat' dir='ltr'><strong>editione</strong></span> <span class='ocrx_word' id='word_1_103' title='bbox 1841 1602 2033 1671; x_wconf 86' lang='lat' dir='ltr'><strong>Iustelliana</strong></span> 
     </span>
     <span class='ocr_line' id='line_1_11' title="bbox 151 1699 2030 1789; baseline 0.002 -22"><span class='ocrx_word' id='word_1_104' title='bbox 151 1701 331 1767; x_wconf 86' lang='lat' dir='ltr'><strong>conuenire</strong></span> <span class='ocrx_word' id='word_1_105' title='bbox 351 1699 658 1782; x_wconf 59' lang='lat' dir='ltr'><strong>Aaaenianniucffi)</strong></span> <span class='ocrx_word' id='word_1_106' title='bbox 687 1708 892 1782; x_wconf 88' lang='lat' dir='ltr'><strong>auctorest,</strong></span> <span class='ocrx_word' id='word_1_107' title='bbox 929 1701 1069 1768; x_wconf 89' lang='lat' dir='ltr'><strong>dubitari</strong></span> <span class='ocrx_word' id='word_1_108' title='bbox 1097 1703 1226 1789; x_wconf 88' lang='lat' dir='ltr'><strong>nequit,</strong></span> <span class='ocrx_word' id='word_1_109' title='bbox 1262 1704 1337 1788; x_wconf 80' lang='lat' dir='ltr'><strong>quin</strong></span> <span class='ocrx_word' id='word_1_110' title='bbox 1371 1703 1538 1788; x_wconf 81' lang='lat' dir='ltr'><strong>utriusque</strong></span> <span class='ocrx_word' id='word_1_111' title='bbox 1565 1703 1614 1770; x_wconf 90' lang='lat' dir='ltr'><strong>rei</strong></span> <span class='ocrx_word' id='word_1_112' title='bbox 1640 1707 1761 1770; x_wconf 90' lang='lat' dir='ltr'><strong>mentio</strong></span> <span class='ocrx_word' id='word_1_113' title='bbox 1789 1705 1832 1770; x_wconf 90' lang='lat' dir='ltr'><strong>ibi</strong></span> <span class='ocrx_word' id='word_1_114' title='bbox 1863 1705 2030 1772; x_wconf 83' lang='lat' dir='ltr'><strong>habeatur.</strong></span> 
     </span>
     <span class='ocr_line' id='line_1_12' title="bbox 151 1799 2033 1891; baseline 0.004 -26"><span class='ocrx_word' id='word_1_115' title='bbox 151 1800 246 1884; x_wconf 77' lang='lat' dir='ltr'><strong>erod</strong></span> <span class='ocrx_word' id='word_1_116' title='bbox 269 1799 397 1889; x_wconf 85' lang='lat' dir='ltr'><strong>quidem</strong></span> <span class='ocrx_word' id='word_1_117' title='bbox 419 1803 514 1869; x_wconf 78' lang='lat' dir='ltr'><strong>facile</strong></span> <span class='ocrx_word' id='word_1_118' title='bbox 536 1804 699 1868; x_wconf 88' lang='lat' dir='ltr'><strong>constabit</strong></span> <span class='ocrx_word' id='word_1_119' title='bbox 721 1823 763 1870; x_wconf 90' lang='lat' dir='ltr'><strong>ex</strong></span> <span class='ocrx_word' id='word_1_120' title='bbox 787 1823 845 1891; x_wconf 84' lang='lat' dir='ltr'><strong>eu,</strong></span> <span class='ocrx_word' id='word_1_121' title='bbox 867 1821 960 1888; x_wconf 85' lang='lat' dir='ltr'><strong>quam</strong></span> <span class='ocrx_word' id='word_1_122' title='bbox 983 1803 1068 1870; x_wconf 90' lang='lat' dir='ltr'><strong>idem</strong></span> <span class='ocrx_word' id='word_1_123' title='bbox 1091 1802 1397 1883; x_wconf 72' lang='lat' dir='ltr'><strong>Aeoeoncrrrriico³⁹l</strong></span> <span class='ocrx_word' id='word_1_124' title='bbox 1420 1801 1606 1890; x_wconf 88' lang='lat' dir='ltr'><strong>proposuit,</strong></span> <span class='ocrx_word' id='word_1_125' title='bbox 1637 1805 1756 1870; x_wconf 87' lang='lat' dir='ltr'><strong>tabula.</strong></span> <span class='ocrx_word' id='word_1_126' title='bbox 1803 1804 1924 1872; x_wconf 82' lang='lat' dir='ltr'><strong>Statim</strong></span> <span class='ocrx_word' id='word_1_127' title='bbox 1947 1809 2033 1874; x_wconf 91' lang='lat' dir='ltr'><strong>enim</strong></span> 
     </span>
     <span class='ocr_line' id='line_1_13' title="bbox 152 1901 2033 1996; baseline 0.003 -28"><span class='ocrx_word' id='word_1_128' title='bbox 152 1905 184 1970; x_wconf 88' lang='lat' dir='ltr'><strong>iu</strong></span> <span class='ocrx_word' id='word_1_129' title='bbox 226 1904 329 1988; x_wconf 86' lang='lat' dir='ltr'><strong>primo</strong></span> <span class='ocrx_word' id='word_1_130' title='bbox 363 1903 604 1968; x_wconf 86' lang='lat' dir='ltr'><strong>Nomocanonis</strong></span> <span class='ocrx_word' id='word_1_131' title='bbox 644 1905 736 1970; x_wconf 89' lang='lat' dir='ltr'><strong>titulo</strong></span> <span class='ocrx_word' id='word_1_132' title='bbox 776 1903 934 1990; x_wconf 85' lang='lat' dir='ltr'><strong>praelatio</strong></span> <span class='ocrx_word' id='word_1_133' title='bbox 968 1912 1102 1970; x_wconf 86' lang='lat' dir='ltr'><strong>nostrae</strong></span> <span class='ocrx_word' id='word_1_134' title='bbox 1143 1905 1366 1991; x_wconf 75' lang='lat' dir='ltr'><strong>collectionis,</strong></span> <span class='ocrx_word' id='word_1_135' title='bbox 1408 1925 1491 1990; x_wconf 89' lang='lat' dir='ltr'><strong>quae</strong></span> <span class='ocrx_word' id='word_1_136' title='bbox 1528 1905 1641 1991; x_wconf 91' lang='lat' dir='ltr'><strong>incipit</strong></span> <span class='ocrx_word' id='word_1_137' title='bbox 1676 1912 1720 1979; x_wconf 79' lang='grc' dir='ltr'><strong>εἰς</strong></span> <span class='ocrx_word' id='word_1_138' title='bbox 1755 1901 1855 1983; x_wconf 61' lang='lat' dir='ltr'><strong>abaco</strong></span> <span class='ocrx_word' id='word_1_139' title='bbox 1885 1907 2033 1996; x_wconf 87' lang='lat' dir='ltr'><strong>habetur,</strong></span> 
     </span>
     <span class='ocr_line' id='line_1_14' title="bbox 155 2003 2032 2092; baseline 0.003 -24"><span class='ocrx_word' id='word_1_140' title='bbox 155 2025 252 2091; x_wconf 89' lang='lat' dir='ltr'><strong>qnam</strong></span> <span class='ocrx_word' id='word_1_141' title='bbox 274 2009 372 2090; x_wconf 87' lang='lat' dir='ltr'><strong>caput</strong></span> <span class='ocrx_word' id='word_1_142' title='bbox 397 2005 430 2070; x_wconf 91' lang='lat' dir='ltr'><strong>i.</strong></span> <span class='ocrx_word' id='word_1_143' title='bbox 453 2003 598 2072; x_wconf 89' lang='lat' dir='ltr'><strong>eiusdem</strong></span> <span class='ocrx_word' id='word_1_144' title='bbox 621 2005 767 2090; x_wconf 88' lang='lat' dir='ltr'><strong>corporis</strong></span> <span class='ocrx_word' id='word_1_145' title='bbox 790 2004 998 2090; x_wconf 81' lang='lat' dir='ltr'><strong>subsequitur</strong></span> <span class='ocrx_word' id='word_1_146' title='bbox 1007 2008 1068 2084; x_wconf 81' lang='lat'><strong>⁴⁰).</strong></span> <span class='ocrx_word' id='word_1_147' title='bbox 1114 2005 1224 2092; x_wconf 86' lang='lat' dir='ltr'><strong>Atque</strong></span> <span class='ocrx_word' id='word_1_148' title='bbox 1247 2007 1344 2072; x_wconf 89' lang='lat' dir='ltr'><strong>etiam</strong></span> <span class='ocrx_word' id='word_1_149' title='bbox 1367 2005 1400 2069; x_wconf 91' lang='lat' dir='ltr'><strong>in</strong></span> <span class='ocrx_word' id='word_1_150' title='bbox 1423 2011 1537 2092; x_wconf 85' lang='lat' dir='ltr'><strong>quarto</strong></span> <span class='ocrx_word' id='word_1_151' title='bbox 1560 2007 1797 2071; x_wconf 87' lang='lat' dir='ltr'><strong>Nomocanonis</strong></span> <span class='ocrx_word' id='word_1_152' title='bbox 1827 2005 1921 2072; x_wconf 87' lang='lat' dir='ltr'><strong>titulo</strong></span> <span class='ocrx_word' id='word_1_153' title='bbox 1950 2009 2032 2074; x_wconf 88' lang='lat' dir='ltr'><strong>haec</strong></span> 
     </span>
     <span class='ocr_line' id='line_1_15' title="bbox 150 2103 2032 2194; baseline 0 -23"><span class='ocrx_word' id='word_1_154' title='bbox 150 2107 280 2171; x_wconf 87' lang='lat' dir='ltr'><strong>inserta</strong></span> <span class='ocrx_word' id='word_1_155' title='bbox 301 2112 394 2193; x_wconf 89' lang='lat' dir='ltr'><strong>sunt,</strong></span> <span class='ocrx_word' id='word_1_156' title='bbox 417 2123 501 2191; x_wconf 86' lang='lat' dir='ltr'><strong>quae</strong></span> <span class='ocrx_word' id='word_1_157' title='bbox 524 2103 608 2192; x_wconf 88' lang='lat' dir='ltr'><strong>apud</strong></span> <span class='ocrx_word' id='word_1_158' title='bbox 632 2105 811 2172; x_wconf 85' lang='lat' dir='ltr'><strong>lustelliuur</strong></span> <span class='ocrx_word' id='word_1_159' title='bbox 855 2106 953 2172; x_wconf 88' lang='lat' dir='ltr'><strong>tertio</strong></span> <span class='ocrx_word' id='word_1_160' title='bbox 977 2105 1145 2172; x_wconf 82' lang='lat' dir='ltr'><strong>habentur.</strong></span> <span class='ocrx_word' id='word_1_161' title='bbox 1192 2105 1331 2171; x_wconf 82' lang='lat' dir='ltr'><strong>Primum</strong></span> <span class='ocrx_word' id='word_1_162' title='bbox 1354 2105 1439 2171; x_wconf 90' lang='lat' dir='ltr'><strong>enim</strong></span> <span class='ocrx_word' id='word_1_163' title='bbox 1461 2107 1652 2192; x_wconf 90' lang='lat' dir='ltr'><strong>capitulum,</strong></span> <span class='ocrx_word' id='word_1_164' title='bbox 1688 2107 1773 2192; x_wconf 85' lang='lat' dir='ltr'><strong>quod</strong></span> <span class='ocrx_word' id='word_1_165' title='bbox 1801 2107 1914 2194; x_wconf 90' lang='lat' dir='ltr'><strong>incipit</strong></span> <span class='ocrx_word' id='word_1_166' title='bbox 1935 2132 2032 2192; x_wconf 78' lang='grc' dir='ltr'><em>πρισ-</em></span> 
     </span>
     <span class='ocr_line' id='line_1_16' title="bbox 149 2204 2032 2294; baseline 0.001 -22"><span class='ocrx_word' id='word_1_167' title='bbox 149 2209 323 2294; x_wconf 79' lang='grc' dir='ltr'><em>βυτέρους,</em></span> <span class='ocrx_word' id='word_1_168' title='bbox 346 2212 398 2273; x_wconf 89' lang='lat' dir='ltr'><strong>est</strong></span> <span class='ocrx_word' id='word_1_169' title='bbox 420 2208 525 2273; x_wconf 90' lang='lat' dir='ltr'><strong>nostri</strong></span> <span class='ocrx_word' id='word_1_170' title='bbox 547 2207 692 2292; x_wconf 89' lang='lat' dir='ltr'><strong>corporis</strong></span> <span class='ocrx_word' id='word_1_171' title='bbox 715 2226 785 2292; x_wconf 88' lang='lat' dir='ltr'><strong>cap.</strong></span> <span class='ocrx_word' id='word_1_172' title='bbox 812 2204 894 2294; x_wconf 55' lang='lat' dir='ltr'><strong>aaa</strong></span> <span class='ocrx_word' id='word_1_173' title='bbox 916 2205 1103 2288; x_wconf 90' lang='lat' dir='ltr'><strong>secundum,</strong></span> <span class='ocrx_word' id='word_1_174' title='bbox 1126 2207 1209 2293; x_wconf 91' lang='lat' dir='ltr'><strong>quod</strong></span> <span class='ocrx_word' id='word_1_175' title='bbox 1232 2207 1279 2271; x_wconf 91' lang='lat' dir='ltr'><strong>ita</strong></span> <span class='ocrx_word' id='word_1_176' title='bbox 1300 2205 1417 2273; x_wconf 86' lang='lat' dir='ltr'><strong>habet:</strong></span> <span class='ocrx_word' id='word_1_177' title='bbox 1440 2205 1499 2282; x_wconf 75' lang='grc' dir='ltr'><em>τὰς</em></span> <span class='ocrx_word' id='word_1_178' title='bbox 1521 2210 1585 2272; x_wconf 74' lang='grc' dir='ltr'><em>τῶν</em></span> <span class='ocrx_word' id='word_1_179' title='bbox 1607 2205 1803 2293; x_wconf 76' lang='grc' dir='ltr'><em>ἀὸιαὸοχωυ,</em></span> <span class='ocrx_word' id='word_1_180' title='bbox 1827 2208 2032 2273; x_wconf 77' lang='lat' dir='ltr'><strong>exdtbana-</strong></span> 
     </span>
     <span class='ocr_line' id='line_1_17' title="bbox 150 2305 2032 2396; baseline -0.001 -23"><span class='ocrx_word' id='word_1_181' title='bbox 150 2310 192 2373; x_wconf 90' lang='lat' dir='ltr'><strong>sii</strong></span> <span class='ocrx_word' id='word_1_182' title='bbox 219 2310 268 2375; x_wconf 88' lang='lat' dir='ltr'><strong>tit</strong></span> <span class='ocrx_word' id='word_1_183' title='bbox 294 2307 329 2373; x_wconf 71' lang='lat' dir='ltr'><strong>a.</strong></span> <span class='ocrx_word' id='word_1_184' title='bbox 354 2314 457 2374; x_wconf 89' lang='lat' dir='ltr'><strong>const.</strong></span> <span class='ocrx_word' id='word_1_185' title='bbox 471 2307 506 2374; x_wconf 83' lang='lat'><strong>3.</strong></span> <span class='ocrx_word' id='word_1_186' title='bbox 529 2307 701 2374; x_wconf 84' lang='lat' dir='ltr'><strong>deductura</strong></span> <span class='ocrx_word' id='word_1_187' title='bbox 724 2314 797 2396; x_wconf 69' lang='lat' dir='ltr'><strong>est,</strong></span> <span class='ocrx_word' id='word_1_188' title='bbox 820 2306 960 2392; x_wconf 84' lang='lat' dir='ltr'><strong>denique</strong></span> <span class='ocrx_word' id='word_1_189' title='bbox 982 2308 1122 2390; x_wconf 90' lang='lat' dir='ltr'><strong>tertium,</strong></span> <span class='ocrx_word' id='word_1_190' title='bbox 1145 2307 1235 2374; x_wconf 93' lang='lat' dir='ltr'><strong>cuius</strong></span> <span class='ocrx_word' id='word_1_191' title='bbox 1257 2309 1379 2374; x_wconf 92' lang='lat' dir='ltr'><strong>initium</strong></span> <span class='ocrx_word' id='word_1_192' title='bbox 1403 2305 1488 2373; x_wconf 79' lang='lat' dir='ltr'><strong>ostri</strong></span> <span class='ocrx_word' id='word_1_193' title='bbox 1509 2306 1692 2394; x_wconf 75' lang='grc' dir='ltr'><em>βουλευτής,</em></span> <span class='ocrx_word' id='word_1_194' title='bbox 1716 2329 1758 2374; x_wconf 91' lang='lat' dir='ltr'><strong>ex</strong></span> <span class='ocrx_word' id='word_1_195' title='bbox 1781 2308 1925 2374; x_wconf 91' lang='lat' dir='ltr'><strong>eiusdem</strong></span> <span class='ocrx_word' id='word_1_196' title='bbox 1948 2309 2032 2373; x_wconf 88' lang='lat' dir='ltr'><strong>scri-</strong></span> 
     </span>
     <span class='ocr_line' id='line_1_18' title="bbox 153 2407 2033 2496; baseline 0.001 -23"><span class='ocrx_word' id='word_1_197' title='bbox 153 2410 261 2496; x_wconf 90' lang='lat' dir='ltr'><strong>ptoris</strong></span> <span class='ocrx_word' id='word_1_198' title='bbox 283 2409 332 2474; x_wconf 83' lang='lat' dir='ltr'><strong>tit</strong></span> <span class='ocrx_word' id='word_1_199' title='bbox 357 2409 391 2474; x_wconf 91' lang='lat'><strong>1.</strong></span> <span class='ocrx_word' id='word_1_200' title='bbox 415 2415 518 2475; x_wconf 92' lang='lat' dir='ltr'><strong>const.</strong></span> <span class='ocrx_word' id='word_1_201' title='bbox 544 2407 578 2474; x_wconf 75' lang='lat'><strong>2.</strong></span> <span class='ocrx_word' id='word_1_202' title='bbox 603 2411 823 2494; x_wconf 61' lang='lat' dir='ltr'><strong>proventu).</strong></span> <span class='ocrx_word' id='word_1_203' title='bbox 867 2407 922 2474; x_wconf 81' lang='lat' dir='ltr'><strong>Ex</strong></span> <span class='ocrx_word' id='word_1_204' title='bbox 945 2408 1005 2489; x_wconf 91' lang='lat' dir='ltr'><strong>his,</strong></span> <span class='ocrx_word' id='word_1_205' title='bbox 1029 2428 1113 2495; x_wconf 87' lang='lat' dir='ltr'><strong>quae</strong></span> <span class='ocrx_word' id='word_1_206' title='bbox 1135 2409 1311 2495; x_wconf 81' lang='lat' dir='ltr'><strong>attulimus,</strong></span> <span class='ocrx_word' id='word_1_207' title='bbox 1333 2410 1494 2496; x_wconf 86' lang='lat' dir='ltr'><strong>exemplis</strong></span> <span class='ocrx_word' id='word_1_208' title='bbox 1523 2411 1656 2476; x_wconf 87' lang='lat' dir='ltr'><strong>casdem</strong></span> <span class='ocrx_word' id='word_1_209' title='bbox 1679 2411 1748 2476; x_wconf 85' lang='lat' dir='ltr'><strong>lere</strong></span> <span class='ocrx_word' id='word_1_210' title='bbox 1771 2411 1872 2495; x_wconf 83' lang='lat' dir='ltr'><strong>leges,</strong></span> <span class='ocrx_word' id='word_1_211' title='bbox 1894 2410 2033 2496; x_wconf 90' lang='lat' dir='ltr'><strong>quaein</strong></span> 
     </span>
     <span class='ocr_line' id='line_1_19' title="bbox 151 2507 2033 2600; baseline -0.001 -22"><span class='ocrx_word' id='word_1_212' title='bbox 151 2510 299 2578; x_wconf 88' lang='lat' dir='ltr'><strong>editione</strong></span> <span class='ocrx_word' id='word_1_213' title='bbox 323 2507 513 2578; x_wconf 86' lang='lat' dir='ltr'><strong>instelliana</strong></span> <span class='ocrx_word' id='word_1_214' title='bbox 534 2509 707 2600; x_wconf 88' lang='lat' dir='ltr'><strong>habentur,</strong></span> <span class='ocrx_word' id='word_1_215' title='bbox 741 2511 774 2576; x_wconf 90' lang='lat' dir='ltr'><strong>in</strong></span> <span class='ocrx_word' id='word_1_216' title='bbox 795 2509 956 2576; x_wconf 86' lang='lat' dir='ltr'><strong>Vaticano</strong></span> <span class='ocrx_word' id='word_1_217' title='bbox 980 2507 1103 2577; x_wconf 87' lang='lat' dir='ltr'><strong>Codice</strong></span> <span class='ocrx_word' id='word_1_218' title='bbox 1126 2507 1218 2575; x_wconf 76' lang='grc'><strong>810.</strong></span> <span class='ocrx_word' id='word_1_219' title='bbox 1241 2509 1372 2575; x_wconf 85' lang='lat' dir='ltr'><strong>laudari·</strong></span> <span class='ocrx_word' id='word_1_220' title='bbox 1394 2511 1491 2577; x_wconf 80' lang='lat' dir='ltr'><strong>facile</strong></span> <span class='ocrx_word' id='word_1_221' title='bbox 1520 2519 1659 2577; x_wconf 88' lang='lat' dir='ltr'><strong>constat.</strong></span> <span class='ocrx_word' id='word_1_222' title='bbox 1704 2513 1840 2592; x_wconf 83' lang='lat' dir='ltr'><strong>Restat,</strong></span> <span class='ocrx_word' id='word_1_223' title='bbox 1879 2519 1913 2576; x_wconf 92' lang='lat' dir='ltr'><strong>ut</strong></span> <span class='ocrx_word' id='word_1_224' title='bbox 1935 2518 1969 2576; x_wconf 89' lang='lat' dir='ltr'><strong>ei</strong></span> <span class='ocrx_word' id='word_1_225' title='bbox 1990 2509 2033 2576; x_wconf 91' lang='lat' dir='ltr'><strong>de</strong></span> 
     </span>
     <span class='ocr_line' id='line_1_20' title="bbox 148 2609 2032 2701; baseline 0 -22"><span class='ocrx_word' id='word_1_226' title='bbox 148 2613 260 2679; x_wconf 87' lang='lat' dir='ltr'><strong>altero</strong></span> <span class='ocrx_word' id='word_1_227' title='bbox 283 2611 404 2678; x_wconf 89' lang='lat' dir='ltr'><strong>Codice</strong></span> <span class='ocrx_word' id='word_1_228' title='bbox 424 2611 597 2700; x_wconf 86' lang='lat' dir='ltr'><strong>Vaticano,</strong></span> <span class='ocrx_word' id='word_1_229' title='bbox 619 2612 673 2698; x_wconf 94' lang='lat' dir='ltr'><strong>qui</strong></span> <span class='ocrx_word' id='word_1_230' title='bbox 696 2629 827 2676; x_wconf 90' lang='lat' dir='ltr'><strong>numero</strong></span> <span class='ocrx_word' id='word_1_231' title='bbox 851 2609 941 2676; x_wconf 82' lang='grc'><strong>610.</strong></span> <span class='ocrx_word' id='word_1_232' title='bbox 966 2611 1116 2696; x_wconf 85' lang='lat' dir='ltr'><strong>signatus</strong></span> <span class='ocrx_word' id='word_1_233' title='bbox 1138 2618 1201 2698; x_wconf 89' lang='lat' dir='ltr'><strong>cst,</strong></span> <span class='ocrx_word' id='word_1_234' title='bbox 1222 2609 1343 2697; x_wconf 88' lang='lat' dir='ltr'><strong>aliquid</strong></span> <span class='ocrx_word' id='word_1_235' title='bbox 1365 2611 1576 2698; x_wconf 81' lang='lat' dir='ltr'><strong>proteramus.</strong></span> <span class='ocrx_word' id='word_1_236' title='bbox 1601 2614 1710 2679; x_wconf 89' lang='lat' dir='ltr'><strong>Titulo</strong></span> <span class='ocrx_word' id='word_1_237' title='bbox 1725 2619 1852 2700; x_wconf 81' lang='lat' dir='ltr'><strong>quarto,</strong></span> <span class='ocrx_word' id='word_1_238' title='bbox 1874 2614 1926 2701; x_wconf 89' lang='lat' dir='ltr'><strong>qui</strong></span> <span class='ocrx_word' id='word_1_239' title='bbox 1939 2614 2032 2693; x_wconf 87' lang='lat' dir='ltr'><strong>haec,</strong></span> 
     </span>
     <span class='ocr_line' id='line_1_21' title="bbox 150 2677 2033 2801; baseline 0.001 -23"><span class='ocrx_word' id='word_1_240' title='bbox 150 2733 240 2800; x_wconf 85' lang='lat' dir='ltr'><strong>quac</strong></span> <span class='ocrx_word' id='word_1_241' title='bbox 255 2712 342 2799; x_wconf 85' lang='lat' dir='ltr'><strong>apud</strong></span> <span class='ocrx_word' id='word_1_242' title='bbox 359 2677 535 2778; x_wconf 69' lang='lat' dir='ltr'><strong>lustclliu⁷m</strong></span> <span class='ocrx_word' id='word_1_243' title='bbox 549 2711 640 2779; x_wconf 89' lang='lat' dir='ltr'><strong>tertii</strong></span> <span class='ocrx_word' id='word_1_244' title='bbox 657 2717 734 2776; x_wconf 88' lang='lat' dir='ltr'><strong>sunt</strong></span> <span class='ocrx_word' id='word_1_245' title='bbox 750 2712 835 2776; x_wconf 90' lang='lat' dir='ltr'><strong>tituli</strong></span> <span class='ocrx_word' id='word_1_246' title='bbox 858 2712 962 2796; x_wconf 83' lang='lat' dir='ltr'><strong>legum</strong></span> <span class='ocrx_word' id='word_1_247' title='bbox 984 2713 1104 2800; x_wconf 87' lang='lat' dir='ltr'><strong>cupita,</strong></span> <span class='ocrx_word' id='word_1_248' title='bbox 1127 2713 1360 2798; x_wconf 89' lang='lat' dir='ltr'><strong>complectitur,</strong></span> <span class='ocrx_word' id='word_1_249' title='bbox 1384 2711 1439 2776; x_wconf 91' lang='lat' dir='ltr'><strong>illa</strong></span> <span class='ocrx_word' id='word_1_250' title='bbox 1452 2714 1685 2797; x_wconf 73' lang='grc' dir='ltr'><em>πρεσβυτέρους</em></span> <span class='ocrx_word' id='word_1_251' title='bbox 1701 2723 1735 2779; x_wconf 90' lang='lat' dir='ltr'><strong>et</strong></span> <span class='ocrx_word' id='word_1_252' title='bbox 1755 2715 1880 2801; x_wconf 88' lang='lat' dir='ltr'><strong>reliqua</strong></span> <span class='ocrx_word' id='word_1_253' title='bbox 1899 2713 2033 2800; x_wconf 85' lang='lat' dir='ltr'><strong>capituli</strong></span> 
     </span>
     <span class='ocr_line' id='line_1_22' title="bbox 148 2808 2034 2902; baseline 0.002 -23"><span class='ocrx_word' id='word_1_254' title='bbox 148 2813 248 2902; x_wconf 91' lang='lat' dir='ltr'><strong>primi</strong></span> <span class='ocrx_word' id='word_1_255' title='bbox 272 2813 342 2878; x_wconf 94' lang='lat' dir='ltr'><strong>loco</strong></span> <span class='ocrx_word' id='word_1_256' title='bbox 365 2813 542 2902; x_wconf 68' lang='lat' dir='ltr'><strong>hahentur,</strong></span> <span class='ocrx_word' id='word_1_257' title='bbox 563 2818 743 2900; x_wconf 88' lang='lat' dir='ltr'><strong>sequnntur</strong></span> <span class='ocrx_word' id='word_1_258' title='bbox 764 2820 872 2878; x_wconf 91' lang='lat' dir='ltr'><strong>antem</strong></span> <span class='ocrx_word' id='word_1_259' title='bbox 895 2813 994 2878; x_wconf 83' lang='lat' dir='ltr'><strong>haec:</strong></span> <span class='ocrx_word' id='word_1_260' title='bbox 1016 2809 1076 2886; x_wconf 80' lang='grc' dir='ltr'><em>τὰς</em></span> <span class='ocrx_word' id='word_1_261' title='bbox 1096 2813 1160 2876; x_wconf 77' lang='grc' dir='ltr'><strong>τῶν</strong></span> <span class='ocrx_word' id='word_1_262' title='bbox 1182 2808 1387 2902; x_wconf 63' lang='lat' dir='ltr'><strong>directim,</strong></span> <span class='ocrx_word' id='word_1_263' title='bbox 1409 2814 1549 2900; x_wconf 86' lang='lat' dir='ltr'><strong>denique</strong></span> <span class='ocrx_word' id='word_1_264' title='bbox 1570 2816 1652 2880; x_wconf 87' lang='lat' dir='ltr'><strong>ista:</strong></span> <span class='ocrx_word' id='word_1_265' title='bbox 1683 2813 1701 2878; x_wconf 87' lang='grc' dir='ltr'>ὁ</span> <span class='ocrx_word' id='word_1_266' title='bbox 1721 2813 1894 2899; x_wconf 78' lang='grc' dir='ltr'><em>βουλευτὴς</em></span> <span class='ocrx_word' id='word_1_267' title='bbox 1915 2816 2034 2900; x_wconf 84' lang='lat' dir='ltr'><strong>legun-</strong></span> 
     </span>
     <span class='ocr_line' id='line_1_23' title="bbox 148 2912 2034 3002; baseline -0.001 -19"><span class='ocrx_word' id='word_1_268' title='bbox 148 2927 204 2984; x_wconf 87' lang='lat' dir='ltr'><strong>tur</strong></span> <span class='ocrx_word' id='word_1_269' title='bbox 219 2919 283 2996; x_wconf 68' lang='lat' dir='ltr'><strong>aa),</strong></span> <span class='ocrx_word' id='word_1_270' title='bbox 327 2912 420 2996; x_wconf 79' lang='lat' dir='ltr'><strong>Quinc</strong></span> <span class='ocrx_word' id='word_1_271' title='bbox 443 2912 571 3002; x_wconf 88' lang='lat' dir='ltr'><strong>quidem</strong></span> <span class='ocrx_word' id='word_1_272' title='bbox 593 2915 709 3000; x_wconf 89' lang='lat' dir='ltr'><strong>partim</strong></span> <span class='ocrx_word' id='word_1_273' title='bbox 733 2933 775 2980; x_wconf 86' lang='lat' dir='ltr'><strong>ex</strong></span> <span class='ocrx_word' id='word_1_274' title='bbox 799 2933 936 3001; x_wconf 92' lang='lat' dir='ltr'><strong>corpore</strong></span> <span class='ocrx_word' id='word_1_275' title='bbox 958 2915 1152 2980; x_wconf 83' lang='lat' dir='ltr'>LXXXVII</span> <span class='ocrx_word' id='word_1_276' title='bbox 1174 2912 1395 2999; x_wconf 89' lang='lat' dir='ltr'><strong>capitulorum,</strong></span> <span class='ocrx_word' id='word_1_277' title='bbox 1419 2915 1535 3000; x_wconf 88' lang='lat' dir='ltr'><strong>partim</strong></span> <span class='ocrx_word' id='word_1_278' title='bbox 1558 2934 1601 2981; x_wconf 90' lang='lat' dir='ltr'><strong>ex</strong></span> <span class='ocrx_word' id='word_1_279' title='bbox 1622 2915 1797 2981; x_wconf 85' lang='lat' dir='ltr'><strong>Athanasii</strong></span> <span class='ocrx_word' id='word_1_280' title='bbox 1826 2916 1906 2982; x_wconf 89' lang='lat' dir='ltr'><strong>libro</strong></span> <span class='ocrx_word' id='word_1_281' title='bbox 1928 2916 2034 2983; x_wconf 90' lang='lat' dir='ltr'><strong>dedu·</strong></span> 
     </span>
     <span class='ocr_line' id='line_1_24' title="bbox 147 3011 2031 3103; baseline -0.001 -18"><span class='ocrx_word' id='word_1_282' title='bbox 147 3023 315 3103; x_wconf 84' lang='lat' dir='ltr'><strong>ctaesse,</strong></span> <span class='ocrx_word' id='word_1_283' title='bbox 337 3015 578 3102; x_wconf 90' lang='lat' dir='ltr'><strong>supradictum</strong></span> <span class='ocrx_word' id='word_1_284' title='bbox 601 3022 662 3080; x_wconf 89' lang='lat' dir='ltr'><strong>est.</strong></span> <span class='ocrx_word' id='word_1_285' title='bbox 707 3011 793 3080; x_wconf 86' lang='lat' dir='ltr'><strong>Illud</strong></span> <span class='ocrx_word' id='word_1_286' title='bbox 815 3023 923 3082; x_wconf 91' lang='lat' dir='ltr'><strong>autem</strong></span> <span class='ocrx_word' id='word_1_287' title='bbox 945 3015 1057 3080; x_wconf 80' lang='lat' dir='ltr'><strong>mnam</strong></span> <span class='ocrx_word' id='word_1_288' title='bbox 1080 3020 1143 3096; x_wconf 91' lang='lat' dir='ltr'><strong>est,</strong></span> <span class='ocrx_word' id='word_1_289' title='bbox 1167 3013 1253 3100; x_wconf 89' lang='lat' dir='ltr'><strong>quod</strong></span> <span class='ocrx_word' id='word_1_290' title='bbox 1274 3014 1336 3098; x_wconf 92' lang='lat' dir='ltr'><strong>hic,</strong></span> <span class='ocrx_word' id='word_1_291' title='bbox 1359 3035 1453 3101; x_wconf 91' lang='lat' dir='ltr'><strong>quem</strong></span> <span class='ocrx_word' id='word_1_292' title='bbox 1476 3015 1585 3083; x_wconf 92' lang='lat' dir='ltr'><strong>ultimo</strong></span> <span class='ocrx_word' id='word_1_293' title='bbox 1607 3015 1675 3082; x_wconf 89' lang='lat' dir='ltr'><strong>loco</strong></span> <span class='ocrx_word' id='word_1_294' title='bbox 1698 3019 2031 3098; x_wconf 87' lang='lat' dir='ltr'><strong>commemoravimus,</strong></span> 
     </span>
     <span class='ocr_line' id='line_1_25' title="bbox 148 3112 2033 3205; baseline -0.002 -18"><span class='ocrx_word' id='word_1_295' title='bbox 148 3117 263 3187; x_wconf 83' lang='lat' dir='ltr'><strong>codex</strong></span> <span class='ocrx_word' id='word_1_296' title='bbox 276 3117 524 3204; x_wconf 81' lang='lat' dir='ltr'><strong>manuscriptus</strong></span> <span class='ocrx_word' id='word_1_297' title='bbox 546 3117 631 3182; x_wconf 90' lang='lat' dir='ltr'><strong>iuter</strong></span> <span class='ocrx_word' id='word_1_298' title='bbox 652 3113 695 3182; x_wconf 76' lang='lat' dir='ltr'><strong>rei</strong></span> <span class='ocrx_word' id='word_1_299' title='bbox 715 3112 901 3198; x_wconf 74' lang='grc' dir='ltr'><em>συνᾴδοντα</em></span> <span class='ocrx_word' id='word_1_300' title='bbox 922 3113 1045 3198; x_wconf 85' lang='grc' dir='ltr'><em>νόμιμα</em></span> <span class='ocrx_word' id='word_1_301' title='bbox 1073 3117 1290 3182; x_wconf 90' lang='lat' dir='ltr'><strong>recentiorum</strong></span> <span class='ocrx_word' id='word_1_302' title='bbox 1320 3115 1548 3202; x_wconf 86' lang='lat' dir='ltr'><strong>imperatorum</strong></span> <span class='ocrx_word' id='word_1_303' title='bbox 1569 3117 1731 3184; x_wconf 88' lang='lat' dir='ltr'><strong>Novellas</strong></span> <span class='ocrx_word' id='word_1_304' title='bbox 1757 3119 2033 3205; x_wconf 84' lang='lat' dir='ltr'><strong>patriarcharum·</strong></span> 
     </span>
     <span class='ocr_line' id='line_1_26' title="bbox 147 3215 2033 3310; baseline -0.001 -24"><span class='ocrx_word' id='word_1_305' title='bbox 147 3239 218 3310; x_wconf 86' lang='lat' dir='ltr'><strong>que</strong></span> <span class='ocrx_word' id='word_1_306' title='bbox 242 3226 350 3286; x_wconf 90' lang='lat' dir='ltr'><strong>tomos</strong></span> <span class='ocrx_word' id='word_1_307' title='bbox 371 3218 547 3299; x_wconf 82' lang='lat' dir='ltr'><strong>exhibeat,</strong></span> <span class='ocrx_word' id='word_1_308' title='bbox 571 3237 656 3304; x_wconf 87' lang='lat' dir='ltr'><strong>quae</strong></span> <span class='ocrx_word' id='word_1_309' title='bbox 679 3223 713 3284; x_wconf 91' lang='lat' dir='ltr'><strong>et</strong></span> <span class='ocrx_word' id='word_1_310' title='bbox 735 3237 755 3282; x_wconf 85' lang='lat' dir='ltr'><strong>a</strong></span> <span class='ocrx_word' id='word_1_311' title='bbox 776 3217 910 3304; x_wconf 87' lang='lat' dir='ltr'><strong>reliquis</strong></span> <span class='ocrx_word' id='word_1_312' title='bbox 932 3217 1174 3283; x_wconf 90' lang='lat' dir='ltr'><strong>Nomocanonis</strong></span> <span class='ocrx_word' id='word_1_313' title='bbox 1198 3215 1288 3280; x_wconf 91' lang='lat' dir='ltr'><strong>libris</strong></span> <span class='ocrx_word' id='word_1_314' title='bbox 1309 3235 1406 3285; x_wconf 83' lang='lat' dir='ltr'><strong>mauu</strong></span> <span class='ocrx_word' id='word_1_315' title='bbox 1427 3219 1573 3284; x_wconf 86' lang='lat' dir='ltr'><strong>exaratis</strong></span> <span class='ocrx_word' id='word_1_316' title='bbox 1596 3219 1728 3296; x_wconf 88' lang='lat' dir='ltr'><strong>absunt,</strong></span> <span class='ocrx_word' id='word_1_317' title='bbox 1750 3239 1856 3306; x_wconf 85' lang='lat' dir='ltr'><strong>neque</strong></span> <span class='ocrx_word' id='word_1_318' title='bbox 1878 3221 1918 3284; x_wconf 89' lang='lat' dir='ltr'><strong>ab</strong></span> <span class='ocrx_word' id='word_1_319' title='bbox 1940 3220 2033 3286; x_wconf 87' lang='lat' dir='ltr'><strong>initio</strong></span> 
     </span>
     <span class='ocr_line' id='line_1_27' title="bbox 145 3315 2033 3412; baseline -0.001 -24"><span class='ocrx_word' id='word_1_320' title='bbox 145 3329 282 3412; x_wconf 86' lang='lat' dir='ltr'><strong>partem</strong></span> <span class='ocrx_word' id='word_1_321' title='bbox 305 3319 398 3385; x_wconf 89' lang='lat' dir='ltr'><strong>huius</strong></span> <span class='ocrx_word' id='word_1_322' title='bbox 420 3320 491 3385; x_wconf 90' lang='lat' dir='ltr'><strong>libri</strong></span> <span class='ocrx_word' id='word_1_323' title='bbox 514 3320 636 3386; x_wconf 81' lang='lat' dir='ltr'><strong>iecisse</strong></span> <span class='ocrx_word' id='word_1_324' title='bbox 659 3319 957 3400; x_wconf 48' lang='lat' dir='ltr'><strong>existimantium.</strong></span> <span class='ocrx_word' id='word_1_325' title='bbox 1003 3315 1147 3404; x_wconf 83' lang='lat' dir='ltr'><strong>Cumque</strong></span> <span class='ocrx_word' id='word_1_326' title='bbox 1169 3317 1267 3384; x_wconf 90' lang='lat' dir='ltr'><strong>etiam</strong></span> <span class='ocrx_word' id='word_1_327' title='bbox 1289 3317 1431 3406; x_wconf 90' lang='lat' dir='ltr'><strong>donatio,</strong></span> <span class='ocrx_word' id='word_1_328' title='bbox 1458 3339 1541 3405; x_wconf 88' lang='lat' dir='ltr'><strong>quae</strong></span> <span class='ocrx_word' id='word_1_329' title='bbox 1563 3339 1584 3385; x_wconf 91' lang='lat' dir='ltr'><strong>a</strong></span> <span class='ocrx_word' id='word_1_330' title='bbox 1608 3322 1824 3386; x_wconf 86' lang='lat' dir='ltr'><strong>Constantino</strong></span> <span class='ocrx_word' id='word_1_331' title='bbox 1846 3321 1967 3406; x_wconf 85' lang='lat' dir='ltr'><strong>Magno</strong></span> <span class='ocrx_word' id='word_1_332' title='bbox 1999 3323 2033 3388; x_wconf 90' lang='lat' dir='ltr'><strong>in</strong></span> 
     </span>
     <span class='ocr_line' id='line_1_28' title="bbox 145 3417 2034 3511; baseline -0.001 -22"><span class='ocrx_word' id='word_1_333' title='bbox 145 3425 369 3511; x_wconf 82' lang='lat' dir='ltr'><strong>Sylvestrum</strong></span> <span class='ocrx_word' id='word_1_334' title='bbox 391 3421 510 3488; x_wconf 87' lang='lat' dir='ltr'><strong>collata</strong></span> <span class='ocrx_word' id='word_1_335' title='bbox 531 3427 603 3503; x_wconf 89' lang='lat' dir='ltr'><strong>est,</strong></span> <span class='ocrx_word' id='word_1_336' title='bbox 635 3439 718 3508; x_wconf 89' lang='lat' dir='ltr'><strong>quae</strong></span> <span class='ocrx_word' id='word_1_337' title='bbox 741 3419 869 3506; x_wconf 87' lang='lat' dir='ltr'><strong>quidem</strong></span> <span class='ocrx_word' id='word_1_338' title='bbox 899 3419 1030 3486; x_wconf 91' lang='lat' dir='ltr'><strong>donatio</strong></span> <span class='ocrx_word' id='word_1_339' title='bbox 1054 3417 1193 3485; x_wconf 86' lang='lat' dir='ltr'><strong>Graecis</strong></span> <span class='ocrx_word' id='word_1_340' title='bbox 1215 3437 1298 3484; x_wconf 91' lang='lat' dir='ltr'><strong>nono</strong></span> <span class='ocrx_word' id='word_1_341' title='bbox 1321 3419 1390 3486; x_wconf 89' lang='lat' dir='ltr'><strong>sere</strong></span> <span class='ocrx_word' id='word_1_342' title='bbox 1413 3429 1488 3505; x_wconf 90' lang='lat' dir='ltr'><strong>post</strong></span> <span class='ocrx_word' id='word_1_343' title='bbox 1511 3419 1675 3486; x_wconf 85' lang='lat' dir='ltr'><strong>Christum</strong></span> <span class='ocrx_word' id='word_1_344' title='bbox 1697 3427 1811 3488; x_wconf 86' lang='lat' dir='ltr'><strong>natum</strong></span> <span class='ocrx_word' id='word_1_345' title='bbox 1826 3423 1958 3488; x_wconf 89' lang='lat' dir='ltr'><strong>saeculo</strong></span> <span class='ocrx_word' id='word_1_346' title='bbox 1980 3423 2034 3488; x_wconf 88' lang='lat' dir='ltr'><strong>in·</strong></span> 
     </span>
     <span class='ocr_line' id='line_1_29' title="bbox 144 3517 2033 3610; baseline -0.001 -19"><span class='ocrx_word' id='word_1_347' title='bbox 144 3525 336 3610; x_wconf 65' lang='lat' dir='ltr'><strong>notuittll,</strong></span> <span class='ocrx_word' id='word_1_348' title='bbox 357 3521 476 3587; x_wconf 93' lang='lat' dir='ltr'><strong>ibidem</strong></span> <span class='ocrx_word' id='word_1_349' title='bbox 496 3523 583 3587; x_wconf 89' lang='lat' dir='ltr'><strong>inter</strong></span> <span class='ocrx_word' id='word_1_350' title='bbox 605 3521 697 3607; x_wconf 92' lang='lat' dir='ltr'><strong>primi</strong></span> <span class='ocrx_word' id='word_1_351' title='bbox 720 3521 803 3586; x_wconf 92' lang='lat' dir='ltr'><strong>tituli</strong></span> <span class='ocrx_word' id='word_1_352' title='bbox 824 3517 947 3602; x_wconf 83' lang='grc' dir='ltr'><em>νόμιμα</em></span> <span class='ocrx_word' id='word_1_353' title='bbox 969 3519 1075 3587; x_wconf 89' lang='lat' dir='ltr'><strong>relata</strong></span> <span class='ocrx_word' id='word_1_354' title='bbox 1096 3538 1173 3586; x_wconf 87' lang='lat' dir='ltr'><strong>esse</strong></span> <span class='ocrx_word' id='word_1_355' title='bbox 1194 3523 1444 3606; x_wconf 60' lang='lat' dir='ltr'><strong>reperiaturflj,</strong></span> <span class='ocrx_word' id='word_1_356' title='bbox 1467 3519 1606 3586; x_wconf 88' lang='lat' dir='ltr'><strong>dubitari</strong></span> <span class='ocrx_word' id='word_1_357' title='bbox 1632 3543 1697 3588; x_wconf 92' lang='lat' dir='ltr'><strong>non</strong></span> <span class='ocrx_word' id='word_1_358' title='bbox 1715 3527 1836 3608; x_wconf 88' lang='lat' dir='ltr'><strong>potest,</strong></span> <span class='ocrx_word' id='word_1_359' title='bbox 1858 3524 1932 3609; x_wconf 89' lang='lat' dir='ltr'><strong>quin</strong></span> <span class='ocrx_word' id='word_1_360' title='bbox 1951 3521 2033 3590; x_wconf 87' lang='lat' dir='ltr'><strong>baec</strong></span> 
     </span>
     <span class='ocr_line' id='line_1_30' title="bbox 143 3619 2031 3712; baseline -0.003 -19"><span class='ocrx_word' id='word_1_361' title='bbox 143 3623 399 3693; x_wconf 89' lang='lat' dir='ltr'><strong>Nomocanonis</strong></span> <span class='ocrx_word' id='word_1_362' title='bbox 413 3623 526 3709; x_wconf 81' lang='lat' dir='ltr'><strong>forma,</strong></span> <span class='ocrx_word' id='word_1_363' title='bbox 548 3623 699 3712; x_wconf 82' lang='lat' dir='ltr'><strong>quomis,</strong></span> <span class='ocrx_word' id='word_1_364' title='bbox 721 3640 783 3708; x_wconf 91' lang='lat' dir='ltr'><strong>quo</strong></span> <span class='ocrx_word' id='word_1_365' title='bbox 806 3619 847 3686; x_wconf 91' lang='lat' dir='ltr'><strong>de</strong></span> <span class='ocrx_word' id='word_1_366' title='bbox 869 3621 986 3709; x_wconf 85' lang='lat' dir='ltr'><strong>agitur,</strong></span> <span class='ocrx_word' id='word_1_367' title='bbox 1008 3621 1091 3688; x_wconf 92' lang='lat' dir='ltr'><strong>liber</strong></span> <span class='ocrx_word' id='word_1_368' title='bbox 1112 3620 1269 3708; x_wconf 79' lang='lat' dir='ltr'><strong>praesent,</strong></span> <span class='ocrx_word' id='word_1_369' title='bbox 1285 3622 1528 3708; x_wconf 85' lang='lat' dir='ltr'><strong>posterioribus</strong></span> <span class='ocrx_word' id='word_1_370' title='bbox 1552 3624 1746 3708; x_wconf 89' lang='lat' dir='ltr'><strong>temporibus</strong></span> <span class='ocrx_word' id='word_1_371' title='bbox 1759 3623 1956 3692; x_wconf 88' lang='lat' dir='ltr'><strong>vindicanda</strong></span> <span class='ocrx_word' id='word_1_372' title='bbox 1977 3623 2031 3689; x_wconf 87' lang='lat' dir='ltr'><strong>sit.</strong></span> 
     </span>
     <span class='ocr_line' id='line_1_31' title="bbox 143 3721 2034 3812; baseline -0.002 -18"><span class='ocrx_word' id='word_1_373' title='bbox 143 3729 190 3794; x_wconf 89' lang='lat' dir='ltr'><strong>In</strong></span> <span class='ocrx_word' id='word_1_374' title='bbox 206 3727 271 3792; x_wconf 92' lang='lat' dir='ltr'><strong>hoc</strong></span> <span class='ocrx_word' id='word_1_375' title='bbox 283 3732 392 3792; x_wconf 77' lang='lat' dir='ltr'><strong>atatem</strong></span> <span class='ocrx_word' id='word_1_376' title='bbox 407 3729 543 3812; x_wconf 85' lang='lat' dir='ltr'><strong>uterque</strong></span> <span class='ocrx_word' id='word_1_377' title='bbox 556 3723 670 3790; x_wconf 85' lang='lat' dir='ltr'><strong>Codex</strong></span> <span class='ocrx_word' id='word_1_378' title='bbox 685 3722 864 3788; x_wconf 85' lang='lat' dir='ltr'><strong>Vaticanus</strong></span> <span class='ocrx_word' id='word_1_379' title='bbox 878 3723 1096 3804; x_wconf 88' lang='lat' dir='ltr'><strong>consentiunt,</strong></span> <span class='ocrx_word' id='word_1_380' title='bbox 1120 3721 1205 3809; x_wconf 78' lang='lat' dir='ltr'><strong>qinod</strong></span> <span class='ocrx_word' id='word_1_381' title='bbox 1222 3721 1388 3810; x_wconf 86' lang='lat' dir='ltr'><strong>appendix</strong></span> <span class='ocrx_word' id='word_1_382' title='bbox 1410 3723 1530 3808; x_wconf 86' lang='lat' dir='ltr'><strong>viginti</strong></span> <span class='ocrx_word' id='word_1_383' title='bbox 1551 3722 1613 3790; x_wconf 95' lang='lat' dir='ltr'><strong>duo</strong></span> <span class='ocrx_word' id='word_1_384' title='bbox 1636 3725 1846 3810; x_wconf 89' lang='lat' dir='ltr'><strong>capitulorum</strong></span> <span class='ocrx_word' id='word_1_385' title='bbox 1862 3744 1905 3790; x_wconf 87' lang='lat' dir='ltr'><strong>ex</strong></span> <span class='ocrx_word' id='word_1_386' title='bbox 1919 3730 2034 3790; x_wconf 86' lang='lat' dir='ltr'><strong>nostra</strong></span> 
     </span>
     <span class='ocr_line' id='line_1_32' title="bbox 140 3821 2033 3914; baseline -0.003 -18"><span class='ocrx_word' id='word_1_387' title='bbox 140 3831 266 3914; x_wconf 85' lang='lat' dir='ltr'><strong>legum</strong></span> <span class='ocrx_word' id='word_1_388' title='bbox 280 3827 469 3894; x_wconf 88' lang='lat' dir='ltr'><strong>collectione</strong></span> <span class='ocrx_word' id='word_1_389' title='bbox 482 3824 691 3892; x_wconf 92' lang='lat' dir='ltr'><strong>deductorum</strong></span> <span class='ocrx_word' id='word_1_390' title='bbox 706 3823 749 3889; x_wconf 92' lang='lat' dir='ltr'><strong>ibi</strong></span> <span class='ocrx_word' id='word_1_391' title='bbox 767 3823 1000 3910; x_wconf 87' lang='lat' dir='ltr'><strong>praetermissa</strong></span> <span class='ocrx_word' id='word_1_392' title='bbox 1017 3829 1080 3890; x_wconf 89' lang='lat' dir='ltr'><strong>est.</strong></span> <span class='ocrx_word' id='word_1_393' title='bbox 1109 3821 1201 3904; x_wconf 80' lang='lat' dir='ltr'><strong>Quae</strong></span> <span class='ocrx_word' id='word_1_394' title='bbox 1222 3844 1280 3890; x_wconf 88' lang='lat' dir='ltr'><strong>res</strong></span> <span class='ocrx_word' id='word_1_395' title='bbox 1302 3824 1395 3914; x_wconf 83' lang='lat' dir='ltr'><strong>iacit,</strong></span> <span class='ocrx_word' id='word_1_396' title='bbox 1417 3831 1452 3890; x_wconf 92' lang='lat' dir='ltr'><strong>nt</strong></span> <span class='ocrx_word' id='word_1_397' title='bbox 1474 3825 1514 3890; x_wconf 87' lang='lat' dir='ltr'><strong>ab</strong></span> <span class='ocrx_word' id='word_1_398' title='bbox 1537 3824 1601 3914; x_wconf 88' lang='lat' dir='ltr'><strong>his,</strong></span> <span class='ocrx_word' id='word_1_399' title='bbox 1623 3825 1677 3911; x_wconf 80' lang='lat' dir='ltr'><strong>qrri</strong></span> <span class='ocrx_word' id='word_1_400' title='bbox 1696 3826 1928 3910; x_wconf 90' lang='lat' dir='ltr'><strong>posterioribus</strong></span> <span class='ocrx_word' id='word_1_401' title='bbox 1948 3832 2033 3892; x_wconf 88' lang='lat' dir='ltr'><strong>iem-</strong></span> 
     </span>
     <span class='ocr_line' id='line_1_33' title="bbox 138 3924 2032 4018; baseline -0.002 -22"><span class='ocrx_word' id='word_1_402' title='bbox 138 3931 291 4018; x_wconf 87' lang='lat' dir='ltr'><strong>poribus</strong></span> <span class='ocrx_word' id='word_1_403' title='bbox 313 3927 355 3993; x_wconf 87' lang='lat' dir='ltr'><strong>ad</strong></span> <span class='ocrx_word' id='word_1_404' title='bbox 377 3929 640 3994; x_wconf 90' lang='lat' dir='ltr'><strong>Nomocanonem</strong></span> <span class='ocrx_word' id='word_1_405' title='bbox 663 3947 705 3993; x_wconf 90' lang='lat' dir='ltr'><strong>ex</strong></span> <span class='ocrx_word' id='word_1_406' title='bbox 727 3924 921 3992; x_wconf 87' lang='lat' dir='ltr'><strong>recentioris</strong></span> <span class='ocrx_word' id='word_1_407' title='bbox 943 3924 1024 3990; x_wconf 89' lang='lat' dir='ltr'><strong>iuris</strong></span> <span class='ocrx_word' id='word_1_408' title='bbox 1044 3925 1188 3990; x_wconf 85' lang='lat' dir='ltr'><strong>sontibus</strong></span> <span class='ocrx_word' id='word_1_409' title='bbox 1209 3925 1468 4012; x_wconf 89' lang='lat' dir='ltr'><strong>locupletandum</strong></span> <span class='ocrx_word' id='word_1_410' title='bbox 1490 3946 1616 3992; x_wconf 89' lang='lat' dir='ltr'><strong>manum</strong></span> <span class='ocrx_word' id='word_1_411' title='bbox 1645 3925 1821 3992; x_wconf 85' lang='lat' dir='ltr'><strong>admovere</strong></span> <span class='ocrx_word' id='word_1_412' title='bbox 1851 3929 2032 4008; x_wconf 84' lang='lat' dir='ltr'><strong>voluerunt,</strong></span> 
     </span>
     <span class='ocr_line' id='line_1_34' title="bbox 139 4025 1925 4115; baseline -0.004 -16"><span class='ocrx_word' id='word_1_413' title='bbox 139 4033 246 4099; x_wconf 84' lang='lat' dir='ltr'><strong>hanc</strong></span> <span class='ocrx_word' id='word_1_414' title='bbox 268 4029 374 4112; x_wconf 86' lang='lat' dir='ltr'><strong>legum</strong></span> <span class='ocrx_word' id='word_1_415' title='bbox 394 4028 609 4115; x_wconf 89' lang='lat' dir='ltr'><strong>appendicem</strong></span> <span class='ocrx_word' id='word_1_416' title='bbox 630 4047 688 4115; x_wconf 90' lang='lat' dir='ltr'><strong>pru</strong></span> <span class='ocrx_word' id='word_1_417' title='bbox 709 4027 791 4093; x_wconf 92' lang='lat' dir='ltr'><strong>libro</strong></span> <span class='ocrx_word' id='word_1_418' title='bbox 814 4044 834 4092; x_wconf 86' lang='lat' dir='ltr'><strong>a</strong></span> <span class='ocrx_word' id='word_1_419' title='bbox 855 4027 887 4091; x_wconf 89' lang='lat' dir='ltr'>N</span> <span class='ocrx_word' id='word_1_420' title='bbox 891 4027 1096 4094; x_wconf 85' lang='lat' dir='ltr'><strong>omucanonis</strong></span> <span class='ocrx_word' id='word_1_421' title='bbox 1118 4026 1246 4093; x_wconf 88' lang='lat' dir='ltr'><strong>ratione</strong></span> <span class='ocrx_word' id='word_1_422' title='bbox 1269 4027 1365 4113; x_wconf 87' lang='lat' dir='ltr'><strong>plane</strong></span> <span class='ocrx_word' id='word_1_423' title='bbox 1387 4027 1493 4093; x_wconf 90' lang='lat' dir='ltr'><strong>alieno</strong></span> <span class='ocrx_word' id='word_1_424' title='bbox 1516 4025 1657 4092; x_wconf 86' lang='lat' dir='ltr'><strong>habitam</strong></span> <span class='ocrx_word' id='word_1_425' title='bbox 1687 4046 1762 4093; x_wconf 88' lang='lat' dir='ltr'><strong>esse</strong></span> <span class='ocrx_word' id='word_1_426' title='bbox 1785 4027 1925 4094; x_wconf 88' lang='lat' dir='ltr'><strong>credam.</strong></span> 
     </span>
    </p>
   </div>
   <div class='ocr_carea' id='block_1_5' title="bbox 136 4189 2063 4383">
    <p class='ocr_par' dir='ltr' id='par_1_5' title="bbox 136 4189 2063 4383">
     <span class='ocr_line' id='line_1_35' title="bbox 314 4189 2063 4284; baseline 0 -22"><span class='ocrx_word' id='word_1_427' title='bbox 314 4197 423 4281; x_wconf 78' lang='lat' dir='ltr'><strong>Atque</strong></span> <span class='ocrx_word' id='word_1_428' title='bbox 444 4215 510 4262; x_wconf 90' lang='lat' dir='ltr'><strong>non</strong></span> <span class='ocrx_word' id='word_1_429' title='bbox 530 4203 653 4262; x_wconf 87' lang='lat' dir='ltr'><strong>tontum</strong></span> <span class='ocrx_word' id='word_1_430' title='bbox 673 4195 707 4261; x_wconf 93' lang='lat' dir='ltr'><strong>in</strong></span> <span class='ocrx_word' id='word_1_431' title='bbox 730 4197 962 4262; x_wconf 83' lang='lat' dir='ltr'><strong>Nomocanone</strong></span> <span class='ocrx_word' id='word_1_432' title='bbox 990 4193 1192 4280; x_wconf 88' lang='lat' dir='ltr'><strong>compilando</strong></span> <span class='ocrx_word' id='word_1_433' title='bbox 1214 4193 1333 4260; x_wconf 89' lang='lat' dir='ltr'><strong>multus</strong></span> <span class='ocrx_word' id='word_1_434' title='bbox 1354 4193 1412 4260; x_wconf 81' lang='lat' dir='ltr'><strong>luit</strong></span> <span class='ocrx_word' id='word_1_435' title='bbox 1434 4201 1567 4261; x_wconf 87' lang='lat' dir='ltr'><strong>nostrae</strong></span> <span class='ocrx_word' id='word_1_436' title='bbox 1596 4195 1702 4280; x_wconf 84' lang='lat' dir='ltr'><strong>legum</strong></span> <span class='ocrx_word' id='word_1_437' title='bbox 1724 4195 1925 4262; x_wconf 88' lang='lat' dir='ltr'><strong>collectionis</strong></span> <span class='ocrx_word' id='word_1_438' title='bbox 1947 4189 2063 4284; x_wconf 79' lang='lat' dir='ltr'><strong>ostis,&#39;</strong></span> 
     </span>
     <span class='ocr_line' id='line_1_36' title="bbox 136 4285 2032 4383; baseline -0.003 -14"><span class='ocrx_word' id='word_1_439' title='bbox 136 4315 276 4369; x_wconf 85' lang='lat' dir='ltr'><strong>verum</strong></span> <span class='ocrx_word' id='word_1_440' title='bbox 299 4297 398 4363; x_wconf 88' lang='lat' dir='ltr'><strong>etiam</strong></span> <span class='ocrx_word' id='word_1_441' title='bbox 419 4297 491 4363; x_wconf 83' lang='lat' dir='ltr'><strong>alia</strong></span> <span class='ocrx_word' id='word_1_442' title='bbox 505 4297 576 4364; x_wconf 80' lang='lat' dir='ltr'><strong>eiras</strong></span> <span class='ocrx_word' id='word_1_443' title='bbox 597 4298 645 4364; x_wconf 86' lang='lat' dir='ltr'><strong>rei</strong></span> <span class='ocrx_word' id='word_1_444' title='bbox 665 4295 750 4383; x_wconf 84' lang='lat' dir='ltr'><strong>opud</strong></span> <span class='ocrx_word' id='word_1_445' title='bbox 771 4297 850 4364; x_wconf 91' lang='lat' dir='ltr'><strong>iuris</strong></span> <span class='ocrx_word' id='word_1_446' title='bbox 872 4295 1020 4362; x_wconf 79' lang='lat' dir='ltr'><strong>canomci</strong></span> <span class='ocrx_word' id='word_1_447' title='bbox 1041 4303 1195 4364; x_wconf 87' lang='lat' dir='ltr'><strong>auctores</strong></span> <span class='ocrx_word' id='word_1_448' title='bbox 1216 4296 1362 4381; x_wconf 84' lang='lat' dir='ltr'><strong>vestigia</strong></span> <span class='ocrx_word' id='word_1_449' title='bbox 1383 4297 1599 4382; x_wconf 85' lang='lat' dir='ltr'><strong>reperiuntur.</strong></span> <span class='ocrx_word' id='word_1_450' title='bbox 1629 4294 1811 4362; x_wconf 75' lang='lat' dir='ltr'><strong>Arsaniam</strong></span> <span class='ocrx_word' id='word_1_451' title='bbox 1832 4285 2032 4380; x_wconf 75' lang='lat' dir='ltr'><strong>minacium,</strong></span> 
     </span>
    </p>
   </div>
   <div class='ocr_carea' id='block_1_6' title="bbox 120 4550 2036 5886">
    <p class='ocr_par' dir='ltr' id='par_1_6' title="bbox 120 4550 2036 5886">
     <span class='ocr_line' id='line_1_37' title="bbox 261 4550 2033 4619; baseline 0 -17"><span class='ocrx_word' id='word_1_452' title='bbox 261 4553 309 4612; x_wconf 82' lang='lat'><strong>³⁷)</strong></span> <span class='ocrx_word' id='word_1_453' title='bbox 326 4554 413 4602; x_wconf 78' lang='lat' dir='ltr'><strong>Huius</strong></span> <span class='ocrx_word' id='word_1_454' title='bbox 431 4555 472 4604; x_wconf 86' lang='lat' dir='ltr'><strong>rei</strong></span> <span class='ocrx_word' id='word_1_455' title='bbox 484 4556 602 4619; x_wconf 80' lang='lat' dir='ltr'><strong>vestigia</strong></span> <span class='ocrx_word' id='word_1_456' title='bbox 613 4554 715 4605; x_wconf 80' lang='lat' dir='ltr'><strong>deonna</strong></span> <span class='ocrx_word' id='word_1_457' title='bbox 730 4554 1037 4606; x_wconf 81' lang='lat' dir='ltr'><strong>iocisinNomocanone</strong></span> <span class='ocrx_word' id='word_1_458' title='bbox 1049 4553 1279 4616; x_wconf 81' lang='lat' dir='ltr'><strong>deprehendimus.</strong></span> <span class='ocrx_word' id='word_1_459' title='bbox 1303 4555 1349 4602; x_wconf 80' lang='lat' dir='ltr'><strong>Sic</strong></span> <span class='ocrx_word' id='word_1_460' title='bbox 1367 4554 1437 4602; x_wconf 87' lang='lat' dir='ltr'><strong>enim</strong></span> <span class='ocrx_word' id='word_1_461' title='bbox 1450 4552 1561 4601; x_wconf 82' lang='lat' dir='ltr'><strong>Nomoc.</strong></span> <span class='ocrx_word' id='word_1_462' title='bbox 1575 4553 1618 4602; x_wconf 77' lang='lat'><strong>26.</strong></span> <span class='ocrx_word' id='word_1_463' title='bbox 1632 4555 1671 4604; x_wconf 71' lang='lat' dir='ltr'><strong>tt:</strong></span> <span class='ocrx_word' id='word_1_464' title='bbox 1689 4550 1743 4606; x_wconf 74' lang='grc' dir='ltr'><strong>ἀπὸ</strong></span> <span class='ocrx_word' id='word_1_465' title='bbox 1763 4557 1811 4606; x_wconf 68' lang='grc' dir='ltr'><em>τοῦ</em></span> <span class='ocrx_word' id='word_1_466' title='bbox 1824 4551 1877 4617; x_wconf 71' lang='lat' dir='ltr'><strong>lp&#39;.</strong></span> <span class='ocrx_word' id='word_1_467' title='bbox 1893 4551 2033 4610; x_wconf 73' lang='grc' dir='ltr'><em>κεφαλαίου</em></span> 
     </span>
     <span class='ocr_line' id='line_1_38' title="bbox 130 4633 2033 4708; baseline 0.001 -22"><span class='ocrx_word' id='word_1_468' title='bbox 130 4643 191 4707; x_wconf 64' lang='grc' dir='ltr'><strong>τῆς</strong></span> <span class='ocrx_word' id='word_1_469' title='bbox 214 4633 265 4687; x_wconf 81' lang='grc' dir='ltr'><strong>ια’.</strong></span> <span class='ocrx_word' id='word_1_470' title='bbox 283 4638 377 4708; x_wconf 77' lang='grc' dir='ltr'><em>νεαροῖς</em></span> <span class='ocrx_word' id='word_1_471' title='bbox 393 4635 541 4696; x_wconf 74' lang='grc' dir='ltr'><strong>διατάξεως.</strong></span> <span class='ocrx_word' id='word_1_472' title='bbox 564 4641 661 4702; x_wconf 83' lang='lat' dir='ltr'><strong>incipit</strong></span> <span class='ocrx_word' id='word_1_473' title='bbox 677 4635 723 4706; x_wconf 72' lang='grc' dir='ltr'><strong>μή.</strong></span> <span class='ocrx_word' id='word_1_474' title='bbox 749 4639 858 4688; x_wconf 85' lang='lat' dir='ltr'><strong>Desinit</strong></span> <span class='ocrx_word' id='word_1_475' title='bbox 875 4635 1002 4703; x_wconf 72' lang='grc' dir='ltr'><strong>γαμήσας.</strong></span> <span class='ocrx_word' id='word_1_476' title='bbox 1028 4637 1077 4687; x_wconf 80' lang='lat' dir='ltr'><strong>list</strong></span> <span class='ocrx_word' id='word_1_477' title='bbox 1093 4638 1160 4686; x_wconf 85' lang='lat' dir='ltr'><strong>Nov.</strong></span> <span class='ocrx_word' id='word_1_478' title='bbox 1177 4637 1223 4686; x_wconf 70' lang='lat' dir='ltr'><strong>aa.</strong></span> <span class='ocrx_word' id='word_1_479' title='bbox 1241 4649 1265 4686; x_wconf 91' lang='lat' dir='ltr'><strong>c.</strong></span> <span class='ocrx_word' id='word_1_480' title='bbox 1283 4635 1336 4701; x_wconf 69' lang='lat'><strong>42,</strong></span> <span class='ocrx_word' id='word_1_481' title='bbox 1354 4649 1422 4699; x_wconf 81' lang='lat' dir='ltr'><strong>quiae</strong></span> <span class='ocrx_word' id='word_1_482' title='bbox 1437 4649 1488 4686; x_wconf 90' lang='lat' dir='ltr'><strong>nec</strong></span> <span class='ocrx_word' id='word_1_483' title='bbox 1505 4639 1532 4686; x_wconf 90' lang='lat' dir='ltr'><strong>in</strong></span> <span class='ocrx_word' id='word_1_484' title='bbox 1551 4639 1714 4689; x_wconf 87' lang='lat' dir='ltr'><strong>collectione</strong></span> <span class='ocrx_word' id='word_1_485' title='bbox 1726 4637 1885 4690; x_wconf 77' lang='lat' dir='ltr'><strong>mxxxvii.</strong></span> <span class='ocrx_word' id='word_1_486' title='bbox 1900 4637 2033 4700; x_wconf 85' lang='lat' dir='ltr'><strong>capitulo·</strong></span> 
     </span>
     <span class='ocr_line' id='line_1_39' title="bbox 130 4719 2034 4787; baseline -0.002 -13"><span class='ocrx_word' id='word_1_487' title='bbox 130 4735 208 4778; x_wconf 74' lang='grc' dir='ltr'><em>τοττι</em></span> <span class='ocrx_word' id='word_1_488' title='bbox 232 4719 323 4770; x_wconf 76' lang='lat' dir='ltr'><strong>relata</strong></span> <span class='ocrx_word' id='word_1_489' title='bbox 340 4725 389 4786; x_wconf 75' lang='lat' dir='ltr'><strong>est,</strong></span> <span class='ocrx_word' id='word_1_490' title='bbox 407 4727 435 4772; x_wconf 82' lang='lat' dir='ltr'><strong>et</strong></span> <span class='ocrx_word' id='word_1_491' title='bbox 452 4723 486 4772; x_wconf 84' lang='lat' dir='ltr'><strong>ab</strong></span> <span class='ocrx_word' id='word_1_492' title='bbox 503 4725 553 4786; x_wconf 84' lang='lat' dir='ltr'><strong>his,</strong></span> <span class='ocrx_word' id='word_1_493' title='bbox 571 4736 638 4787; x_wconf 81' lang='lat' dir='ltr'><strong>qnae</strong></span> <span class='ocrx_word' id='word_1_494' title='bbox 655 4726 683 4774; x_wconf 93' lang='lat' dir='ltr'><strong>in</strong></span> <span class='ocrx_word' id='word_1_495' title='bbox 701 4725 841 4774; x_wconf 83' lang='lat' dir='ltr'><strong>Athanasii</strong></span> <span class='ocrx_word' id='word_1_496' title='bbox 859 4726 898 4773; x_wconf 87' lang='lat' dir='ltr'><strong>tii.</strong></span> <span class='ocrx_word' id='word_1_497' title='bbox 917 4722 959 4772; x_wconf 89' lang='grc'><strong>10.</strong></span> <span class='ocrx_word' id='word_1_498' title='bbox 978 4727 1064 4772; x_wconf 86' lang='lat' dir='ltr'><strong>const.</strong></span> <span class='ocrx_word' id='word_1_499' title='bbox 1081 4721 1106 4770; x_wconf 74' lang='lat'><strong>2.</strong></span> <span class='ocrx_word' id='word_1_500' title='bbox 1126 4721 1272 4782; x_wconf 83' lang='lat' dir='ltr'><strong>habentor,</strong></span> <span class='ocrx_word' id='word_1_501' title='bbox 1291 4721 1402 4770; x_wconf 78' lang='lat' dir='ltr'><strong>multtum</strong></span> <span class='ocrx_word' id='word_1_502' title='bbox 1420 4721 1533 4770; x_wconf 86' lang='lat' dir='ltr'><strong>recedit.</strong></span> <span class='ocrx_word' id='word_1_503' title='bbox 1556 4721 1638 4771; x_wconf 79' lang='lat' dir='ltr'><strong>Aliud</strong></span> <span class='ocrx_word' id='word_1_504' title='bbox 1649 4725 1709 4772; x_wconf 89' lang='lat' dir='ltr'><strong>eius</strong></span> <span class='ocrx_word' id='word_1_505' title='bbox 1727 4726 1767 4773; x_wconf 88' lang='lat' dir='ltr'><strong>rei</strong></span> <span class='ocrx_word' id='word_1_506' title='bbox 1783 4723 1926 4783; x_wconf 79' lang='lat' dir='ltr'><strong>vestigium</strong></span> <span class='ocrx_word' id='word_1_507' title='bbox 1947 4725 1989 4770; x_wconf 89' lang='lat' dir='ltr'><strong>cst</strong></span> <span class='ocrx_word' id='word_1_508' title='bbox 2006 4723 2034 4770; x_wconf 91' lang='lat' dir='ltr'><strong>in</strong></span> 
     </span>
     <span class='ocr_line' id='line_1_40' title="bbox 129 4799 2033 4876; baseline -0.002 -18"><span class='ocrx_word' id='word_1_509' title='bbox 129 4809 268 4860; x_wconf 68' lang='lat' dir='ltr'><strong>Nomou.</strong></span> <span class='ocrx_word' id='word_1_510' title='bbox 288 4805 332 4854; x_wconf 78' lang='lat'><strong>41.</strong></span> <span class='ocrx_word' id='word_1_511' title='bbox 349 4805 385 4870; x_wconf 88' lang='lat'><strong>1.,</strong></span> <span class='ocrx_word' id='word_1_512' title='bbox 402 4807 448 4854; x_wconf 88' lang='lat' dir='ltr'><strong>uhi</strong></span> <span class='ocrx_word' id='word_1_513' title='bbox 465 4807 510 4856; x_wconf 80' lang='lat' dir='ltr'><strong>iric</strong></span> <span class='ocrx_word' id='word_1_514' title='bbox 528 4810 622 4858; x_wconf 69' lang='lat' dir='ltr'><strong>titilus</strong></span> <span class='ocrx_word' id='word_1_515' title='bbox 633 4814 687 4858; x_wconf 76' lang='lat' dir='ltr'><strong>est:</strong></span> <span class='ocrx_word' id='word_1_516' title='bbox 706 4799 827 4859; x_wconf 75' lang='grc' dir='ltr'><em>ἀπὸτοῦ</em></span> <span class='ocrx_word' id='word_1_517' title='bbox 844 4804 889 4855; x_wconf 81' lang='grc' dir='ltr'><strong>ια’.</strong></span> <span class='ocrx_word' id='word_1_518' title='bbox 907 4805 1048 4863; x_wconf 68' lang='grc' dir='ltr'><em>κεφαλαίου</em></span> <span class='ocrx_word' id='word_1_519' title='bbox 1065 4805 1112 4870; x_wconf 79' lang='grc' dir='ltr'><em>τῆς</em></span> <span class='ocrx_word' id='word_1_520' title='bbox 1126 4801 1169 4854; x_wconf 84' lang='grc' dir='ltr'><strong>ια’.</strong></span> <span class='ocrx_word' id='word_1_521' title='bbox 1186 4805 1279 4874; x_wconf 71' lang='grc' dir='ltr'><em>νεαρᾶς</em></span> <span class='ocrx_word' id='word_1_522' title='bbox 1296 4802 1443 4861; x_wconf 76' lang='grc' dir='ltr'><strong>διατάξεως.</strong></span> <span class='ocrx_word' id='word_1_523' title='bbox 1478 4805 1577 4870; x_wconf 85' lang='lat' dir='ltr'><strong>lnclplt</strong></span> <span class='ocrx_word' id='word_1_524' title='bbox 1592 4807 1641 4857; x_wconf 80' lang='grc' dir='ltr'><strong>τοῦ</strong></span> <span class='ocrx_word' id='word_1_525' title='bbox 1658 4803 1828 4876; x_wconf 81' lang='grc' dir='ltr'><em>στρατιώτου.</em></span> <span class='ocrx_word' id='word_1_526' title='bbox 1863 4806 1969 4854; x_wconf 81' lang='lat' dir='ltr'><strong>Desinit</strong></span> <span class='ocrx_word' id='word_1_527' title='bbox 1985 4824 2033 4868; x_wconf 77' lang='lat' dir='ltr'><strong>ra·</strong></span> 
     </span>
     <span class='ocr_line' id='line_1_41' title="bbox 128 4888 2035 4958; baseline 0.001 -20"><span class='ocrx_word' id='word_1_528' title='bbox 128 4893 288 4958; x_wconf 55' lang='grc' dir='ltr'><strong>μηθῆναι.</strong></span> <span class='ocrx_word' id='word_1_529' title='bbox 314 4890 363 4940; x_wconf 81' lang='lat' dir='ltr'><strong>Est</strong></span> <span class='ocrx_word' id='word_1_530' title='bbox 380 4891 447 4940; x_wconf 79' lang='lat' dir='ltr'><strong>Nou.</strong></span> <span class='ocrx_word' id='word_1_531' title='bbox 464 4891 507 4941; x_wconf 72' lang='lat'><strong>2¹2.</strong></span> <span class='ocrx_word' id='word_1_532' title='bbox 525 4904 550 4942; x_wconf 87' lang='lat' dir='ltr'><strong>c.</strong></span> <span class='ocrx_word' id='word_1_533' title='bbox 569 4894 619 4954; x_wconf 81' lang='grc'><strong>11,</strong></span> <span class='ocrx_word' id='word_1_534' title='bbox 638 4905 705 4956; x_wconf 81' lang='lat' dir='ltr'><strong>quae</strong></span> <span class='ocrx_word' id='word_1_535' title='bbox 722 4905 774 4943; x_wconf 88' lang='lat' dir='ltr'><strong>nec</strong></span> <span class='ocrx_word' id='word_1_536' title='bbox 791 4895 819 4942; x_wconf 86' lang='lat' dir='ltr'><strong>in</strong></span> <span class='ocrx_word' id='word_1_537' title='bbox 838 4892 1002 4942; x_wconf 86' lang='lat' dir='ltr'><strong>collectione</strong></span> <span class='ocrx_word' id='word_1_538' title='bbox 1016 4889 1178 4940; x_wconf 70' lang='lat' dir='ltr'><strong>cxxxvii.</strong></span> <span class='ocrx_word' id='word_1_539' title='bbox 1196 4890 1375 4951; x_wconf 86' lang='lat' dir='ltr'><strong>capitulorum</strong></span> <span class='ocrx_word' id='word_1_540' title='bbox 1392 4891 1479 4940; x_wconf 84' lang='lat' dir='ltr'><strong>relata</strong></span> <span class='ocrx_word' id='word_1_541' title='bbox 1497 4897 1548 4955; x_wconf 83' lang='lat' dir='ltr'><strong>est,</strong></span> <span class='ocrx_word' id='word_1_542' title='bbox 1565 4903 1616 4940; x_wconf 88' lang='lat' dir='ltr'><strong>nec</strong></span> <span class='ocrx_word' id='word_1_543' title='bbox 1634 4903 1695 4940; x_wconf 86' lang='lat' dir='ltr'><strong>cum</strong></span> <span class='ocrx_word' id='word_1_544' title='bbox 1712 4891 1764 4949; x_wconf 81' lang='lat' dir='ltr'><strong>iris,</strong></span> <span class='ocrx_word' id='word_1_545' title='bbox 1781 4899 1848 4950; x_wconf 82' lang='lat' dir='ltr'><strong>quac</strong></span> <span class='ocrx_word' id='word_1_546' title='bbox 1865 4888 1934 4950; x_wconf 85' lang='lat' dir='ltr'><strong>apud</strong></span> <span class='ocrx_word' id='word_1_547' title='bbox 1952 4891 2035 4939; x_wconf 77' lang='lat' dir='ltr'><strong>atba-</strong></span> 
     </span>
     <span class='ocr_line' id='line_1_42' title="bbox 127 4969 2035 5036; baseline -0.005 -8"><span class='ocrx_word' id='word_1_548' title='bbox 127 4978 262 5028; x_wconf 74' lang='lat' dir='ltr'><strong>casium</strong></span> <span class='ocrx_word' id='word_1_549' title='bbox 281 4975 323 5023; x_wconf 84' lang='lat' dir='ltr'><strong>tic.</strong></span> <span class='ocrx_word' id='word_1_550' title='bbox 345 4973 383 5023; x_wconf 88' lang='grc'><strong>10.</strong></span> <span class='ocrx_word' id='word_1_551' title='bbox 402 4980 488 5026; x_wconf 79' lang='lat' dir='ltr'><strong>conat.</strong></span> <span class='ocrx_word' id='word_1_552' title='bbox 504 4977 531 5025; x_wconf 83' lang='lat'><strong>2.</strong></span> <span class='ocrx_word' id='word_1_553' title='bbox 549 4978 690 5036; x_wconf 87' lang='lat' dir='ltr'><strong>habentur,</strong></span> <span class='ocrx_word' id='word_1_554' title='bbox 707 4978 845 5026; x_wconf 84' lang='lat' dir='ltr'><strong>convenit.</strong></span> <span class='ocrx_word' id='word_1_555' title='bbox 935 4975 1027 5033; x_wconf 73' lang='lat' dir='ltr'><strong>titillo</strong></span> <span class='ocrx_word' id='word_1_556' title='bbox 1047 4973 1208 5022; x_wconf 85' lang='lat' dir='ltr'><strong>bibliotheca</strong></span> <span class='ocrx_word' id='word_1_557' title='bbox 1224 4974 1292 5021; x_wconf 84' lang='lat' dir='ltr'><strong>turis</strong></span> <span class='ocrx_word' id='word_1_558' title='bbox 1310 4969 1457 5023; x_wconf 82' lang='lat' dir='ltr'><strong>orientalis</strong></span> <span class='ocrx_word' id='word_1_559' title='bbox 1479 4976 1526 5026; x_wconf 88' lang='lat' dir='ltr'><strong>lib.</strong></span> <span class='ocrx_word' id='word_1_560' title='bbox 1545 4975 1592 5026; x_wconf 91' lang='lat' dir='ltr'><strong>ill.</strong></span> <span class='ocrx_word' id='word_1_561' title='bbox 1611 4987 1669 5035; x_wconf 84' lang='lat' dir='ltr'><strong>cap.</strong></span> <span class='ocrx_word' id='word_1_562' title='bbox 1688 4972 1728 5021; x_wconf 74' lang='lat' dir='ltr'><strong>ie.</strong></span> <span class='ocrx_word' id='word_1_563' title='bbox 1749 4979 1812 5020; x_wconf 83' lang='lat' dir='ltr'><strong>tom.</strong></span> <span class='ocrx_word' id='word_1_564' title='bbox 1830 4973 1877 5021; x_wconf 93' lang='grc'><strong>111.</strong></span> <span class='ocrx_word' id='word_1_565' title='bbox 1895 4983 1956 5034; x_wconf 81' lang='lat' dir='ltr'><strong>pag.</strong></span> <span class='ocrx_word' id='word_1_566' title='bbox 1973 4972 2035 5023; x_wconf 74' lang='lat' dir='ltr'><strong>iau.</strong></span> 
     </span>
     <span class='ocr_line' id='line_1_43' title="bbox 126 5055 2035 5120; baseline -0.002 -11"><span class='ocrx_word' id='word_1_567' title='bbox 126 5061 185 5118; x_wconf 79' lang='grc'><strong>39)</strong></span> <span class='ocrx_word' id='word_1_568' title='bbox 209 5061 231 5108; x_wconf 93' lang='lat' dir='ltr'><strong>i.</strong></span> <span class='ocrx_word' id='word_1_569' title='bbox 256 5057 276 5106; x_wconf 94' lang='lat' dir='ltr'><strong>l.</strong></span> <span class='ocrx_word' id='word_1_570' title='bbox 295 5072 319 5120; x_wconf 91' lang='lat' dir='ltr'><strong>p.</strong></span> <span class='ocrx_word' id='word_1_571' title='bbox 337 5057 501 5110; x_wconf 72' lang='grc'><strong>100-110.</strong></span> <span class='ocrx_word' id='word_1_572' title='bbox 571 5061 617 5119; x_wconf 85' lang='grc'><strong>10)</strong></span> <span class='ocrx_word' id='word_1_573' title='bbox 635 5061 705 5110; x_wconf 86' lang='lat' dir='ltr'><strong>Vide</strong></span> <span class='ocrx_word' id='word_1_574' title='bbox 723 5060 933 5110; x_wconf 72' lang='lat' dir='ltr'><strong>decemuiratum</strong></span> <span class='ocrx_word' id='word_1_575' title='bbox 952 5059 968 5106; x_wconf 95' lang='lat' dir='ltr'><strong>i.</strong></span> <span class='ocrx_word' id='word_1_576' title='bbox 988 5058 1007 5105; x_wconf 91' lang='grc'><strong>1.</strong></span> <span class='ocrx_word' id='word_1_577' title='bbox 1025 5057 1119 5118; x_wconf 78' lang='lat' dir='ltr'><strong>p.42³</strong></span> <span class='ocrx_word' id='word_1_578' title='bbox 1138 5061 1238 5118; x_wconf 79' lang='lat' dir='ltr'><strong>etseq.</strong></span> <span class='ocrx_word' id='word_1_579' title='bbox 1290 5057 1337 5114; x_wconf 88' lang='grc'><strong>11)</strong></span> <span class='ocrx_word' id='word_1_580' title='bbox 1354 5059 1423 5108; x_wconf 82' lang='lat' dir='ltr'><strong>vioe</strong></span> <span class='ocrx_word' id='word_1_581' title='bbox 1434 5059 1640 5112; x_wconf 64' lang='lat' dir='ltr'><strong>ascomannorum</strong></span> <span class='ocrx_word' id='word_1_582' title='bbox 1657 5057 1675 5104; x_wconf 91' lang='lat' dir='ltr'><strong>l.</strong></span> <span class='ocrx_word' id='word_1_583' title='bbox 1693 5056 1711 5104; x_wconf 87' lang='lat' dir='ltr'><strong>l.</strong></span> <span class='ocrx_word' id='word_1_584' title='bbox 1730 5069 1755 5117; x_wconf 93' lang='lat' dir='ltr'><strong>p.</strong></span> <span class='ocrx_word' id='word_1_585' title='bbox 1773 5055 1833 5104; x_wconf 81' lang='grc'><strong>127.</strong></span> <span class='ocrx_word' id='word_1_586' title='bbox 1901 5055 1947 5114; x_wconf 74' lang='grc'><strong>12)</strong></span> <span class='ocrx_word' id='word_1_587' title='bbox 1964 5055 2035 5106; x_wconf 88' lang='lat' dir='ltr'><strong>Vide</strong></span> 
     </span>
     <span class='ocr_line' id='line_1_44' title="bbox 124 5138 2033 5209; baseline -0.002 -16"><span class='ocrx_word' id='word_1_588' title='bbox 124 5143 366 5194; x_wconf 74' lang='lat' dir='ltr'><strong>Assemanaaum</strong></span> <span class='ocrx_word' id='word_1_589' title='bbox 383 5141 401 5190; x_wconf 92' lang='lat' dir='ltr'><strong>i.</strong></span> <span class='ocrx_word' id='word_1_590' title='bbox 418 5143 438 5190; x_wconf 90' lang='lat' dir='ltr'><strong>i.</strong></span> <span class='ocrx_word' id='word_1_591' title='bbox 457 5157 481 5205; x_wconf 89' lang='lat' dir='ltr'><strong>p.</strong></span> <span class='ocrx_word' id='word_1_592' title='bbox 499 5143 560 5192; x_wconf 76' lang='lat'><strong>427.</strong></span> <span class='ocrx_word' id='word_1_593' title='bbox 628 5145 674 5201; x_wconf 77' lang='grc'><strong>13)</strong></span> <span class='ocrx_word' id='word_1_594' title='bbox 694 5149 738 5193; x_wconf 73' lang='lat' dir='ltr'><strong>stc</strong></span> <span class='ocrx_word' id='word_1_595' title='bbox 757 5145 828 5191; x_wconf 79' lang='lat' dir='ltr'><strong>entim</strong></span> <span class='ocrx_word' id='word_1_596' title='bbox 847 5141 1024 5192; x_wconf 76' lang='grc' dir='ltr'><em>Ανννιιισνιιιιό</em></span> <span class='ocrx_word' id='word_1_597' title='bbox 1043 5141 1146 5189; x_wconf 80' lang='lat' dir='ltr'><strong>testei.</strong></span> <span class='ocrx_word' id='word_1_598' title='bbox 1164 5141 1184 5188; x_wconf 96' lang='lat' dir='ltr'><strong>i.</strong></span> <span class='ocrx_word' id='word_1_599' title='bbox 1203 5155 1228 5202; x_wconf 91' lang='lat' dir='ltr'><strong>p.</strong></span> <span class='ocrx_word' id='word_1_600' title='bbox 1247 5141 1309 5190; x_wconf 69' lang='grc'><strong>107.</strong></span> <span class='ocrx_word' id='word_1_601' title='bbox 1327 5142 1360 5190; x_wconf 87' lang='lat' dir='ltr'><strong>ad</strong></span> <span class='ocrx_word' id='word_1_602' title='bbox 1378 5143 1458 5193; x_wconf 87' lang='lat' dir='ltr'><strong>tinem</strong></span> <span class='ocrx_word' id='word_1_603' title='bbox 1475 5146 1563 5208; x_wconf 83' lang='lat' dir='ltr'><strong>qurarii</strong></span> <span class='ocrx_word' id='word_1_604' title='bbox 1581 5138 1653 5189; x_wconf 90' lang='lat' dir='ltr'><strong>tituli</strong></span> <span class='ocrx_word' id='word_1_605' title='bbox 1671 5139 1821 5190; x_wconf 77' lang='grc' dir='ltr'><strong>1ο1..ἰ1.11.</strong></span> <span class='ocrx_word' id='word_1_606' title='bbox 1841 5141 1933 5189; x_wconf 85' lang='lat' dir='ltr'><strong>babet:</strong></span> <span class='ocrx_word' id='word_1_607' title='bbox 1951 5140 2033 5209; x_wconf 82' lang='grc' dir='ltr'><em>πρόο-</em></span> 
     </span>
     <span class='ocr_line' id='line_1_45' title="bbox 124 5217 2035 5296; baseline 0.001 -23"><span class='ocrx_word' id='word_1_608' title='bbox 124 5245 237 5290; x_wconf 75' lang='grc' dir='ltr'><em>ταγμα</em></span> <span class='ocrx_word' id='word_1_609' title='bbox 258 5225 323 5275; x_wconf 80' lang='grc' dir='ltr'><strong>τοῦ</strong></span> <span class='ocrx_word' id='word_1_610' title='bbox 340 5221 501 5283; x_wconf 79' lang='grc' dir='ltr'><em>ἀοιδίμου</em></span> <span class='ocrx_word' id='word_1_611' title='bbox 522 5227 688 5290; x_wconf 68' lang='grc' dir='ltr'><em>βασιλέως</em></span> <span class='ocrx_word' id='word_1_612' title='bbox 711 5227 818 5293; x_wconf 77' lang='lat' dir='ltr'><strong>nepoti</strong></span> <span class='ocrx_word' id='word_1_613' title='bbox 844 5221 1012 5290; x_wconf 74' lang='grc' dir='ltr'><em>Μανοαηλ</em></span> <span class='ocrx_word' id='word_1_614' title='bbox 1029 5225 1089 5272; x_wconf 81' lang='grc' dir='ltr'><strong>τοῦ</strong></span> <span class='ocrx_word' id='word_1_615' title='bbox 1108 5223 1301 5290; x_wconf 83' lang='grc' dir='ltr'><em>Κσμνηνοῠ.</em></span> <span class='ocrx_word' id='word_1_616' title='bbox 1336 5225 1392 5276; x_wconf 79' lang='lat' dir='ltr'><strong>liic.</strong></span> <span class='ocrx_word' id='word_1_617' title='bbox 1409 5229 1518 5296; x_wconf 82' lang='grc' dir='ltr'><em>πρᾶγμα</em></span> <span class='ocrx_word' id='word_1_618' title='bbox 1536 5222 1572 5280; x_wconf 78' lang='grc' dir='ltr'><strong>εἰς</strong></span> <span class='ocrx_word' id='word_1_619' title='bbox 1591 5222 1655 5272; x_wconf 72' lang='grc' dir='ltr'><em>θεὸν</em></span> <span class='ocrx_word' id='word_1_620' title='bbox 1672 5221 1834 5283; x_wconf 77' lang='grc' dir='ltr'><em>τολμώμενον</em></span> <span class='ocrx_word' id='word_1_621' title='bbox 1850 5217 2035 5293; x_wconf 77' lang='grc' dir='ltr'><em>περιφρόνησιν</em></span> 
     </span>
     <span class='ocr_line' id='line_1_46' title="bbox 122 5303 2036 5378; baseline -0.004 -14"><span class='ocrx_word' id='word_1_622' title='bbox 122 5313 175 5364; x_wconf 73' lang='grc' dir='ltr'><strong>καὶ</strong></span> <span class='ocrx_word' id='word_1_623' title='bbox 199 5307 248 5366; x_wconf 77' lang='grc' dir='ltr'><strong>εἰς</strong></span> <span class='ocrx_word' id='word_1_624' title='bbox 267 5305 402 5371; x_wconf 74' lang='grc' dir='ltr'><strong>ἀθέτησιν</strong></span> <span class='ocrx_word' id='word_1_625' title='bbox 420 5309 526 5367; x_wconf 74' lang='grc' dir='ltr'><em>θεσμῶν</em></span> <span class='ocrx_word' id='word_1_626' title='bbox 543 5311 663 5366; x_wconf 77' lang='grc' dir='ltr'><em>φυσικῶν.</em></span> <span class='ocrx_word' id='word_1_627' title='bbox 698 5309 787 5371; x_wconf 70' lang='lat' dir='ltr'><strong>,iique</strong></span> <span class='ocrx_word' id='word_1_628' title='bbox 805 5312 852 5360; x_wconf 85' lang='lat' dir='ltr'><strong>toi.</strong></span> <span class='ocrx_word' id='word_1_629' title='bbox 870 5313 915 5360; x_wconf 74' lang='lat' dir='ltr'><strong>dd.</strong></span> <span class='ocrx_word' id='word_1_630' title='bbox 934 5312 962 5358; x_wconf 75' lang='lat' dir='ltr'><strong>ii.</strong></span> <span class='ocrx_word' id='word_1_631' title='bbox 980 5309 1136 5378; x_wconf 77' lang='grc' dir='ltr'><em>πρόσταγμα</em></span> <span class='ocrx_word' id='word_1_632' title='bbox 1152 5311 1212 5360; x_wconf 77' lang='grc' dir='ltr'><strong>τοῦ</strong></span> <span class='ocrx_word' id='word_1_633' title='bbox 1228 5307 1395 5372; x_wconf 71' lang='grc' dir='ltr'><em>οἶοιδὶμου</em></span> <span class='ocrx_word' id='word_1_634' title='bbox 1411 5309 1573 5375; x_wconf 74' lang='grc' dir='ltr'><em>βασιλέως</em></span> <span class='ocrx_word' id='word_1_635' title='bbox 1589 5309 1693 5376; x_wconf 77' lang='grc' dir='ltr'><em>τυροῦ</em></span> <span class='ocrx_word' id='word_1_636' title='bbox 1710 5304 1864 5356; x_wconf 78' lang='grc' dir='ltr'><em>Ἰωάννου</em></span> <span class='ocrx_word' id='word_1_637' title='bbox 1881 5308 1941 5356; x_wconf 84' lang='grc' dir='ltr'><strong>τοῦ</strong></span> <span class='ocrx_word' id='word_1_638' title='bbox 1959 5303 2036 5357; x_wconf 75' lang='lat' dir='ltr'><strong>oud·</strong></span> 
     </span>
     <span class='ocr_line' id='line_1_47' title="bbox 121 5383 2034 5463; baseline -0.002 -16"><span class='ocrx_word' id='word_1_639' title='bbox 121 5417 180 5447; x_wconf 77' lang='grc' dir='ltr'><strong>κα.</strong></span> <span class='ocrx_word' id='word_1_640' title='bbox 227 5396 296 5443; x_wconf 83' lang='lat' dir='ltr'><strong>lnc.</strong></span> <span class='ocrx_word' id='word_1_641' title='bbox 313 5392 418 5440; x_wconf 74' lang='grc' dir='ltr'><em>ἔσονται</em></span> <span class='ocrx_word' id='word_1_642' title='bbox 436 5389 461 5439; x_wconf 80' lang='lat' dir='ltr'><strong>oi</strong></span> <span class='ocrx_word' id='word_1_643' title='bbox 477 5391 591 5442; x_wconf 78' lang='grc' dir='ltr'><em>Λευίται</em></span> <span class='ocrx_word' id='word_1_644' title='bbox 608 5391 666 5453; x_wconf 68' lang='grc' dir='ltr'><em>ἐμοὶ</em></span> <span class='ocrx_word' id='word_1_645' title='bbox 683 5396 719 5458; x_wconf 68' lang='grc' dir='ltr'><em>τρὶ</em></span> <span class='ocrx_word' id='word_1_646' title='bbox 738 5383 876 5463; x_wconf 76' lang='grc' dir='ltr'><em>ἱεροφάντη</em></span> <span class='ocrx_word' id='word_1_647' title='bbox 894 5395 980 5462; x_wconf 78' lang='grc' dir='ltr'><em>Μουσῇ</em></span> <span class='ocrx_word' id='word_1_648' title='bbox 998 5391 1081 5443; x_wconf 76' lang='grc' dir='ltr'><em>πάλαι</em></span> <span class='ocrx_word' id='word_1_649' title='bbox 1096 5392 1249 5462; x_wconf 74' lang='grc' dir='ltr'><em>χρηματίζει</em></span> <span class='ocrx_word' id='word_1_650' title='bbox 1267 5397 1339 5454; x_wconf 75' lang='grc' dir='ltr'><strong>θεὸς.</strong></span> <span class='ocrx_word' id='word_1_651' title='bbox 1373 5397 1458 5444; x_wconf 82' lang='grc' dir='ltr'><em>Ροττο</em></span> <span class='ocrx_word' id='word_1_652' title='bbox 1477 5393 1524 5442; x_wconf 84' lang='lat' dir='ltr'><strong>toi.</strong></span> <span class='ocrx_word' id='word_1_653' title='bbox 1542 5393 1584 5441; x_wconf 78' lang='lat' dir='ltr'><strong>oo.</strong></span> <span class='ocrx_word' id='word_1_654' title='bbox 1601 5393 1647 5442; x_wconf 87' lang='lat' dir='ltr'><strong>B.:</strong></span> <span class='ocrx_word' id='word_1_655' title='bbox 1665 5393 1744 5452; x_wconf 80' lang='grc' dir='ltr'><em>τόμος</em></span> <span class='ocrx_word' id='word_1_656' title='bbox 1761 5393 1823 5442; x_wconf 86' lang='grc' dir='ltr'><strong>τοῦ</strong></span> <span class='ocrx_word' id='word_1_657' title='bbox 1841 5390 2034 5454; x_wconf 63' lang='lat' dir='ltr'><strong>aristarco</strong></span> 
     </span>
     <span class='ocr_line' id='line_1_48' title="bbox 121 5472 2032 5550; baseline 0 -26"><span class='ocrx_word' id='word_1_658' title='bbox 121 5473 375 5550; x_wconf 66' lang='grc' dir='ltr'><em>πατριάρχου</em></span> <span class='ocrx_word' id='word_1_659' title='bbox 393 5478 500 5544; x_wconf 84' lang='grc' dir='ltr'><em>κνροῦ</em></span> <span class='ocrx_word' id='word_1_660' title='bbox 520 5477 703 5546; x_wconf 79' lang='grc' dir='ltr'><em>Γνρμανσῦ.</em></span> <span class='ocrx_word' id='word_1_661' title='bbox 740 5479 795 5528; x_wconf 81' lang='lat' dir='ltr'><strong>lnc-</strong></span> <span class='ocrx_word' id='word_1_662' title='bbox 812 5475 940 5528; x_wconf 77' lang='grc' dir='ltr'><em>ἀκούσατε</em></span> <span class='ocrx_word' id='word_1_663' title='bbox 958 5478 1044 5526; x_wconf 77' lang='grc' dir='ltr'><em>ταῦτα</em></span> <span class='ocrx_word' id='word_1_664' title='bbox 1060 5473 1149 5526; x_wconf 80' lang='grc' dir='ltr'><em>πάντα</em></span> <span class='ocrx_word' id='word_1_665' title='bbox 1166 5475 1202 5528; x_wconf 80' lang='grc' dir='ltr'><em>τὰ</em></span> <span class='ocrx_word' id='word_1_666' title='bbox 1219 5480 1296 5543; x_wconf 69' lang='grc' dir='ltr'><em>ἔθνη,</em></span> <span class='ocrx_word' id='word_1_667' title='bbox 1314 5477 1478 5528; x_wconf 68' lang='grc' dir='ltr'><em>ἐνωτίσασθε</em></span> <span class='ocrx_word' id='word_1_668' title='bbox 1494 5472 1591 5533; x_wconf 78' lang='grc' dir='ltr'><em>πάντες</em></span> <span class='ocrx_word' id='word_1_669' title='bbox 1608 5473 1633 5524; x_wconf 76' lang='grc' dir='ltr'><em>οἱ</em></span> <span class='ocrx_word' id='word_1_670' title='bbox 1651 5478 1827 5532; x_wconf 78' lang='grc' dir='ltr'><em>κατοικοῦντες</em></span> <span class='ocrx_word' id='word_1_671' title='bbox 1849 5472 1898 5540; x_wconf 78' lang='grc' dir='ltr'><strong>την</strong></span> <span class='ocrx_word' id='word_1_672' title='bbox 1915 5474 2032 5536; x_wconf 71' lang='grc' dir='ltr'><em>οἰκουμέ-</em></span> 
     </span>
     <span class='ocr_line' id='line_1_49' title="bbox 121 5557 2030 5636; baseline -0.001 -25"><span class='ocrx_word' id='word_1_673' title='bbox 121 5587 188 5636; x_wconf 56' lang='grc' dir='ltr'><strong>..ηῃ</strong></span> <span class='ocrx_word' id='word_1_674' title='bbox 246 5562 377 5622; x_wconf 80' lang='lat' dir='ltr'><strong>Denique</strong></span> <span class='ocrx_word' id='word_1_675' title='bbox 394 5559 443 5608; x_wconf 83' lang='lat' dir='ltr'><strong>foi.</strong></span> <span class='ocrx_word' id='word_1_676' title='bbox 462 5559 504 5608; x_wconf 76' lang='grc'><strong>58.</strong></span> <span class='ocrx_word' id='word_1_677' title='bbox 523 5561 565 5608; x_wconf 76' lang='lat' dir='ltr'><strong>lb:</strong></span> <span class='ocrx_word' id='word_1_678' title='bbox 600 5563 757 5630; x_wconf 76' lang='grc' dir='ltr'><em>πρόσταγμα</em></span> <span class='ocrx_word' id='word_1_679' title='bbox 773 5559 1015 5628; x_wconf 65' lang='grc' dir='ltr'><em>ταῦοἶοιδίμον</em></span> <span class='ocrx_word' id='word_1_680' title='bbox 1036 5566 1201 5628; x_wconf 74' lang='grc' dir='ltr'><em>βασιλέως</em></span> <span class='ocrx_word' id='word_1_681' title='bbox 1225 5561 1326 5632; x_wconf 67' lang='grc' dir='ltr'><em>νζυροῦ</em></span> <span class='ocrx_word' id='word_1_682' title='bbox 1341 5558 1553 5628; x_wconf 72' lang='grc' dir='ltr'><em>Ἀνδρονίκου</em></span> <span class='ocrx_word' id='word_1_683' title='bbox 1578 5557 1910 5620; x_wconf 70' lang='grc' dir='ltr'><em>νοῦΠαλοιολόγου.</em></span> <span class='ocrx_word' id='word_1_684' title='bbox 1944 5560 2030 5609; x_wconf 79' lang='lat' dir='ltr'><strong>incd</strong></span> 
     </span>
     <span class='ocr_line' id='line_1_50' title="bbox 120 5639 2033 5720; baseline -0.002 -23"><span class='ocrx_word' id='word_1_685' title='bbox 120 5643 354 5720; x_wconf 70' lang='grc' dir='ltr'><strong>μακαριώτατος</strong></span> <span class='ocrx_word' id='word_1_686' title='bbox 371 5639 574 5712; x_wconf 75' lang='grc' dir='ltr'><em>ἀρχιυπὶσνοιτσς</em></span> <span class='ocrx_word' id='word_1_687' title='bbox 589 5646 637 5710; x_wconf 76' lang='grc' dir='ltr'><strong>τῆς</strong></span> <span class='ocrx_word' id='word_1_688' title='bbox 654 5641 757 5715; x_wconf 75' lang='grc' dir='ltr'><em>πρώτης</em></span> <span class='ocrx_word' id='word_1_689' title='bbox 772 5643 959 5714; x_wconf 79' lang='grc' dir='ltr'><em>Ἰουστινιανῆς</em></span> <span class='ocrx_word' id='word_1_690' title='bbox 976 5651 1020 5700; x_wconf 78' lang='grc' dir='ltr'><strong>καὶ</strong></span> <span class='ocrx_word' id='word_1_691' title='bbox 1036 5648 1123 5715; x_wconf 73' lang='grc' dir='ltr'><em>πάσης</em></span> <span class='ocrx_word' id='word_1_692' title='bbox 1140 5647 1305 5716; x_wconf 67' lang='grc' dir='ltr'><em>Βουλγαρίας</em></span> <span class='ocrx_word' id='word_1_693' title='bbox 1322 5641 1443 5710; x_wconf 68' lang='grc' dir='ltr'><em>ἀνήνεγκε</em></span> <span class='ocrx_word' id='word_1_694' title='bbox 1460 5646 1494 5712; x_wconf 71' lang='grc' dir='ltr'><em>τῇ</em></span> <span class='ocrx_word' id='word_1_695' title='bbox 1508 5642 1627 5708; x_wconf 73' lang='grc' dir='ltr'><em>βασιλείᾳ</em></span> <span class='ocrx_word' id='word_1_696' title='bbox 1643 5661 1703 5706; x_wconf 88' lang='grc' dir='ltr'><em>μου.</em></span> <span class='ocrx_word' id='word_1_697' title='bbox 1783 5643 1830 5701; x_wconf 73' lang='grc'><strong>10)</strong></span> <span class='ocrx_word' id='word_1_698' title='bbox 1849 5645 1917 5694; x_wconf 82' lang='lat' dir='ltr'><strong>vido</strong></span> <span class='ocrx_word' id='word_1_699' title='bbox 1934 5644 2033 5696; x_wconf 68' lang='grc' dir='ltr'><em>Βίων-</em></span> 
     </span>
     <span class='ocr_line' id='line_1_51' title="bbox 121 5727 2033 5792; baseline -0.007 0"><span class='ocrx_word' id='word_1_700' title='bbox 121 5755 199 5792; x_wconf 71' lang='lat' dir='ltr'><strong>mena</strong></span> <span class='ocrx_word' id='word_1_701' title='bbox 225 5738 265 5784; x_wconf 86' lang='lat' dir='ltr'><strong>im</strong></span> <span class='ocrx_word' id='word_1_702' title='bbox 286 5728 482 5778; x_wconf 74' lang='lat' dir='ltr'><strong>schediasmate</strong></span> <span class='ocrx_word' id='word_1_703' title='bbox 500 5730 636 5778; x_wconf 79' lang='lat' dir='ltr'><strong>litterario</strong></span> <span class='ocrx_word' id='word_1_704' title='bbox 654 5729 687 5779; x_wconf 84' lang='lat' dir='ltr'><strong>de</strong></span> <span class='ocrx_word' id='word_1_705' title='bbox 703 5732 911 5783; x_wconf 84' lang='lat' dir='ltr'><strong>collectionibus</strong></span> <span class='ocrx_word' id='word_1_706' title='bbox 928 5745 1060 5784; x_wconf 84' lang='lat' dir='ltr'><strong>cononum</strong></span> <span class='ocrx_word' id='word_1_707' title='bbox 1079 5735 1213 5784; x_wconf 76' lang='lat' dir='ltr'><strong>ecciesiae</strong></span> <span class='ocrx_word' id='word_1_708' title='bbox 1232 5729 1361 5780; x_wconf 74' lang='lat' dir='ltr'><strong>Graecae.</strong></span> <span class='ocrx_word' id='word_1_709' title='bbox 1380 5731 1406 5792; x_wconf 80' lang='lat' dir='ltr'><strong>s.</strong></span> <span class='ocrx_word' id='word_1_710' title='bbox 1427 5729 1467 5780; x_wconf 91' lang='grc'><strong>11.</strong></span> <span class='ocrx_word' id='word_1_711' title='bbox 1484 5743 1510 5792; x_wconf 93' lang='lat' dir='ltr'><strong>p.</strong></span> <span class='ocrx_word' id='word_1_712' title='bbox 1528 5727 1572 5778; x_wconf 74' lang='grc'><strong>70.</strong></span> <span class='ocrx_word' id='word_1_713' title='bbox 1674 5729 1723 5786; x_wconf 78' lang='lat' dir='ltr'><strong>db)</strong></span> <span class='ocrx_word' id='word_1_714' title='bbox 1741 5727 1809 5778; x_wconf 76' lang='lat' dir='ltr'><strong>t&#39;ide</strong></span> <span class='ocrx_word' id='word_1_715' title='bbox 1827 5727 2033 5780; x_wconf 72' lang='lat' dir='ltr'><strong>decemuiratum</strong></span> 
     </span>
     <span class='ocr_line' id='line_1_52' title="bbox 121 5816 336 5886; baseline -0.023 -19"><span class='ocrx_word' id='word_1_716' title='bbox 121 5830 142 5879; x_wconf 77' lang='lat'><strong>1,</strong></span> <span class='ocrx_word' id='word_1_717' title='bbox 165 5829 188 5876; x_wconf 80' lang='grc'><strong>1,</strong></span> <span class='ocrx_word' id='word_1_718' title='bbox 213 5837 250 5886; x_wconf 84' lang='lat' dir='ltr'><strong>p.</strong></span> <span class='ocrx_word' id='word_1_719' title='bbox 272 5816 336 5867; x_wconf 69' lang='lat'><strong>4²³.</strong></span> 
     </span>
    </p>
   </div>
   <div class='ocr_carea' id='block_1_7' title="bbox 201 5893 1629 5970">
    <p class='ocr_par' dir='ltr' id='par_1_7' title="bbox 201 5893 1629 5970">
     <span class='ocr_line' id='line_1_53' title="bbox 201 5893 1629 5970; baseline -0.007 -1"><span class='ocrx_word' id='word_1_720' title='bbox 201 5907 257 5970; x_wconf 83' lang='lat' dir='ltr'><strong>li.</strong></span> <span class='ocrx_word' id='word_1_721' title='bbox 1596 5893 1629 5959; x_wconf 87' lang='lat' dir='ltr'><strong>ii</strong></span> 
     </span>
    </p>
   </div>
   <div class='ocr_carea' id='block_1_8' title="bbox 0 0 2406 7060">
    <p class='ocr_par' dir='ltr' id='par_1_8' title="bbox 0 0 2406 7060">
     <span class='ocr_line' id='line_1_54' title="bbox 0 0 2406 7060; baseline 0 8"><span class='ocrx_word' id='word_1_722' title='bbox 0 0 2406 7060; x_wconf 95' lang='lat' dir='ltr'><strong> </strong></span> 
     </span>
    </p>
   </div>
  </div>
 </body>
</html>
