4864 7070
761 142 795 170 ¹·
846 149 952 206 at·

967 217 973 234 ι

815 261 890 304 dp.
928 289 965 317 ¹·

904 401 928 460 r,
959 365 983 436 ι’]
1003 389 1034 454 5⁸,

972 503 1013 664 ’ς’
1049 533 1489 642 'nnonnoounuu
1570 531 1581 545 '

1005 1009 1558 1110 CAPUTII.

482 1314 554 1405 Sed
582 1316 646 1380 iam
674 1323 800 1400 tempus
828 1317 897 1400 est,
928 1310 1058 1402 opinor,
1085 1311 1129 1386 de
1156 1309 1246 1401 libri,
1278 1307 1373 1406 quem
1400 1309 1543 1398 edimus,
1564 1315 1693 1379 ‚nutura
1723 1303 1894 1392 indoleqne
1921 1311 1958 1370 et
1985 1303 2088 1372 torma
2115 1307 2215 1374 verba

354 1420 476 1498 lacere.
519 1415 555 1480 ls
577 1415 609 1480 in
630 1414 712 1480 duos
734 1420 769 1488 et
789 1412 905 1497 viginti
933 1413 1044 1480 titulos
1073 1411 1264 1488 distributus
1285 1419 1355 1500 cst,
1385 1430 1430 1478 ex
1459 1410 1573 1498 quibus
1600 1407 1817 1492 unusquisque
1847 1403 1956 1492 plures
1978 1409 2122 1474 continet
2142 1408 2216 1474 No·

354 1519 463 1594 velles
485 1517 744 1594 constitutiones.
787 1512 917 1590 Graece
939 1509 1099 1598 διατάξεις
1122 1511 1270 1600 audiunt,
1298 1520 1335 1578 nt
1356 1511 1539 1598 significent
1560 1509 1753 1594 singulorum
1782 1507 1942 1574 titulorum
1963 1507 2133 1596 paratitlo,
2163 1510 2217 1574 nbi

355 1627 391 1688 et
413 1619 497 1686 tituli
518 1625 553 1684 et
573 1613 744 1696 διατάξεως
764 1615 887 1688 numeri
907 1615 977 1680 suis
998 1615 1114 1704 quique
1134 1613 1217 1684 locis
1239 1613 1378 1690 subiecti
1399 1617 1582 1690 cernuntur.
1626 1609 1669 1677 Ut
1682 1607 1817 1695 proinde
1831 1629 1895 1678 uon
1917 1615 2040 1676 temere
2061 1608 2216 1678 coniicias

354 1722 415 1789 hos
437 1718 598 1798 titulorum
619 1717 942 1817 constitutionumque
969 1735 1119 1789 numeros
1140 1714 1180 1788 ab
1202 1713 1273 1800 ipso
1292 1712 1474 1788 Athanasio
1497 1711 1661 1806 profectos
1686 1730 1775 1777 esse.
1818 1709 1946 1778 Eadem
1967 1711 2113 1796 singulas
2135 1730 2215 1776 con-

354 1821 543 1900 stitutiones
570 1817 723 1886 laudandi
751 1820 876 1885 ratione
904 1820 977 1905 ipse
999 1817 1201 1896 Athrrnasins
1229 1835 1292 1888 non
1318 1816 1366 1883 ita
1394 1833 1466 1880 raro
1493 1833 1572 1886 usus
1599 1817 1653 1878 est
1670 1817 1717 1899 ¹),
1747 1817 1782 1878 ut
1811 1819 1920 1879 tamen
1948 1814 2008 1901 sit,
2038 1811 2090 1877 ubi
2110 1812 2151 1876 ab
2174 1833 2215 1879 ea

354 1919 587 2000 consuetudine
607 1921 729 1987 abiisse
751 1919 917 2008 videatur,
943 1917 1034 1985 velut
1061 1917 1111 1982 tit.
1136 1911 1172 1980 9.
1195 1924 1301 1994 coust
1327 1912 1379 2006 2,
1405 1915 1459 1990 ubi
1479 1915 1561 1984 baec
1582 1913 1750 1998 legunturz
1784 1912 1928 2002 καὶγὰρ
1949 1917 2005 1980 καὶ
2027 1919 2060 1977 ἐν
2081 1915 2121 1997 τῇ·
2143 1937 2213 1998 περι

353 2028 419 2092 τῶν
448 2022 560 2100 νόθων
587 2018 729 2100 διατάξει
756 2021 849 2092 τοῦδε
875 2022 935 2086 τοῦ
961 2015 1187 2110 συντάγματος
1214 2019 1316 2108 ῥητῶς
1343 2015 1427 2082 οὕτω
1455 2017 1553 2106 φησὶν
1574 2009 1593 2093 ἡ
1615 2011 1775 2095 διάταξις,
1812 2023 1911 2102 atque
1941 2015 2039 2082 eliam
2068 2017 2117 2080 tit
2151 2016 2212 2080 11.

248 2187 256 2196 .
354 2131 460 2202 const,
483 2121 539 2209 4.,
566 2121 619 2189 ubi
643 2115 725 2190 hade
751 2121 916 2205 leguntur:
944 2116 1118 2202 ἀνάγνωθι
1138 2115 1196 2196 τὴν
1217 2123 1286 2204 περὶ
1306 2120 1370 2184 τῶν
1387 2117 1570 2214 βουλευτῶν
1591 2111 1755 2208 διάταξιν,
1782 2106 1819 2194 ἧς
1839 2113 1859 2194 ἡ
1880 2111 1965 2200 ἁρχὴ
1997 2118 2119 2196 ,μεαλῆς
2140 2111 2215 2198 ἡμῖν

354 2227 589 2312 νομοθεοιίις.“
631 2219 778 2307 Singulis
806 2219 1084 2300 constitutionibus
1105 2217 1219 2297 brevis
1245 2221 1344 2296 totins
1365 2217 1545 2305 argumenti
1576 2215 1753 2304 descriptio
1775 2223 1950 2304 praetexta
1966 2223 2040 2306 est,
2069 2216 2215 2306 seqnitur

354 2346 406 2415 ea,
426 2343 508 2412 qnae
529 2329 675 2411 vocatur,
704 2321 943 2399 constitutionis
964 2321 1151 2408 inscriptio,
1177 2319 1239 2386 hoc
1260 2328 1314 2388 est
1335 2327 1370 2386 et
1391 2319 1594 2406 imperatoris
1616 2318 1818 2406 designatio,
1842 2319 1895 2409 qui
1917 2338 1987 2384 eanr
2009 2319 2216 2384 constitutio-

353 2445 427 2508 nem
449 2423 610 2512 emiserit,
632 2433 666 2492 et
686 2423 913 2510 magistratus,
934 2421 976 2490 ad
998 2441 1091 2520 quem
1104 2423 1206 2500 missa
1227 2423 1282 2509 sit,
1302 2421 1511 2510 siguificati03
1533 2417 1652 2487 deinde
1672 2419 1775 2506 prime
1795 2438 1942 2517 quaeque
1963 2421 2033 2486 eius
2055 2420 2216 2488 constitu-

354 2529 454 2610 tionis
474 2525 576 2592 verba
602 2524 801 2614 reseruntnr3
830 2529 895 2596 tum
922 2523 994 2610 ipsa
1021 2523 1260 2601 constitutionis
1281 2525 1422 2611 epitome
1451 2525 1598 2611 ponitur,
1627 2519 1765 2608 denique
1793 2540 1855 2608 quo
1876 2521 1929 2594 die
1956 2539 2062 2608 quove
2082 2522 2216 2588 consule

356 2625 435 2712 data
456 2629 517 2714 sit,
545 2624 677 2691 disertis
698 2625 809 2690 verbis
837 2633 1110 2701 commemoratur.
1152 2623 1301 2712 Ipsorum
1322 2631 1427 2690 autem
1455 2623 1664 2710 epitomarum
1686 2623 1768 2690 haec
1795 2629 1849 2698 est
1870 2623 1971 2710 ratio,
2001 2627 2053 2710 nt,
2080 2623 2215 2709 siquae

355 2733 411 2802 lex
432 2729 474 2798 ad
496 2734 618 2794 certam
640 2729 762 2804 tontum
782 2719 1107 2814 imperii'ssrieutalis
1129 2721 1327 2812 provinciam
1341 2724 1515 2822 pertineat,
1535 2724 1569 2791 id
1590 2725 1681 2798 initio
1703 2723 1951 2812 uniuscuiusque
1972 2723 2133 2810 epitomes
2154 2722 2216 2791 de-

355 2833 511 2918 claretur,
537 2827 626 2900 cuins
648 2827 697 2894 rei
718 2819 869 2914 exempla
890 2846 989 2914 supra
1011 2827 1209 2916 protulimus.
1251 2825 1291 2904 Id
1312 2827 1397 2892 enim
1417 2825 1621 2893 Athanasius
1646 2825 1680 2891 in
1702 2823 1763 2896 boc
1789 2823 1871 2891 libro
1898 2821 2097 2898 conficiendo
2120 2821 2215 2891 vidc-

353 2931 408 3000 tur
428 2950 505 3004 esse
526 2934 675 3012 secutus,
702 2933 753 3012 nt,
780 2945 865 3014 quae
886 2947 929 3006 cur
948 2927 1175 3016 imperotorurn
1203 2927 1327 3013 legibus
1348 2925 1499 3002 Novellis
1529 2925 1572 3008 ad
1594 2933 1717 2994 certum
1743 2932 1865 2992 tanturn
1893 2926 1995 2992 locum
2022 2931 2213 3015 tempusque

354 3029 527 3110 referenda
555 3048 632 3096 csse
653 3027 856 3116 viderentur,
882 3029 923 3104 ab
943 3027 1002 3116 iis,
1029 3048 1112 3116 quae
1133 3027 1229 3096 etad
1253 3035 1355 3093 totum
1382 3027 1548 3114 imperium
1578 3025 1994 3114 Orientde‘pertiuerent,
2021 3031 2057 3092 et
2078 3029 2216 3097 omnium

355 3135 482 3212 omnino
509 3138 686 3217 temporum
713 3129 890 3208 communio
916 3134 1048 3218 essent,
1075 3137 1228 3208 accurate
1255 3127 1477 3218 discerneret,
1509 3125 1714 3214 discretaque
1741 3139 1806 3193 non
1826 3125 1960 3213 eadem,
1993 3147 2057 3214 qua
2081 3129 2215 3219 reliqua,
2305 3165 2307 3172 ,

356 3232 524 3320 diligentia
545 3237 807 3318 persequeretur.
850 3229 923 3310 Hoc
944 3231 1030 3298 enim
1051 3250 1286 3322 saepenumero
1307 3229 1456 3308 videmus
1477 3227 1658 3316 accidisse,
1679 3233 1730 3318 ut,
1751 3247 1835 3315 quae
1856 3227 1978 3294 locales
2000 3231 2235 3316 temporales,

355 3357 418 3424 qne
447 3341 523 3400 suut
543 3329 704 3398 Novellae
731 3331 996 3420 constitutiones,
1025 3339 1082 3398 unt
1109 3333 1221 3420 paneis
1249 3331 1374 3404 relatae
1401 3331 1487 3416 sint,
1515 3335 1570 3395 aut
1596 3329 1645 3395 ita
1671 3325 1857 3419 neglectae,
1884 3335 1920 3394 ut
1945 3347 1988 3406 ne
2016 3326 2235 3398 divinatione'

357 3429 485 3528 quiden
506 3453 615 3501 earum
642 3433 838 3508 sententiam
860 3432 1022 3517 attingere
1043 3435 1152 3521 possis
1167 3441 1208 3518 2).
1252 3429 1361 3526 Quare
1383 3451 1422 3498 eo
1444 3436 1635 3520 perventum
1657 3437 1726 3518 est,
1752 3435 1805 3520 ut,
1833 3429 1886 3494 nbi
1907 3428 1990 3496 haec
2011 3449 2085 3518 res,
2111 3437 2215 3498 utrum

347 3529 417 3626 aa,
439 3536 564 3621 dequo
585 3534 710 3622 agitur,
731 3533 917 3612 constitutio
939 3533 1051 3611 loculis
1073 3540 1166 3610 esset
1186 3553 1308 3623 necne,
1328 3533 1467 3620 aliquem
1488 3532 1623 3602 baberet
1645 3528 1892 3618 dubitationem,
1911 3529 2007 3620 longe
2028 3529 2158 3618 lateque
2179 3536 2215 3600 in

354 3645 522 3723 utramque
544 3641 669 3724 partem
690 3633 730 3700 sb
753 3633 936 3710 Athanasio
958 3635 1002 3704 sit
1029 3635 1236 3723 disputatum.
1250 3641 1291 3718 l).
1336 3635 1445 3730 Atque
1457 3632 1518 3698 boo
1542 3629 1665 3698 locales
1686 3632 1945 3719 temporalesque
1967 3631 2215 3707 constitutiones

354 3737 530 3824 nreliqnis
559 3733 753 3812 secernendi
779 3734 918 3810 studium
946 3753 1009 3802 non
1031 3743 1153 3812 tontum
1180 3755 1307 3822 eorum,
1333 3735 1387 3822 qui
1407 3733 1568 3800 Novellas
1587 3731 1758 3798 Iustiniani
1783 3733 1989 3819 interpretati
2014 3739 2107 3823 sunt,
2134 3756 2216 3820 pro-

353 3841 459 3928 prium
477 3835 551 3926 luit,
581 3835 642 3902 sed
663 3841 697 3901 et
718 3836 760 3905 ad
782 3855 841 3902 eos
869 3837 1041 3925 pertinuit,
1068 3839 1121 3924 qui
1148 3837 1327 3906 lustiuieno
1350 3831 1460 3910 Codici
1482 3832 1671 3911 illustrando
1693 3853 1825 3920 opernm
1846 3831 2005 3910 dederunt
2022 3837 2064 3920 ⁴),
2106 3837 2216 3926 Atque

354 3939 469 4026 etiam,
498 3937 528 4003 si
556 3937 598 4004 ad
627 3937 795 4024 superiora
824 3945 970 4022 tempora
996 3935 1175 4014 oscendere
1203 3939 1354 4026 velimus,
1384 3933 1468 4030 quod
1498 3932 1540 4000 de
1568 3932 1724 4012 localibus
1756 3935 2039 4014 constitutionibus
2066 3935 2216 4026 diximus,

353 4037 439 4108 idem
459 4039 494 4104 in
520 4037 667 4118 Zenonis
694 4037 735 4105 de
759 4037 854 4116 novis
882 4037 1033 4124 operibus
1054 4038 1284 4117 constitutione
1300 4042 1329 4119 ⁵)
1360 4036 1522 4118 accidisse
1549 4035 1724 4128 imperator
1744 4033 1943 4112 Iustinianus
1969 4034 2070 4110 refert
2084 4041 2132 4126 ⁶),
2162 4043 2216 4126 qui

352 4139 440 4209 idem
461 4141 531 4206 eius
552 4139 602 4206 rei
622 4157 773 4206 caussam
800 4137 1018 4226 originemque
1038 4139 1180 4227 aperuit,
1209 4158 1280 4217 cunr
1301 4139 1373 4216 iura
1394 4137 1541 4214 localium
1562 4136 1824 4214 constitutionum
1852 4136 1885 4212 in
1906 4133 1958 4206 bis
1979 4141 2103 4214 tautam
2124 4139 2216 4226 locis,

420 4479 449 4542 1)
478 4481 532 4533 nrt.
556 4479 582 4530 1.
607 4483 692 4530 const.
709 4481 736 4530 2.
766 4474 904 4541 ἀνάγνωθι
926 4475 975 4546 τὴν
991 4474 1033 4532 ιζ’.
1054 4479 1104 4540 τοῦ
1134 4475 1264 4548 παρόντος
1285 4474 1376 4529 τίτλον
1404 4472 1540 4538 dedentes,-
1568 4481 1655 4536 const,
1674 4477 1700 4532 7,
1731 4471 1868 4548 ἀνάγνωθι
1895 4473 2015 4535 διάταξιν
2030 4475 2063 4542 β.
2086 4481 2137 4532 τοῦ
2158 4478 2216 4546 έεῆς

354 4565 461 4627 τίτλους
479 4567 519 4622 nt.
536 4564 563 4614 Β.
582 4567 668 4628 consp.
685 4565 712 4613 8.
736 4558 885 4628 ἧδίαταξις
902 4558 918 4629 ἡ
934 4562 969 4640 γέ.
986 4563 1036 4614 τοῦ
1053 4563 1073 4613 d.
1092 4561 1160 4626 (leg.
1177 4560 1229 4627 tl.)
1251 4559 1342 4612 τίτλον
1358 4557 1436 4610 τοῦδε
1456 4561 1506 4614 τοῦ
1523 4557 1716 4622 ονντάγματσςς
1739 4563 1823 4618 const.
1843 4561 1868 4608 ll.
1896 4555 2034 4624 άνάγνιιθι
2050 4557 2082 4612 τὸ
2099 4561 2215 4614 έναντέον

353 4652 388 4698 τέ’.
408 4645 434 4696 ι’.
456 4643 533 4700 τοῦδε
552 4645 602 4696 τοῦ
618 4645 795 4710 συντάγματος
812 4645 880 4698 διατ.
899 4644 927 4698 ι’.
943 4639 1158 4720 μεταγενεστέροις
1174 4641 1253 4721 οὕσρς
1273 4641 1412 4704 κεφάλαιον
1428 4642 1470 4706 ι’.ς
1492 4645 1590 4700 lbldent
1604 4639 1742 4706 ἀνάγνωθι
1762 4643 1796 4692 τί.
1813 4638 1848 4706 β.
1870 4641 1947 4695 τοῦδε
1968 4645 2019 4694 cod
2036 4645 2216 4712 συντάγματος

287 4765 291 4772 -
354 4732 423 4782 διατ.
444 4729 478 4794 pl.
501 4730 717 4799 μεταγένεοτέρας
739 4726 831 4795 οὕσηςς
859 4733 899 4781 ttt.
916 4731 944 4781 4.
967 4735 1052 4782 const.
1070 4731 1095 4787 1·
1131 4727 1267 4793 άνάγνωέι
1288 4731 1323 4778 ri.
1350 4726 1381 4778 ι’.
1402 4727 1451 4776 τοῦ
1473 4725 1604 4800 παρόντος
1625 4724 1804 4790 συντάγματος
1825 4725 1893 4778 διατ.
1912 4725 1939 4778 ι’.
1957 4747 2011 4789 erp,
2030 4727 2086 4793 τίῆ,-
2112 4733 2152 4782 ttt.
2171 4733 2215 4784 10.

278 4804 282 4815 ’
353 4823 438 4869 const.
456 4816 482 4866 Β.
512 4811 650 4877 ἀνάγνωθι
671 4814 716 4864 ναί
736 4814 804 4865 διάτ.
823 4813 863 4866 θ’.
884 4817 933 4866 τοῦ
954 4811 1084 4883 παρόντος
1106 4813 1247 4873 κεφαλαίου
1270 4809 1337 4876 (leg.
1355 4809 1475 4875 τίτλσυ);
1500 4803 1588 4876 paullo
1610 4815 1671 4874 port
1693 4810 1737 4860 ιιαί
1758 4811 1824 4862 τίτί.
1850 4810 1884 4862 δ’.
1902 4811 1972 4864 dur.
1989 4811 2039 4865 ια’.
2062 4812 2132 4880 (leg.
2150 4813 2217 4880 ιρέ.)

353 4919 408 4958 aro.
428 4895 485 4962 0¹2⁴„-
502 4900 599 4951 ibidem
615 4894 749 4960 ἀνάγνωθι
765 4902 800 4949 ri.
819 4896 864 4950 ια’.
882 4897 951 4949 διατ.
969 4896 1004 4948 α’.
1023 4915 1077 4956 asp.
1095 4895 1137 4960 ι’.,·
1160 4899 1257 4948 totdem
1274 4893 1410 4956 ἀνάγνωθι
1426 4894 1492 4947 τίτλ.
1510 4893 1539 4955 λ’.
1556 4895 1625 4956 διας.
1643 4893 1678 4960 η’.
1697 4911 1751 4954 νεα.
1770 4893 1821 4958 d'.‚·
1842 4895 1939 4950 ibidem
1955 4895 2092 4962 άνάγναθι
2108 4899 2160 4949 τίτ.
2178 4899 2213 4949 α’.

226 4997 237 5024 ··
354 4982 404 5045 διγ.
424 4981 493 5048 (leg.
511 4980 599 5044 διατ.)
619 4978 652 5046 β.
670 5000 723 5041 sap.
741 4980 786 5038 ιζ’.
804 4982 848 5034 ναὶ
864 4981 913 5048 aq'.
929 5009 965 5033 η-
980 4980 1024 5030 ιιαί
1041 4997 1094 5040 trop.
1112 4979 1176 5046 νη’.ς
1202 4985 1242 5032 ttt.
1261 4979 1305 5030 14.
1323 4985 1409 5030 coust
1427 4981 1452 5029 8.
1481 4977 1619 5043 άνάγνιιθι
1638 4977 1705 5029 τίτλ.
1730 4977 1760 5033 τ’.
1778 4979 1847 5042 διατι
1864 4979 1893 5031 ε’.
1910 4999 1964 5042 νεα.
1981 4981 2011 5034 ε’.
2029 4981 2074 5032 ναί
2088 4982 2214 5036 sith...
2271 5018 2276 5027 .

355 5068 424 5131 (leg.
442 5063 486 5123 ν’.)
512 5065 580 5116 duat.
598 5062 626 5120 ι’.
644 5083 699 5124 aro.
717 5063 766 5130 γ’.,·
792 5067 888 5118 tbtdern
908 5061 1044 5126 ἀνάγνωθι
1065 5067 1131 5116 τίτλ.
1150 5063 1180 5120 t'.
1199 5065 1250 5128 διγ.
1276 5063 1344 5130 (leg,
1362 5062 1451 5124 δεατ.)
1472 5062 1506 5126 γ’.
1524 5081 1579 5124 sep.
1598 5063 1648 5128 7'„·
1673 5065 1770 5116 ibidem
1791 5061 1926 5130 ἀνάγνωθι
1947 5065 2014 5122 τίτί.
2033 5064 2067 5118 δ’.
2085 5066 2156 5131 διστ,
2177 5059 2214 5134 A'.

354 5167 409 5208 nep.
429 5147 463 5214 η’.
482 5149 526 5200 καί
543 5148 583 5202 θ’.
603 5149 646 5202 ναί
663 5147 690 5202 ι’.
709 5149 753 5200 καί
770 5147 816 5204 ια’.
834 5149 878 5198 καί
896 5145 940 5210 ql.
1008 5147 1040 5213 2)
1061 5150 1130 5200 Vide
1151 5153 1192 5200 tit
1211 5151 1253 5202 lb.
1281 5153 1366 5198 const·
1383 5149 1410 5198 2.
1437 5145 1556 5217 πάρελθε
1577 5145 1625 5215 τὴν
1647 5145 1765 5206 διάταξιν
1785 5145 1894 5216 τοπικὴν
1916 5135 1998 5202 οὖσαν
2019 5149 2062 5200 ναί
2082 5153 2214 5223 qnaeritis.

239 5244 246 5253 ¹
355 5233 384 5296 ³)
407 5233 475 5284 Vide
506 5235 546 5284 tit
571 5235 615 5287 16.
643 5241 731 5288 const.
755 5236 792 5284 8.
813 5227 829 5300 ἢ
857 5229 974 5289 διάταξις
1002 5227 1112 5289 τοπικὰς
1138 5231 1284 5284 αἰνίττιται
1310 5227 1448 5293 τυγχάνειν
1474 5228 1521 5289 τάς
1548 5229 1601 5303 πρὸ
1630 5231 1713 5299 αὐτῆς
1735 5233 1782 5286 ddo
1811 5229 1940 5290 διατάξας
1967 5235 2083 5304 γεωργῶν
2114 5235 2215 5306 θρᾴειρς

355 5317 399 5368 ναί
424 5318 475 5366 ταῖν
496 5320 611 5388 γεωργῶν
638 5317 792 5387 Ἰλλυρικοῦ,
820 5311 1005 5378 ὑποβάλλουσα
1033 5317 1087 5372 τοῖς
1111 5312 1199 5370 adreio
1230 5315 1370 5375 ἐπιτιμίοις
1397 5311 1459 5372 τοὺς
1489 5317 1649 5386 στρατιώτας
1679 5317 1724 5368 καί
1751 5316 1852 5374 πάντας
1877 5311 1939 5373 τοὺς
1962 5313 2116 5377 ίζωομένονς
2140 5317 2213 5388 παρά

355 5399 405 5467 τὴν
427 5399 555 5470 διαγωγὴν
578 5403 629 5454 τῶν
649 5399 737 5452 αὐτῶν
760 5395 807 5449 δύο
829 5394 969 5454 διατάξειεν
990 5395 1153 5458 δανείζοντας
1173 5399 1218 5452 καί
1240 5397 1318 5450 τόκον
1339 5398 1526 5468 έπιροιτδντας.
1551 5401 1618 5462 τινὲς
1639 5399 1667 5450 δέ
1683 5399 1709 5450 έν
1730 5401 1781 5450 τοῦ
1803 5397 1978 5468 artaxersem
1999 5403 2034 5468 τῇ
2056 5403 2104 5462 μέν
2124 5399 2214 5470 πρώτῃ

355 5483 471 5542 διατάξει
666 5483 701 5551 τῇ
717 5481 745 5532 dd
762 5482 869 5552 δεντέρᾳ
882 5492 1015 5522 '-—-
1030 5477 1132 5542 γενιιάς
1147 5481 1246 5540 ταύτας
1262 5471 1330 5533 εἶναι
1347 5482 1434 5540 φασίν.
1458 5483 1502 5536 καὶ
1517 5483 1616 5546 μᾶλλον
1629 5477 1680 5552 χρὴ
1697 5480 1796 5546 γενενάς
1815 5477 1898 5542 αὐτάς
1913 5482 2105 5552 προσδέχεσθαι
2121 5481 2166 5538 διά
2182 5483 2214 5534 τὸ

359 5566 490 5638 εἰρημένον
510 5566 546 5618 α’.
568 5569 635 5632 βιβλ.
657 5565 708 5619 νῦν
729 5563 780 5629 διγ.
805 5571 840 5620 τί.
864 5565 895 5624 ς’.
919 5565 969 5629 dtr.
995 5563 1036 5618 θ’.
1117 5605 1120 5610 -
1255 5603 1263 5618 .
1338 5567 1371 5630 4)
1395 5567 1529 5618 schuttura
1553 5565 1726 5617 amnicorum
1751 5565 1797 5614 tto.
1821 5567 1848 5618 8.
1879 5570 1919 5616 tit.
1944 5568 1970 5618 l.
1997 5569 2076 5619 them.
2097 5569 2142 5618 27.
2170 5571 2213 5626 ed,

358 5653 514 5706 Hdadoott
537 5657 600 5702 lom.
618 5651 639 5702 1.
661 5663 687 5714 p,
703 5650 781 5713 sta,
807 5651 852 5704 ubl
875 5646 995 5718 ἑρμηνεία
1011 5655 1097 5702 const.
1115 5650 1160 5700 lb·
1182 5649 1248 5702 Cod.
1265 5648 1300 5700 Π.
1317 5651 1343 5700 V.
1365 5653 1566 5714 tnterpretstur,
1589 5645 1740 5714 ἢδιάταξις
1760 5643 1829 5716 αὕτη
1854 5647 2051 5720 πρόσναιρός
2071 5648 2139 5702 ίστι
2160 5655 2213 5706 καί

356 5731 438 5786 sard
453 5733 489 5785 τὸ
506 5731 591 5785 πολὺ
615 5735 714 5803 μέρος
733 5734 895 5801 περιττάς
917 5729 950 5784 ίν
970 5730 1073 5798 τούτῳ
1097 5733 1135 5798 τῷ
1160 5731 1274 5786 adduxe
1296 5737 1415 5796 νεῖται,
1441 5727 1539 5800 ιλςῆδη
1555 5736 1757 5802 περαιωθέντων
1772 5735 1823 5788 τῶν
1839 5732 1867 5792 ίν
1883 5732 1953 5809 αὐτῇ
1969 5735 2212 5800 νομοθετηθέντων.

355 5817 503 5883 δ)1ι.12.
528 5817 592 5868 cod.
610 5816 680 5866 vtn.
703 5816 746 5877 ,1⁰-
813 5814 840 5878 6)
862 5817 953 5868 1ι.18.
977 5815 1042 5868 cod.
1065 5817 1083 5871 l,
1101 5817 1118 5866 Ι.
1145 5815 1211 5868 cum
1226 5817 1405 5881 dubitabatur,
1428 5819 1514 5868 uren
1535 5817 1692 5879 constitutio
1708 5818 1827 5869 zenonts
1843 5843 1877 5856 -
1892 5819 1987 5869 localts
2009 5823 2092 5882 esset,
2108 5824 2137 5874 et
2153 5821 2214 5872 huto

357 5903 563 5956 ttoreattsstruse
587 5901 646 5950 σενι
662 5900 799 5962 dedicata,
816 5903 844 5962 ot
859 5899 987 5966 διέενμετ
1000 5901 1077 5954 illitu
1097 5901 1204 5968 quidem
1226 5903 1294 5953 tara
1314 5901 1345 5952 tu
1367 5899 1420 5960 hac
1440 5899 1603 5967 οδιιννστέ,
1631 5903 1748 5969 nanque
1769 5912 1856 5966 ocra,
1882 5913 1953 5966 quae
1968 5901 2114 5954 mtrorta
2135 5904 2213 5968 erut,

358 5986 449 6037 locum
465 5983 564 6042 harben
585 5985 614 6034 itt
629 5985 787 6049 γιονέςετέίε.
898 6006 906 6019 ·
1921 6023 1925 6032 .
