4748 7074
331 438 335 446 ¹
352 461 369 491 ν

700 522 848 593 NOV.
897 521 1172 592 lusura.
1237 523 1366 590 TIT.
1409 523 1491 590 XX.
1931 525 2010 594 474

183 713 307 782 σ’πτιύνιυν
336 711 376 796 μή
402 711 580 794 ποιησάντων
605 719 726 814 ῥίιιαμτα
744 721 811 821 ,ripn
838 709 977 816 δαπάνης,
997 712 1068 818 145)
1111 731 1266 788 pensarum
1292 731 1351 772 non
1377 715 1530 790 immune,
1558 715 1713 774 codatorea
1739 716 1815 788 apud
1844 717 2012 791 episcopum

183 807 411 905 συνιρχέσθωσαν
433 799 577 871 ὑποτελεῖς
603 796 684 902 μαρά
716 805 757 877 τῷ
783 797 927 876 ἐπισκόιιρ
954 803 1001 860 καλ
1028 805 1068 876 τῷ
1110 805 1140 858 ot
1159 802 1378 874 magistratum,
1406 802 1458 872 qui
1477 799 1547 876 (lis)
1567 801 1641 858 locis
1663 799 1789 874 praeest,
1809 804 2015 880 conveniunto,

183 881 282 968 άρχοντι
301 893 359 946 τῶν
378 879 488 958 τύπων,
515 878 679 988 ήάμύντος
699 892 750 988 τμῦ
771 878 914 986 ἄρχοντος
927 879 1007 964 παρά
1028 887 1068 962 τῷ
1110 891 1177 958 aut,
1207 887 1234 942 ai
1254 885 1445 959 magistratus
1466 885 1559 958 absit,
1586 885 1664 957 apud
1686 885 1884 962 defensorem,
1911 891 1941 944 et
1961 903 2014 960 per

182 976 272 1046 adop,
294 973 339 1032 καλ
360 971 404 1030 ἐπὶ
424 931 585 1046 πράξεις’
571 966 777 1072 υπομτημάτων
793 964 1068 1070 φανερούτοσατίν.
1108 927 1258 1044 gest'orum
1280 971 1491 1026 confectionem
1518 985 1663 1042 expensas
1693 969 1876 1042 declaranto,
1903 977 1936 1028 nt
1956 988 2014 1028 an-

182 1049 507 1135 qarrporienrcca)⁴⁴)'
477 1075 529 1132 την
549 1050 692 1156 δαπάνην,
727 1047 819 1116 ainana
847 1055 887 1132 (v.
909 1047 1049 1130 οἷστε)
1018 1076 1069 1126 τας
1109 1070 1204 1112 nonae
1224 1053 1347 1110 militum
1374 1061 1404 1110 et
1430 1055 1621 1112 exarchorum
1646 1069 1746 1114 eorum
1770 1061 1887 1152 propter
1913 1059 2013 1112 trans·

182 1145 290 1220 σητίσιις
316 1139 356 1216 (v.
384 1134 520 1216 σιτήσεις)
547 1143 604 1199 τῶν
610 1144 817 1240 στρατιωτῶν
831 1141 878 1198 καλ
905 1144 962 1198 τῶν
991 1135 1068 1214 dirip-
1108 1140 1181 1196 itum
1208 1139 1364 1210 deputatae
1385 1155 1403 1194 a
1424 1143 1495 1196 daco
1515 1141 1713 1212 retineantur,
1756 1139 1831 1210 ipsis
1851 1143 1947 1196 autem
1968 1155 2014 1214 ea,
2110 1197 2123 1224 ι

180 1247 246 1322 χων
248 1222 338 1286 αὐτῶν
359 1225 566 1324 ἐνκρατηθήιαμ
586 1219 693 1298 τάς55)
714 1219 761 1284 διά
783 1226 833 1299 τῆς
858 1218 1066 1322 [παρόδου]4θ)
1109 1239 1184 1294 quae
1206 1237 1258 1294 per
1277 1221 1461 1297 (gestorum)
1482 1225 1694 1280 contentionem
1716 1223 1909 1322 declarantur,
1930 1218 2025 1280 eom-0*

179 1305 250 1389 παραὶ
277 1314 328 1370 τοῦ
349 1309 499 1386 δημοσίου,
528 1305 624 1378 αὐτοῖς
644 1308 673 1367 ci
694 1310 863 1386 λογισθήναι
885 1305 1000 1384 ήτὰ]55)
1023 1303 1069 1368 διά
1109 1313 1256 1380 putentur.
1304 1308 1458 1364 Diasostns
1490 1313 1604 1380 oportet
1640 1307 1803 1381 praemitti,
1836 1313 1866 1364 et
1901 1309 1932 1364 in
1963 1309 2013 1381 iis,

178 1399 225 1474 τῆς
243 1389 368 1494 πράξεως
389 1387 552 1470 δηλούμενα
592 1388 645 1496 χρή
673 1388 740 1462 τούς
760 1387 922 1462 διασάστας
943 1395 1067 1468 προπίμ-
1108 1407 1161 1464 per
1181 1407 1257 1464 quae
1277 1393 1425 1448 exercitus
1446 1397 1492 1449 eat
1513 1393 1703 1464 transiturus,
1724 1392 1799 1452 locis
1820 1393 1884 1468 (ras
1905 1407 2015 1450 oeces-

177 1500 246 1552 παν,
266 1479 312 1538 καλ
332 1474 498 1558 εὐτρεπίζειν
526 1481 554 1574 ἐμ
581 1471 623 1546 οἷς
643 1477 727 1554 psi-ip
748 1471 847 1547 τύποις
872 1475 1067 1548 καταντᾶν45)
1109 1476 1221 1549 sarias)
1242 1491 1415 1549 procurare,
1443 1493 1499 1534 uec
1519 1478 1702 1549 permittere,
1729 1483 1762 1532 ut
1782 1477 1839 1534 hoo
1860 1479 1975 1534 nomine
1994 1494 2014 1534 a

177 1559 206 1623 τύ
227 1557 401 1640 στράτευμα,
429 1562 477 1620 καλ
480 1556 544 1660 μή
566 1573 715 1640 συγχωρεῖν
741 1555 886 1664 προφάσει
910 1555 1066 1635 τούτοοίθ)
1111 1561 1280 1618 civitatibus
1303 1567 1333 1616 ct
1353 1562 1440 1635 pagis
1461 1562 1603 1633 pecuniae
1626 1561 1741 1618 exactio
1762 1563 1822 1618 iat.
1852 1565 1916 1620 lloc
1935 1563 2014 1618 enim

175 1644 422 1750 άρηυρολοηνῖσθαι
455 1639 508 1716 τάς
542 1641 637 1715 πόλεις
663 1647 709 1706 καλ
737 1639 790 1715 τάς
818 1640 924 1742 κώμας
966 1650 992 1706 εἰ
1015 1639 1069 1723 γάρ
1111 1645 1138 1701 si
1159 1646 1285 1717 tacient,
1310 1647 1369 1716 ipsi
1397 1647 1512 1717 quidem
1541 1645 1660 1718 duplum
1688 1646 1733 1718 id,
1761 1647 1837 1714 quod
1863 1653 2013 1720 oeperunt,

174 1737 254 1792 τοῦτο
263 1726 443 1832 πράξουσιν,
464 1728 546 1790 σύτο)
565 1729 615 1805 μὲν
634 1725 668 1790 τύ
690 1725 838 1790 διπλάσιον
864 1720 903 1788 οἷον
923 1723 1070 1808 εἰλήφασιν
1105 1732 1182 1788 iisco
1202 1730 1337 1800 reddent3
1364 1731 1553 1788 collatoribus
1581 1735 1695 1800 autem,
1723 1731 1773 1800 qui
1793 1745 1845 1801 per
1862 1737 2014 1804 gestorum

173 1817 216 1876 dri
241 1811 274 1876 τὸ
304 1809 438 1894 δημόσιον
467 1809 698 1916 καταθήσουσιν·
740 1825 799 1884 τοῖς
826 1813 908 1892 dim)
946 1815 1068 1915 συντελε-
1110 1815 1323 1872 conlectionem
1345 1831 1392 1887 ea,
1420 1831 1495 1886 quae
1524 1818 1612 1886 liunt,
1639 1814 1804 1884 declarent,
1830 1817 2014 1886 praetentata

173 1910 251 1970 σταῖς
275 1895 322 1960 δια
351 1895 480 1977 πράξεως
507 1894 714 2002 ιἰπομνημάτιμν
741 1903 919 1978 παριστῶσα
938 1894 976 1959 τά
997 1893 1068 1978 μινό-
1110 1899 1244 1956 demum
1271 1899 1370 1956 δοιιιιιι
1398 1901 1544 1957 restituet.
1586 1899 1619 1955 Si
1645 1914 1715 1954 vero
1735 1899 1941 1972 magistratus,
1963 1901 2013 1971 qui
2099 1936 2104 1945 -

171 2007 238 2064 μονα
268 1981 285 2063 ή
314 1978 473 2064 ἐπαρχύτης
499 1979 731 2062 ἀποκαταστήσει
757 1979 818 2082 τήν
834 1979 953 2084 βλάβην.
987 1987 1015 2043 σι’
1039 1979 1069 2041 di
1109 1983 1279 2056 provinciae
1306 1989 1439 2056 praeest,
1467 2001 1518 2056 ea,
1552 1999 1627 2055 quae
1658 1983 1695 2038 ad
1724 1985 1876 2040 transitum
1904 2001 2012 2042 neces-

170 2070 284 2138 4πίτιδες
293 2066 352 2166 (.v
373 2064 549 2168 ἐμίτηδις)’
534 2087 550 2127 ο
572 2073 623 2146 τῆς
643 2057 818 2168 ε’πμρχίας’
798 2089 892 2166 αρχωμ
918 2062 958 2146 μή
978 2064 1069 2144 εύτρε-
1110 2068 1190 2126 saria
1217 2073 1301 2142 sunt,
1328 2069 1461 2126 consulto
1482 2085 1539 2125 non
1567 2068 1748 2140 procurabit,
1775 2073 1807 2124 ut
1836 2070 1942 2126 exinde
1963 2069 2012 2126 ci-

169 2157 243 2214 πίσει
269 2147 306 2212 τά
318 2147 411 2252 πρύς
438 2145 491 2230 τήν
523 2154 629 2250 δίοδον,
663 2149 702 2223 cin
729 2149 809 2226 4κ55)
836 2147 939 2211 τούτου
966 2153 1070 2230 βλαβή-
1109 2153 1219 2208 vitates
1241 2157 1272 2208 et
1299 2153 1370 2226 pragi
1391 2169 1409 2209 a
1429 2154 1571 2210 militibus
1598 2151 1702 2208 damno
1730 2153 1916 2225 atdoiantur,
1943 2169 2011 2210 ιιιι-

147 2235 280 2340 ⁸affl)
293 2231 345 2310 τοίς
372 2231 475 2307 πόλεις
495 2238 541 2296 καλ
568 2231 620 2306 τάς
647 2232 765 2338 κυάμοις
769 2231 826 2296 ὑπὸ
855 2257 911 2296 των
917 2256 1069 2337 στρατιω-
1109 2239 1253 2312 gistratus
1288 2238 1404 2309 quidem
1437 2239 1611 2312 magistratu
1639 2237 1764 2310 excidit,
1800 2242 1831 2294 et
1859 2253 1917 2294 una
1945 2255 2012 2296 cum

134 2311 280 2395 ”τι4ν,’
264 2343 281 2382 ο
308 2313 405 2400 pir
385 2343 481 2400 αρχονν
505 2322 645 2381 διπίιττωτ
670 2326 720 2398 τῆς
747 2318 836 2400 άρχής
856 2315 928 2398 μετὰ
948 2326 998 2397 τής
1020 2313 1068 2380 τά·
1110 2323 1229 2378 cohorte
1256 2323 1288 2377 iu
1315 2323 1435 2380 exilium
1464 2323 1606 2391 mittitur,
1635 2321 1674 2376 iis
1695 2325 1808 2394 nutem,
1837 2325 1885 2393 qui
1907 2323 2011 2382 damno

167 2405 233 2480 ξενος
263 2403 464 2505 τξωρίζεται(
466 2423 492 2464 ν.
520 2403 700 2482 ἐξορίζεται),
736 2417 795 2476 τοῖς
831 2404 859 2463 di
893 2402 1068 2505 ἀδικηθεῖσα
1109 2409 1207 2462 allecti
1240 2411 1326 2480 sunt,
1366 2407 1526 2464 secundum
1554 2405 1720 2478 praedictos
1746 2406 1846 2463 modos
1877 2407 2010 2464 damnum

165 2485 241 2552 κατά
261 2485 328 2562 τούς
346 2492 562 2592 προειρημένους
588 2483 713 2567 τρόπους
733 2484 767 2550 τὸ
789 2483 919 2567 άζήμιιον
940 2487 981 2560 (ν.
1002 2483 1066 2590 άζή-
1108 2492 1294 2548 resarcietur.
1352 2493 1445 2561 Nota,
1486 2487 1595 2566 (hanc)
1630 2491 1864 2548 constitutionem
1909 2493 2011 2563 prohi-

167 2575 239 2656 μιον)
262 2569 477 2672 παραιτήσεται
520 2571 745 2652 σημείωσαι55),
776 2567 820 2634 ὅτι
846 2568 985 2633 κωλύει’
969 2597 987 2651 η
1008 2567 1066 2632 διά·
1106 2577 1192 2646 bere,
1219 2576 1371 2647 quominus
1396 2576 1533 2632 milites
1525 2591 1555 2630 ιιι
1578 2575 1756 2630 dominorum
1785 2575 2013 2632 habitationibus

168 2660 244 2733 ταξις
275 2655 342 2728 τοὺς
374 2652 579 2739 στρατιώτας)
607 2657 652 2736 55)
690 2662 730 2729 είς
761 2653 814 2728 τάς
850 2655 1002 2728 αύδεντίας
1018 2653 1065 2733 55)
1107 2665 1331 2731 commorentur,
1374 2665 1403 2716 et
1432 2677 1484 2732 ea,
1526 2675 1600 2731 quae
1629 2661 1659 2714 in
1688 2659 1744 2715 bno
1769 2659 2012 2734 (constitutione)

106 2751 248 2848 pinpo
268 2740 387 2822 οἰκήσεις
407 2743 448 2819 (v.
468 2747 557 2820 piano
577 2737 725 2822 οἰκήσεις),
746 2736 832 2844 καλ’
814 2762 859 2802 οτι
880 2739 916 2802 τύ
938 2743 1065 2820 ιίρημέεα
1107 2745 1186 2801 dicta
1206 2751 1289 2818 sunt,
1320 2746 1350 2800 in
1372 2745 1552 2800 exercitibus
1573 2743 1729 2816 (aliarum)
1751 2747 1881 2818 gentium
1903 2747 2012 2802 valere.

174 2827 241 2906 αὐτῇ
267 2831 312 2888 ἐπὶ
345 2831 465 2887 ἐθνικῶν
490 2839 592 2906 κρατεῖ
615 2821 841 2906 στρατευμάτων
889 2821 987 2906 'Epis
1010 2850 1064 2886 κα·
1106 2831 1290 2901 scriptitent
1310 2831 1447 2887 emendis
1470 2831 1590 2888 Martiis
1610 2831 1728 2899 imperii
1745 2830 1909 2888 iustiniani
1929 2845 2011 2888 οιιιιο

175 2916 262 2975 λανδ.
281 2915 397 2986 Μαρτ.
418 2913 609 3015 βασιλείας
628 2909 961 2990 ίοοστινιανοῦ(ν.
935 2908 1065 2971 v'loo·
1108 2915 1158 2972 18.
1178 2917 1453 2987 postconsulatum
1473 2914 1734 2972 annotarunt.

179 2997 371 3072 στινιιτνου)
392 2991 431 3056 τύ
461 2991 516 3076 ιη’.
541 2992 634 3076 μστύι
662 2991 726 3074 τήν
754 2992 934 3058 ύπατιίαν
955 2996 1065 3056 Βασι-

182 3084 265 3144 λιίοο
285 3075 323 3144 τύ
345 3075 383 3160 μ’.
394 3077 440 3158 55)

265 3294 312 3358 μ.
324 3255 515 3390 περὶτοῦ
529 3255 582 3362 μή
597 3279 819 3364 παραμευειν
836 3257 932 3337 τισίν
955 3287 1066 3364 crpo—
1207 3259 1332 3340 Const.
1358 3261 1393 3337 3.
1444 3261 1610 3351 Debeo,
1646 3271 1685 3336 ut
1716 3286 1762 3338 ue
1793 3263 1918 3338 milites
1950 3275 2009 3339 aut

175 3364 293 3457 ταύτας
315 3395 341 3466 η
324 3358 665 3466 ’φοιδεράτους55).
1107 3361 1277 3438 foederati
1301 3364 1394 3466 apud
1418 3389 1606 3462 quosquam
1631 3379 1839 3441 remaneant.

248 3547 398 3624 Ὁαύτύς
422 3545 555 3632 βασιλεύς
586 3551 813 3652 Θεωβωσίφίν.
846 3548 1004 3627 ennaea)
1017 3550 1063 3629 ³⁸)
1188 3555 1269 3611 idem
1295 3555 1451 3626 imperator
1476 3555 1642 3616 Theodosio
1675 3561 1825 3632 praelecto
1854 3555 2153 3628 μετανίσταται.

176 3635 279 3721 ἐπάρχῳ
309 3639 496 3720 πραιτωρίων.
558 3632 664 3697 Macci
691 3633 755 3714 τήν
781 3659 844 3698 του
878 3631 1065 3698 δεσπότου
1104 3638 1177 3696 Poat
1197 3641 1377 3697 domininici
1399 3640 1637 3700 benevolentiam.

175 3729 259 3787 θεοῦ
278 3721 446 3804 σύμίνιαν
467 3719 507 3800 (V.
529 3717 781 3802 εύμιίνιιαν59).

238 3855 313 3929 Είτις
324 3851 398 3936 μετά
409 3851 461 3936 τήν
475 3857 611 3962 ἐμφανίαν
624 3855 665 3932 (v.
672 3850 886 3935 ἐμφάνειαν)
850 3875 901 3934 της
912 3849 1063 3928 διατάξεως
1187 3858 1221 3918 Si
1239 3858 1305 3930 quis
1324 3864 1391 3931 post
1411 3858 1534 3934 (buius)
1552 3861 1768 3918 constitutionis
1780 3861 2006 3934 publicationem

173 3937 400 4046 άποσμολήσει
367 3937 570 4021 στρατιάτηνη
559 3936 750 4019 ’φοιδέρατον
759 3941 861 4017 55)ες
836 3942 949 4002 ἰδίαν
959 3943 1062 4022 χρείαν
1103 3941 1223 4001 militem
1252 3948 1303 4000 out
1323 3943 1537 4000 foederatum'
1530 3959 1561 4002 ιιι
1582 3962 1666 4002 suam
1691 3947 1846 4004 utilitatem
1873 3961 2005 4018 occupa-

173 4031 310 4108 δημευεται
323 4029 371 4088 καλ
383 4015 503 4106 pass)
485 4047 538 4106 εχει
551 4029 701 4105 στρατείας
710 4027 756 4102 ⁶²)
777 4027 825 4086 καλ
845 4022 927 4096 άξίας
947 4028 1062 4126 pepeci-
1103 4032 1165 4086 tum
1192 4027 1349 4101 detinebit,
1383 4029 1521 4086 bonorum
1556 4032 1789 4088 confiscationem
1825 4031 1950 4103 patitur,
1977 4035 2007 4086 et

170 4134 221 4174 ται
260 4111 334 4174 otti
361 4117 535 4212 στρατιῶται
560 4113 607 4170 καλ
636 4115 664 4170 oi
689 4105 917 4212 (μοιδιράτοι55)
930 4105 969 4190 μή
996 4106 1062 4169 άνα-
1104 4129 1155 4188 ea,
1182 4129 1267 4185 quam
1288 4113 1391 4186 habet,
1412 4114 1572 4171 militiano
1592 4115 1738 4189 dignitate
1758 4115 1899 4188 privatur.
1940 4114 2007 4170 itii-

170 4201 315 4276 χωροῦντες
333 4201 385 4276 τῆς
400 4190 531 4274 τοιαύτης
555 4200 724 4297 παραμονῆς
738 4190 1015 4276 ἀντιστρατεύωνται
1016 4196 1063 4255 καλ
1103 4199 1171 4254 lites
1192 4203 1289 4254 autem
1310 4214 1347 4254 ac
1367 4154 1525 4271 ι’ύοιλοτιιιί,
1557 4200 1608 4270 qui
1628 4216 1647 4254 a
1667 4201 1720 4256 tali
1745 4201 1928 4258 remansione
1949 4213 2008 4256 non

169 4277 287 4362 ἐσχάτως
309 4285 518 4383 τιμωροῦνται,
544 4283 601 4339 τῶν
621 4273 776 4360 ἀρχόντων,
803 4283 830 4340 el
853 4277 997 4357 radra⁶⁴)
1023 4273 1063 4358 μή
1103 4283 1262 4354 recedunt,
1290 4281 1440 4340 amilitia
1466 4289 1651 4340 removentur
1678 4289 1708 4341 et
1733 4286 1833 4342 ultimo
1861 4283 2007 4356 supplicio

168 4359 427 4445 παραφυλάξουσιν,
471 4359 502 4425 ι’.
529 4365 646 4444 χρυσίου
678 4365 719 4424 λλ
746 4365 981 4464 προστιμωμάνων
1016 4365 1063 4424 καλ
1103 4367 1287 4438 alliciuntur,
1313 4367 1553 4440 magistratibus,
1580 4369 1607 4424 si
1629 4369 1703 4426 baec
1723 4385 1780 4426 non
1800 4369 2007 4468 observabunt,

167 4448 258 4551 ιξορίη
287 4451 522 4531 παραδηδομίνων
545 4450 585 4526 (υ
599 4451 857 4528 παραδιδομένων),
877 4443 972 4527 πάσης
998 4445 1062 4549 άρ-
1103 4452 1205 4507 decem
1231 4453 1296 4507 auri
1324 4452 1461 4508 librarum
1491 4467 1612 4524 poenam
1641 4454 1794 4528 dantibus,
1822 4459 1852 4510 et
1878 4455 1908 4511 in
1937 4451 2006 4509 eai-

166 4527 324 4634 ρούσηςθὸ)
363 4536 448 4606 θείας
480 4528 630 4604 κελεύσεις
660 4535 707 4593 καλ
742 4537 937 4638 πραγματικοῦ
972 4527 1062 4594 τύαοσ
1103 4536 1174 4592 lium
1196 4535 1354 4592 mittendis.
1378 4537 1483 4608 Neque
1503 4537 1564 4593 ulla
1583 4539 1681 4596 valeto
1702 4545 1803 4596 contra
1823 4541 2005 4612 praesentem

166 4613 323 4681 σπεναντίον
343 4623 394 4700 τῆς
414 4614 562 4700 παρούσης
581 4613 740 4691 διατάξεως.
770 4611 923 4699 ἘμβΓ
880 4633 921 4684 ιδ.
941 4593 1061 4700 Ἀπρί.
1102 4621 1340 4678 constitutionem
1378 4637 1466 4680 sacra
1497 4622 1592 4680 iussio
1626 4627 1657 4681 et
1689 4627 1871 4700 pragmatica
1904 4623 2006 4680 torma.

265 4937 307 4998 tt)
321 4940 422 5002 Incipit
438 4939 486 4988 tol.
502 4937 608 4988 4822.
686 4937 732 4998 44)
749 4935 841 4989 codex
858 4937 1059 5006 σανιρσυτσααν.
1141 4935 1226 4996 iii?
1227 4951 1259 4990 ro
1274 4951 1343 4990 voce
1358 4935 1406 4996 τάς
1423 4940 1513 4992 codex
1530 4941 1609 4992 babet
1624 4939 1667 4993 τά.
1745 4941 1791 5000 ra)
1808 4943 1869 4991 von
1884 4936 2007 5010 παρίδοι

160 5003 193 5084 im
211 5001 305 5056 Codice
320 5007 405 5056 deest.
439 5008 529 5056 Voces
546 5001 581 5055 τοί
598 5001 642 5055 διὰ
658 5007 706 5071 τῆς
721 5004 839 5075 παρόδου
857 5009 898 5054 444.
915 5007 939 5055 4.
958 5011 1042 5068 parat.
1060 5005 1087 5068 5
1102 5005 1144 5054 24.
1162 5007 1265 5058 desunt.
1301 5009 1367 5057 Noe.
1390 5008 1706 5092 intemperantiis
1722 5004 1859 5058 ύποτιλίοι
1880 5009 2004 5073 παρέχειν

159 5065 180 5134 νή
198 5071 245 5120 κατ’
260 5071 404 5136 λομιῒεοθοιι
425 5069 474 5138 τήν
496 5069 557 5142 παρ’
584 5071 670 5124 αὐτῶν
693 5076 830 5136 γενομίνην
855 5072 989 5137 δαπάνην,
1013 5089 1189 5156 παρακρατειν
1212 5075 1239 5124 δι’
1264 5073 1349 5158 σιύτήν
1373 5073 1422 5143 τήν
1437 5078 1571 5138 ποσότητα
1593 5075 1640 5141 τήν
1657 5075 1702 5124 διά
1718 5077 1765 5142 τῆς
1779 5075 1893 5146 πράξεως
1910 5074 2005 5140 δηλου-

158 5138 243 5218 τοίην
258 5137 284 5190 ίτ
297 5143 347 5192 raia
364 5138 627 5202 δελιματεινομίνων’
611 5139 666 5190 απὸ
682 5142 730 5190 τοῦ
748 5138 873 5204 δημοσίου
888 5143 943 5197 τοῖς
960 5138 1104 5209 ίξάρχοιςκ
1091 5159 1135 5190 και
1149 5143 1204 5198 τοῖς
1221 5141 1390 5211 στρατιώταις
1400 5147 1455 5202 τοῖς
1466 5143 1515 5210 τήν
1528 5143 1646 5208 δαπάνην
1656 5145 1848 5208 ποιησαμένοις.
1886 5142 1932 5202 47)
1942 5143 2005 5192 Vox

158 5201 194 5254 τὰ
212 5209 240 5256 tn
259 5207 354 5258 codiee
372 5209 455 5271 deest,
472 5221 565 5258 verum
582 5221 632 5257 nec
648 5211 782 5257 sententia
806 5209 863 5256 loci
878 5211 945 5257 satta
968 5209 1090 5270 procedit
1113 5209 1211 5273 absque
1235 5213 1361 5278 antestio,
1387 5219 1415 5261 et
1437 5225 1489 5261 vox
1514 5209 1549 5259 τὰ
1571 5215 1611 5258 ιιι.
1634 5211 1660 5259 4.
1677 5215 1761 5272 parat.
1780 5211 1805 5271 5.
1821 5211 1864 5260 aa.
1880 5211 2003 5260 hebetum.

157 5271 205 5331 48)
222 5277 270 5325 Sic
285 5277 350 5326 liov.
368 5276 428 5326 144).
446 5289 505 5340 cap
523 5278 548 5324 tl.
583 5275 673 5326 Codex
679 5291 827 5358 καταντην.
911 5275 957 5332 4⁰)
976 5275 1065 5327 codex
1080 5293 1178 5326 τουτου
1193 5279 1280 5328 babet.
1363 5281 1410 5339 ao)
1432 5279 1485 5329 Pro
1503 5279 1591 5326 verbis
1607 5281 1663 5334 τοῖς
1679 5277 1707 5327 di
1723 5277 1814 5328 Codex
1831 5279 1911 5328 babet
1927 5295 1943 5327 τ
1964 5277 2000 5331 44.

158 5339 204 5422 ii)
220 5341 346 5393 verba‘
329 5363 361 5400 ως
377 5343 405 5393 δι
422 5357 504 5407 usque
524 5343 558 5394 ad
574 5355 655 5392 voces
673 5339 725 5392 dud
742 5360 778 5390 τω
760 5343 973 5411 ῶιονρατιιιτδν
990 5347 1031 5392 tlt.
1047 5344 1072 5392 4.
1090 5349 1174 5406 parat.
1192 5347 1217 5406 5.
1234 5347 1277 5396 w.
1296 5351 1432 5411 omittant,
1448 5349 1494 5394 urbi
1511 5347 1577 5396 baec
1595 5350 1695 5394 tantom
1712 5347 1851 5409 leguntur:
1885 5341 1921 5394 τά
1936 5339 2004 5414 πρὸς
2097 5384 2106 5401 .

157 5408 206 5472 την
222 5409 311 5461 δίοδον
324 5413 376 5461 τῶν
393 5409 602 5480 στρατευμάτοιν.
669 5411 715 5470 42)
733 5411 786 5460 Pro
803 5421 869 5459 voce
886 5411 1012 5475 βλαβῆναι
1031 5409 1120 5462 codex
1137 5413 1217 5463 babet
1238 5415 1324 5479 λαβεῖν
1345 5433 1383 5465 αι.
1454 5415 1501 5470 dii)
1520 5411 1610 5462 Codex
1628 5413 1771 5482 444444ῑῇ
1841 5413 1889 5473 ci)
1905 5415 2002 5475 incipit

158 5473 204 5524 tol.
223 5479 282 5530 ιω.
299 5480 336 5530 Δ.
400 5479 518 5538 cetero
536 5489 603 5528 voce
619 5475 763 5534 αύθιντισς
779 5479 844 5527 Nor.
862 5478 921 5528 130.
947 5491 1004 5542 cap.
1027 5481 1052 5528 c.
1070 5479 1149 5529 babet
1166 5478 1311 5531 αδθεηιι’
1280 5501 1334 5542 ηας
1355 5480 1423 5544 qnod
1441 5485 1544 5542 tamen,
1568 5487 1596 5529 ut
1612 5481 1663 5530 boc
1680 5442 1752 5531 locon
1752 5445 1917 5544 intrudatur,
1934 5493 2001 5543 opus

157 5551 209 5596 ron
228 5553 280 5598 eat.
355 5548 427 5628 44)
443 5547 619 5627 scribendum
633 5542 721 5596 τὸδ’.
754 5547 823 5595 vide
840 5547 949 5598 itionem
965 5549 1102 5597 iistortam
1126 5549 1296 5600 Noveltarum
1319 5565 1344 5614 p.
1361 5547 1420 5596 424.
1454 5549 1483 5597 at
1500 5561 1580 5597 voees
1597 5543 1677 5608 riy'.
1695 5553 1820 5609 retineas,
1843 5560 1949 5611 vereor,
1967 5561 2003 5600 ne

155 5613 327 5668 4444444441)
342 5616 379 5664 nii
395 5613 428 5664 τὸ
445 5609 490 5670 ιζ’.
508 5609 575 5675 μετὰ
591 5609 640 5680 τήν
655 5608 784 5664 ύποιτιίαν
800 5618 828 5664 et
845 5620 912 5665 caat.
979 5615 1028 5672 47)
1045 5615 1134 5664 Codex
1152 5615 1231 5666 babet
1247 5617 1420 5680 φοιδιροιτους.
1454 5615 1498 5664 Ad
1513 5618 1658 5676 marginem
1676 5615 1734 5700 ρἰς.
1778 5619 1847 5698 ⁹⁶⁸)
1863 5617 1917 5668 Pro
1932 5629 2002 5667 voce

157 5673 295 5732 Θεοδοσίαν
311 5687 455 5732 contextus
471 5682 600 5732 Novellae
617 5681 675 5731 tte.
692 5683 772 5731 babet
790 5682 932 5732 Theodoto.
983 5685 1030 5742 ao)
1046 5684 1099 5734 Pro
1115 5685 1217 5732 verbis
1223 5687 1291 5735 οεου
1309 5680 1428 5766 adpictus
1444 5683 1535 5734 Codex
1552 5683 1680 5732 nabet?
1646 5703 1681 5742 a„
1698 5673 1801 5746 ripn..
1878 5686 1926 5743 44))
1947 5685 2003 5734 Co-

155 5741 208 5796 dex
225 5733 388 5832 φοιύορατοτ.
472 5751 519 5808 dt)
536 5749 590 5798 Pro
607 5761 674 5801 voce
691 5739 722 5817 ἧς
738 5750 829 5800 codex
845 5751 966 5799 habei'
941 5769 984 5808 τις.
1069 5751 1116 5807 62]
1133 5749 1222 5800 Codex
1240 5753 1383 5836 οτρατσιας.
1468 5751 1514 5809 44)
1532 5751 1622 5802 Codex
1639 5751 1802 5824 φοιτίιράτου.
1881 5752 1927 5812 ci]
1945 5753 2001 5802 Pro

153 5819 224 5869 'Oce
241 5819 327 5871 τοῦτον
343 5815 754 5880 constristamur)
770 5818 824 5871 ero
840 5829 908 5870 voce
924 5815 1054 5890 ἀρνουοης
1069 5817 1162 5869 codex
1177 5816 1289 5871 babet'
1273 5815 1420 5896 αρκνύπης
