4784 7068
406 545 482 617 mo
1159 528 1608 617 anuauasrr

403 733 452 802 δάν
469 737 556 840 γυρλς
582 740 648 818 μιᾶς
656 735 701 812 1¹)
731 736 787 796 τῶν
812 733 959 812 εἰρημένων
979 731 1076 792 αίτιάν
1097 723 1113 790 ό
1136 721 1207 806 ἀνὴρ
1228 724 1306 800 ξυλο·
1348 725 1406 786 etis
1440 721 1556 782 caussis
1581 719 1733 780 mulierem
1759 735 1845 780 snam
1871 719 1919 779 vir
1944 720 2077 781 fastibus
2103 718 2243 798 ceciderit,

403 845 521 904 κοπησει
548 815 598 900 τὴν
622 823 725 883 ἑαυτοῦ
751 829 868 898 γυναῖκα
895 808 1012 894 ἢτὺιγγγ
1040 808 1057 892 ι’)
1078 807 1257 892 μαστιγώσῃ,
1289 809 1305 874 ό
1348 815 1400 868 out
1420 808 1583 882 pulsaverit
1603 815 1655 863 aut
1676 806 1886 880 flagellaverit,
1916 807 2037 880 nuptiae
2059 803 2174 878 quidem
2194 823 2242 866 non

404 909 453 989 μὲν
479 901 568 985 γάμος
595 903 629 966 οὑ
659 899 816 976 διαλύεται,
852 895 936 960 δάσα
965 897 995 957 δὲ
1022 895 1094 976 αὑτῇ
1126 899 1172 956 να)
1193 902 1221 956 ἐν
1242 919 1305 958 συν-
1347 894 1564 966 dissoluuntur,
1592 891 1673 947 dabit
1701 895 1797 947 autern
1819 891 1894 964 ipsi,
1921 895 1952 947 et
1972 897 2125 948 constante
2145 891 2245 950 matri-

405 997 507 1054 scaoicr
533 994 574 1065 τῷ
605 985 687 1068 γάμῳ
714 991 744 1048 ἐκ
764 992 815 1064 τῆς
835 986 907 1054 ι’δίας
934 982 974 1059 (ν.
996 980 1082 1058 ίδίας)
1110 977 1305 1054 ὑποστάσεως,
1347 979 1453 1050 monio,
1476 993 1513 1033 ex
1528 993 1583 1033 sua
1597 975 1772 1048 substantia,
1789 980 1930 1046 quantum
1947 977 2035 1034 tertia
2052 979 2121 1032 ante
2135 975 2244 1048 nuptias

404 1073 475 1138 ὅσον
500 1069 534 1133 τό
562 1076 656 1152 τρίτον
683 1083 758 1132 ποιεῖ
782 1076 833 1148 της
858 1064 915 1148 πρό
937 1062 1027 1146 γάμου
1049 1069 1163 1146 δωρεάς.
1201 1062 1306 1126 όὺπυ.
1349 1063 1516 1120 donationis
1537 1076 1605 1134 pars
1625 1061 1708 1116 facit.
1743 1061 1800 1128 Qui
1821 1075 1942 1117 uxorem
1964 1077 2047 1118 suam
2068 1077 2134 1116 curn
2155 1061 2246 1131 aliquo

405 1165 477 1224 ναῶν
505 1153 555 1237 την
582 1160 654 1218 ἰδίαν
681 1155 722 1232 (v.
744 1154 827 1230 ἰδίαν)
855 1147 978 1232 γαμετὴν
1004 1155 1043 1221 είς
1070 1145 1147 1222 τινά,
1175 1153 1308 1227 πεμπέτω
1352 1147 1430 1221 (rem
1463 1143 1587 1218 habere)
1616 1145 1798 1219 suspicatur,
1830 1145 1875 1200 illi
1904 1150 1965 1200 tres
1992 1145 2119 1216 scriptas
2146 1145 2244 1204 mittito

404 1243 483 1320 αὑτῷ
509 1253 584 1322 τρεῖς
604 1236 759 1322 ἐγγράφους
785 1235 1041 1316 διαμαρτυρίαςη)
1069 1229 1239 1315 spadonum)
1261 1231 1308 1294 άν-
1351 1231 1596 1302 contestationes,
1618 1246 1693 1302 quae
1713 1230 1843 1286 virorum
1864 1229 1921 1286 lide
1942 1229 2098 1304 dignorum
2118 1229 2246 1286 testimo-

405 1333 480 1410 δρῶν
508 1325 685 1399 ἀξιωιιίστων
722 1327 732 1396 (
740 1340 767 1382 v.
798 1319 987 1397 ἀξιοπίστων)
1015 1323 1173 1399 μαρτυρίας
1187 1318 1231 1396 ¹⁴)
1254 1313 1303 1395 ἐφ’
1347 1318 1397 1376 nie
1418 1318 1543 1388 habent,
1571 1314 1608 1370 de
1628 1315 1708 1386 hoc„
1733 1313 1810 1385 quod
1830 1315 1895 1384 ipse
1918 1331 1983 1370 cum
2012 1330 2048 1370 ea
2075 1315 2246 1389 convenerit,

404 1405 485 1492 off)
506 1423 647 1490 συντυχεῖν
666 1405 670 1490 Ι
691 1407 737 1484 ¹⁰)
754 1405 825 1486 αὑτῇ
837 1405 891 1480 ¹⁷),
912 1408 959 1465 καλ
973 1401 1020 1465 ἐάν
1038 1400 1111 1482 μετά
1124 1408 1215 1463 ταῦτα
1230 1397 1307 1482 εὑροι
1348 1407 1386 1474 et,
1416 1402 1445 1458 si
1472 1407 1539 1472 post
1565 1399 1640 1456 haec
1673 1399 1770 1470 ipsum
1797 1414 1864 1454 cum
1892 1415 1928 1454 ea
1954 1403 2005 1454 aut
2031 1401 2063 1455 in
2089 1399 2172 1455 domo
2198 1416 2246 1455 sua

404 1493 546 1573 αὑτόνῐθ)
567 1493 633 1573 μετ’
662 1490 749 1571 αὐτῆς
778 1495 816 1562 είς
846 1485 896 1550 τόν
922 1488 991 1550 ιδιον
1019 1489 1059 1566 (v.
1082 1485 1163 1564 άλισν)
1192 1481 1307 1565 aizal
1347 1485 1495 1544 invenerit
1525 1487 1577 1540 aut
1604 1484 1636 1540 iu
1656 1483 1758 1540 uxoris
1779 1487 1831 1538 aut
1851 1483 1883 1538 in
1904 1483 2030 1539 adulteri
2052 1488 2103 1540 aut
2125 1481 2161 1540 in
2182 1499 2246 1555 pro-

403 1578 455 1644 τόν
480 1578 568 1660 αὑτῆς
597 1575 615 1658 ἢ
641 1574 692 1638 τόν
717 1580 768 1636 τοῦ
796 1579 895 1654 μοιχοῦ
915 1570 932 1652 ἢ
954 1578 983 1634 ἐν
1002 1569 1207 1652 προπίναιςῑθ)
1238 1566 1306 1649 ν’)ἐυ
1347 1572 1427 1644 pinis
1454 1573 1506 1625 aut
1534 1569 1566 1625 ia
1593 1568 1783 1641 suburbanis,
1813 1569 1932 1639 impune
1962 1583 2018 1623 sna
2044 1567 2139 1640 ipsius
2165 1583 2247 1626 mann

403 1668 569 1746 προαστίοις
591 1665 631 1742 (ν.
652 1658 860 1742 προαστείοις),
889 1654 1038 1730 ἀκινδύνως
1065 1659 1121 1732 lota
1139 1658 1209 1756 γειρλ
1229 1653 1307 1717 άναι-
1349 1671 1415 1712 eum
1445 1654 1580 1712 occidito.
1629 1653 1682 1710 Sin
1710 1656 1808 1709 autem
1836 1652 1868 1709 in
1894 1652 1953 1708 alio
1979 1653 2044 1710 loco
2072 1651 2166 1722 ipsam
2187 1667 2246 1709 cum

404 1754 486 1834 ρείτω
513 1742 608 1808 αὐτόν.
643 1750 669 1808 εί
693 1745 723 1806 δὲ
752 1743 860 1822 ἀλαγοὺ
889 1744 931 1820 (v.
953 1740 1091 1822 ἀλλαχοῦ)
1120 1763 1196 1820 ευροι
1216 1735 1306 1818 αὑτὴν
1347 1757 1382 1798 eo
1406 1739 1562 1812 invenerit,
1583 1737 1788 1810 praesentibus
1809 1738 1903 1794 tribus
1923 1737 2050 1792 testibus
2069 1735 2127 1792 ilde
2145 1737 2248 1812 dignis,

406 1831 458 1896 σόν
486 1831 632 1908 nieuw),
666 1833 711 1891 δπλ
738 1835 824 1907 τριῶν
850 1825 1027 1899 ἀξιοπίστων
1058 1825 1100 1900 (v.
1121 1821 1305 1901 ἀξωπίστων)
1347 1824 1454 1882 tradito
1475 1824 1534 1896 ipsi
1555 1822 1757 1896 magistratui,
1796 1825 1826 1878 et
1846 1822 1927 1878 nulla
1954 1822 2011 1876 alia
2033 1822 2166 1892 quaestio
2187 1836 2249 1878 ιιιο-

405 1913 610 1999 μαρτὺρωνῗί)
633 1909 816 1994 παραδιδότω
837 1909 916 1986 αὐτῷ
938 1915 978 1986 τῷ
997 1903 1176 1990 deponam),
1197 1911 1243 1970 aui
1255 1931 1306 1988 μη-
1347 1910 1476 1982 vebitur,
1497 1907 1556 1970 nisi
1577 1905 1727 1980 haec(.)‚
1753 1923 1791 1962 an
1813 1910 1873 1962 tres
1895 1907 2124 1962 contestationes
2145 1905 2248 1962 missae

405 2000 484 2075 δενός
501 2005 596 2082 ἑτέρου
612 2000 784 2079 ζητουμένου,
805 1990 905 2074 μήτιγε
924 1995 964 2074 (v.
976 1991 1104 2074 μήτοιγε)
1114 1994 1160 2072 ²³)
1183 1998 1209 2054 εί
1227 1995 1306 2071 ἐπίμ-
1348 1995 1416 2066 sint,
1438 1997 1469 2048 et
1489 1993 1534 2050 sic
1554 2007 1621 2048 eum
1645 1991 1724 2047 uelut
1744 1991 1907 2047 adulterum
1929 1991 2121 2066 magistratus
2141 1991 2249 2064 punito,

404 2096 525 2168 φθησαν
551 2090 583 2146 αἱ
602 2097 676 2165 τρεῖς
697 2082 909 2160 διαμαρτυρίαι,
937 2077 977 2149 τός
1001 2074 1098 2159 μοιχόν
1124 2079 1307 2157 τιμωρείσθω
1347 2079 1431 2150 viro,
1457 2077 1485 2134 si
1506 2077 1728 2146 velit,·uxorcm
1750 2075 1910 2132 accusandi
1930 2076 2047 2131 veniam
2068 2075 2249 2131 habente...

404 2167 492 2234 αὑτόν
520 2168 536 2231 ὑ
568 2159 677 2248 άργων,
706 2159 856 2240 traam)
885 2159 994 2243 άγσντος
1021 2167 1073 2222 τοῦ
1100 2157 1202 2242 άνδρός
1222 2183 1305 2239 κατη·
1348 2163 1383 2222 Si
1402 2162 1434 2218 iu
1456 2177 1542 2218 sacra
1562 2160 1635 2216 aede
1656 2159 1819 2216 adulterum
1840 2176 1906 2216 cum
1926 2175 2019 2216 uxore
2040 2159 2248 2230 colloquentem

404 2269 503 2339 γορεῖν,
533 2258 559 2315 εί
577 2250 720 2334 βοὺλεται,
749 2253 799 2328 της
826 2242 1078 2328 γυναικός....”).
1121 2242 1168 2307 δάν
1198 2245 1305 2324 [ta]²⁶)
1347 2251 1415 2320 post
1428 2252 1488 2302 tres
1503 2244 1975 2317 contestationesdeprehenderit,
1998 2248 2140 2315 utrosque
2154 2241 2249 2319 (eius)

404 2340 475 2421 άγίφ
506 2336 573 2414 οἴκῳ
602 2331 774 2416 συλλάβηται
804 2329 853 2394 τόν
880 2327 978 2412 μοιχόν
1004 2327 1076 2411 μετά
1102 2336 1153 2409 τῆς
1179 2327 1307 2411 γυναικός
1348 2331 1407 2388 loci
1427 2331 1545 2388 clericis
1567 2329 1774 2386 custodiendos
1795 2329 1902 2385 tradito
1924 2344 2018 2400 usque
2039 2328 2077 2384 ad
2097 2329 2154 2385 hoc
2175 2334 2247 2385 tem-

404 2419 598 2504 διαλεγόμενον
618 2416 690 2500 μετά
710 2415 762 2490 τάς
782 2429 856 2498 τρεῖς
878 2419 1095 2497 διαμαρτυρίας,
1124 2410 1307 2494 παραδιδότω
1348 2433 1421 2492 pus,
1448 2428 1505 2488 quo
1527 2414 1717 2490 magistratus
1738 2414 1844 2487 mittat,
1866 2429 1975 2485 eosque
1996 2413 2122 2484 recipiat
2143 2417 2174 2468 et
2194 2429 2250 2484 pn-

404 2509 588 2590 άμφωτίρυυς
623 2507 662 2586 (v.
689 2499 879 2583 ἀμφοτέρους)
910 2502 1099 2578 φυλακταίυυς
1132 2511 1190 2570 τοῖς
1216 2501 1308 2580 κληρι-
1349 2501 1421 2558 aiat.
1462 2502 1511 2557 Ac
1538 2504 1621 2572 nota,
1654 2498 1818 2554 adulterum
1850 2502 1902 2553 aut
1928 2496 2080 2554 mulierum
2108 2503 2249 2570 raptorem

404 2607 464 2664 κοῖς
483 2595 534 2653 τοῦ
555 2587 659 2664 τόπου,
686 2583 835 2668 μίγριςλῖ)
857 2579 927 2646 ὅταν
954 2583 970 2644 ὁ
999 2577 1093 2665 άργων
1117 2587 1233 2664 πέμψας
1254 2607 1308 2644 πα·
1349 2601 1408 2642 non
1429 2584 1538 2640 habere
1558 2583 1724 2657 remgium,
1754 2587 1784 2638 et
1805 2581 1914 2656 (hane)
1937 2583 2174 2639 constitutionem
2196 2597 2250 2656 ge-

406 2671 523 2760 ραλάβει
551 2674 592 2754 (v.
613 2669 778 2753 παραλάβη)
806 2665 923 2741 αὑτοὺς,
951 2673 998 2730 καί
1024 2665 1219 2747 τιμωρήσεται
1261 2670 1309 2729 καὶ
1350 2669 1488 2726 ncraliter
1508 2669 1639 2742 sancire,
1660 2671 1709 2741 ut,
1731 2666 1825 2738 siquis
1846 2681 1966 2724 uxorem
1987 2683 2070 2723 suam
2092 2673 2144 2723 aut
2165 2667 2251 2724 liliam

407 2759 633 2842 apparacum),
654 2753 699 2820 ότι
718 2751 870 2836 mazicei)
894 2750 912 2832 ν’)
933 2759 1066 2834 γυναικῶν
1087 2747 1235 2832 άρπαξ30)
1258 2751 1309 2814 οὑκ
1349 2757 1401 2811 aut
1416 2757 1550 2826 nepotem
1565 2755 1617 2809 aut
1636 2767 1772 2823 sponsam
1785 2751 1926 2824 repererit
1942 2757 2010 2824 post
2024 2756 2086 2807 tres
2099 2755 2251 2808 contesta-

408 2845 462 2928 ἔχει
488 2839 677 2926 προσφάγιον,
710 2844 757 2902 καλ
784 2835 829 2901 ότι
855 2843 965 2918 γενοιῶς
991 2833 1134 2938 νογιοδετὴ
1162 2841 1199 2910 (v.
1226 2859 1307 2916 νομο-
1349 2839 1445 2895 tiones
1471 2839 1503 2894 in
1529 2853 1615 2894 sacra
1644 2836 1716 2892 aede
1746 2852 1811 2892 cum
1838 2837 1936 2908 aliquo
1964 2836 2193 2911 colloquentem,
2224 2840 2253 2892 ct

407 2929 501 3008 δετεῖ)
529 2925 706 3008 ἡδιάταξις,
739 2924 785 2987 ἵνα
812 2918 861 2984 ἐάν
881 2920 975 3001 unffi)
996 2944 1071 3003 ευροι
1092 2917 1143 3000 τὴν
1164 2923 1236 2983 ἰδίαν
1261 2945 1306 3002 γυ-
1350 2933 1436 2994 turpe
1467 2921 1578 2994 aliquid
1605 2922 1642 2977 de
1668 2921 1707 2976 iis
1728 2921 1896 2992 suspicatus
1917 2921 2024 2996 fuerit,
2057 2920 2175 2976 veniam
2196 2921 2252 2977 lra-

407 3027 490 3078 ναῖκα
515 3008 534 3094 ν)
562 3009 613 3092 τὴν
640 3014 787 3092 θυγατέρα
813 3002 831 3086 ι’)
860 3002 910 3086 τὴν
937 3003 1048 3086 ἐγγόνην
1079 3002 1097 3083 ἢ
1125 3001 1176 3086 την
1200 3001 1310 3085 νύμφην
1350 3003 1419 3065 beat
1438 3011 1490 3062 aut
1511 3022 1562 3062 eos
1584 3003 1720 3080 (nomm)
1741 3006 1870 3062 locorum
1892 3005 2007 3062 clericis
2028 3005 2175 3080 tradendi,
2204 3009 2253 3062 aut

408 3095 480 3182 μετά
500 3097 552 3169 τὰς
565 3109 640 3178 τρεῖς
660 3095 902 3176 διαμαρτυρίαςέν
916 3089 1039 3172 άγίιμ31)
1061 3087 1128 3167 οἴκῳ
1141 3085 1214 3168 μετά
1234 3085 1309 3162 τινός
1350 3092 1496 3150 ecclesiae
1522 3090 1749 3164 defensoribusJ
1781 3094 1815 3145 ut
1843 3089 1888 3145 illi
1923 3091 1977 3146 hos
2005 3097 2130 3146 servent·
2151 3089 2253 3164 indici,

364 3175 369 3186 ’
407 3186 597 3263 διαλεγομένην
611 3184 658 3242 καλ
673 3174 815 3256 ὑπονοήσῃ
832 3171 950 3255 αἰσχρόν
963 3197 989 3236 τι
997 3175 1044 3254 ³³)
1065 3178 1129 3255 περ)
1149 3172 1307 3251 αὑτῶν31),
1349 3177 1399 3248 (γοί
1422 3176 1459 3232 de
1474 3174 1643 3232 criminibus
1664 3175 1788 3246 quaerit,
1809 3174 1859 3246 qui
1881 3189 2015 3230 caussam
2038 3189 2103 3231 cum
2121 3174 2254 3249 diligen·

407 3263 503 3332 άδειοιν
522 3264 577 3346 ἔχει
596 3262 670 3346 ι’)ῧῧ)
691 3266 867 3343 παραδοῦναι
886 3255 989 3332 αὑτοὺς
1014 3271 1074 3332 τοῖς
1093 3261 1231 3339 κληρικοῖς
1250 3265 1308 3320 τῶν
1348 3263 1391 3317 tie
1417 3261 1587 3332 perquirere
1614 3260 1711 3316 debet.
1753 3259 1875 3330 Scripta
1904 3265 1948 3316 est
1973 3263 2045 3315 aute
2067 3261 2118 3316 16.
2143 3260 2253 3317 Calen-

408 3350 503 3416 τόπων
530 3349 547 3430 ἢ
575 3361 633 3422 τοῖς
659 3349 890 3428 ε’κκλησιειιδίκοις,
909 3344 914 3422 Ι
935 3343 979 3425 31)
1008 3343 1055 3423 ἐφ’
1084 3335 1107 3420 ᾧ
1134 3345 1251 3414 ἐκείνους
1259 3343 1305 3422 ³⁷)
1348 3347 1403 3403 das
1422 3346 1588 3403 lanuarias
1607 3343 1726 3416 imperit
1746 3343 1911 3401 lastiniani
1930 3343 2159 3418 oua016.poat
2180 3357 2255 3404 con-

408 3433 530 3518 φυλάξαι
564 3430 666 3506 αὑτοὺς
695 3437 737 3510 τῷ
763 3427 801 3494 τά
829 3425 985 3510 ἐγκλήματα
1012 3425 1163 3502 ἐξετάζοντι
1189 3430 1307 3506 δικαστῇ
1347 3431 1480 3508 sulatum
1499 3430 1607 3489 Baelo
1627 3429 1791 3489 indictione
1811 3429 1842 3485 6.

407 3521 548 3601 ὀφείλοντι
573 3516 606 3580 τό
628 3523 745 3600 πρᾶγμα
764 3509 836 3597 μετά
863 3511 1004 3594 ἀκριβείας
1032 3513 1154 3593 ζητῆσαι.
1203 3508 1309 3592 Ἐγραί

407 3601 477 3685 πρό
507 3601 559 3667 ιε’.
588 3598 831 3678 uallatam)
857 3595 1089 3679 Ἰανουαρίων
1115 3597 1307 3676 βασιλείας

406 3689 673 3752 ‘lovennensi
703 3687 742 3760 (ν.
768 3682 1044 3759 Ἰουστινιανοὺ)
1074 3676 1116 3744 τό
1143 3675 1197 3755 ις’.
1217 3675 1306 3761 μετά

409 3769 471 3852 τὴν
497 3770 678 3834 ὑπατείαν
697 3769 902 3832 Βασιλείαν
923 3765 978 3832 ιΤδ.
997 3761 1037 3838 ς’.

510 3952 581 4055 [υἱ]
592 3953 640 4032 ³⁹)
664 3947 748 4052 περί
771 3952 838 4023 τοῦ
846 3951 890 4026 ⁴⁰)
915 3943 983 4040 τάς
1006 3946 1067 4024 διά
1082 3943 1222 4040 ealce)
1244 3946 1307 4041 γά·
1448 3945 1595 4044 (Consi.
1621 3943 1702 4046 10.)
1741 3945 1799 4022 De
1829 3943 1915 4040 hoc,
1955 3955 1993 4022 ut
2017 3953 2161 4049 propter
2189 3972 2259 4023 nu-

408 4082 500 4150 μυυς
537 4047 673 4156 δωρεάς
710 4045 763 4152 μὴ
797 4049 938 4156 χρῄζειν
946 4057 994 4134 ⁴²)
1034 4045 1306 4152 ὑπομνημάτων
1345 4049 1438 4152 piiss
1463 4048 1670 4124 donationes
1694 4059 1874 4146 gestorum
1899 4049 2159 4146 [confectione]
2184 4074 2258 4125 uon

407 4153 469 4230 καὶ
492 4151 575 4256 περὶ
600 4151 716 4229 ἄλλων
748 4154 956 4256 κεφαλαίων.
1348 4159 1487 4250 egeant,
1512 4159 1548 4226 et
1571 4149 1618 4226 de
1642 4149 1721 4224 aliis
1746 4149 1918 4252 capitulis·

490 4342 524 4406 Ὁ
543 4338 782 4444 αὑτόςβασιλεὺς
803 4339 961 4422 acapna)
983 4335 1096 4422 ε’πάργρ
1121 4342 1306 4422 πραιτωρίων.
1431 4341 1512 4400 Idem
1532 4341 1687 4414 imperator
1706 4342 1794 4398 Petro
1814 4341 1965 4413 praelecto
1984 4339 2140 4416 praetorio.
2171 4342 2261 4402 Pro-

273 4392 334 4437 νυν.
354 4387 486 4508 119Τὴν
506 4424 562 4490 διὰ
584 4449 667 4499 mc
689 4449 825 4506 γαμους
846 4421 996 4508 δωρεά,
1346 4431 1415 4502 μίαν
1434 4427 1558 4501 nuptias
1577 4427 1774 4484 domooaeoa

415 4653 826 4670 ———.-.......—-.

473 4812 520 4878 11)
538 4811 629 4864 Codex
645 4809 714 4874 μίας.
746 4868 760 4896 a
789 4809 835 4873 12)
853 4809 945 4862 Codex
961 4806 1005 4863 διά
1020 4806 1171 4884 μαρτυρίας.
1248 4809 1295 4875 19)
1311 4809 1403 4862 Codex
1420 4807 1536 4874 ίγουσας.
1608 4808 1656 4875 11)
1672 4812 1724 4862 Ριο
1740 4810 1885 4883 μαρτυρίας
1899 4813 2084 4867 Codex'babet
2113 4812 2265 4888 „dmm

404 4881 454 4947 15)
471 4883 562 4933 Codex
579 4882 658 4929 habet
674 4875 721 4938 da'
740 4897 776 4929 ων
792 4891 842 4942 pro
859 4876 900 4938 ἐφ’
919 4870 948 4944 β.
1015 4879 1060 4944 lo)
1076 4880 1171 4944 Incipit
1186 4880 1235 4930 fol.
1252 4879 1315 4929 ito.
1333 4881 1366 4929 Δ.
1434 4877 1481 4942 17)
1497 4878 1551 4928 Pro
1568 4872 1637 4946 αὑτῇ
1659 4880 1751 4932 Codex
1768 4882 1847 4932 habet
1869 4880 1962 4950 αὐτήν.
2038 4883 2084 4949 18)
2101 4885 2154 4936 Pro
2171 4885 2265 4937 αὐτὸν

405 4951 496 5002 Codex
513 4950 591 4998 habet
608 4945 703 4997 αὐτῶν.
756 4945 803 5010 19)
819 4948 872 4997 Pro
892 4959 959 4998 voco
975 4954 1115 5014 προπίναις
1131 4949 1222 4999 Codex
1237 4949 1315 4996 habet
1331 4944 1470 5017 προπίνειν.
1505 4945 1573 4996 Vide
1589 4946 1659 4996 n'ov.
1675 4947 1735 4998 117.
1754 4961 1811 5012 cap.
1829 4949 1872 5000 1⁶.
1891 4947 1908 5016 ἢ
1925 4949 2074 5018 πραπίναις.
2134 4953 2181 5015 29)
2201 4955 2265 5004 Pro

404 5015 452 5068 σι’νν
468 5015 541 5080 αὐτῷ
558 5015 649 5067 Codex
665 5015 743 5064 habet
758 5015 927 5075 μὲνταυταυ.
994 5016 1040 5078 21)
1057 5018 1149 5067 Potest
1164 5017 1299 5065 distinctio
1317 5019 1344 5064 et
1360 5019 1420 5076 post
1436 5025 1531 5066 vocem
1547 5011 1633 5082 μαρτύ
1700 5020 1772 5078 poni.
1809 5017 1880 5067 Nor.
1899 5019 1962 5069 117.
1979 5033 2036 5082 cap.
2061 5018 2104 5070 1⁵.
2127 5021 2180 5072 hoc
2199 5027 2265 5072 sta-

404 5087 462 5147 tutt,
478 5087 519 5148 αί,
535 5087 561 5133 st
572 5085 718 5148 invenem,
737 5085 815 5146 tone,
831 5083 957 5132 addicitis
973 5085 1063 5134 triduo
1080 5085 1199 5145 tectibus,
1217 5083 1457 5146 νμίεσομοίνοδαῖ.
1480 5077 1514 5130 Et
1530 5079 1557 5130 dt
1574 5079 1601 5130 ἀν
1618 5075 1636 5131 ἆ
1667 5103 1685 5148 φ
1702 5081 1892 5148 τόπμ,1ιιηιι11,
1909 5083 1955 5136 τόν
1965 5087 2089 5137 τοιοῦτον
2102 5082 2172 5152 εὕροι
2186 5087 2263 5150 μετὰ

404 5155 451 5218 τῆς
467 5151 564 5201 ἑαυτοῦ
580 5151 693 5214 γαμετῆς
709 5148 897 5211 διαλεγόμενον,
920 5149 966 5200 οὑν
988 5151 1096 5202 ἔλαττον
1117 5152 1196 5220 τριῶν
1216 5146 1353 5218 μαρτύριον
1368 5147 1524 5206 ἀξιοπίστων
1547 5150 1767 5211 συγιιαλουμίνυν,
1789 5153 1827 5217 τῷ
1848 5149 1956 5223 ἄρχοντι
1972 5153 2148 5224 παραδιδόναι
2164 5159 2205 5205 τῶ
2226 5155 2266 5206 τὰ

405 5216 552 5284 ἐγκλήματα
570 5213 720 5274 ἐξετάζοντα
786 5216 833 5282 22)
851 5219 922 5269 Loco
940 5231 1036 5268 voerrrn
1052 5221 1088 5282 τῷ
1105 5213 1212 5288 ἄρχοντι
1229 5217 1319 5267 codex
1336 5217 1415 5268 natet
1429 5213 1462 5267 τό
1478 5211 1545 5286 ἄρχ’.
1580 5217 2049 5291 Νυν.117.αιρ.1ν.ιρᾶργιιτι.
2100 5222 2150 5285 28)
2166 5209 2267 5275 daucus

405 5291 547 5348 corruptus
563 5289 612 5335 est
646 5285 700 5334 Pro
716 5282 823 5350 μήτοιγε
840 5283 865 5335 τί
885 5287 1051 5336 scribendam
1075 5291 1117 5335 est
1142 5287 1186 5336 vel
1202 5281 1227 5334 εἰ
1242 5285 1359 5346 μέντοιγε
1383 5285 1425 5334 vel
1442 5280 1503 5350 ἤτω
1524 5303 1555 5347 γε
1577 5281 1609 5335 εί.
1644 5293 1681 5336 tx
1696 5287 1766 5336 Nou.
1785 5287 1845 5336 117.
1864 5300 1920 5352 cap.
1935 5293 1962 5338 δ.
1979 5293 2008 5340 ln
2025 5291 2076 5340 1ιοσ
2093 5303 2157 5342 casu
2173 5297 2266 5342 trium

405 5358 500 5404 ndsslo
517 5357 738 5404 contestationem
755 5353 889 5414 probanda
905 5359 956 5403 cat.
1023 5352 1072 5414 21)
1089 5353 1179 5404 Codex
1196 5350 1282 5401 ἀδίαν.
1349 5350 1838 5416 26)Ηοο1οσο1ναιιιιιαμμιιο11ο
1862 5355 1969 5408 Codice.
2003 5357 2176 5420 Supplendum
2196 5363 2269 5410 for-

407 5427 480 5471 tusse
506 5423 559 5472 erit
582 5420 625 5469 καί
646 5418 713 5470 κατά
735 5417 797 5477 τοὺς
817 5419 912 5480 νόμους
933 5421 971 5483 τῷ
996 5417 1135 5482 tralatam
1157 5419 1293 5477 ἐπεξιέναι.
1332 5419 1413 5469 Culus
1436 5421 1611 5482 supplementi
1633 5422 1728 5471 fundus
1750 5426 1793 5471 cst
1814 5423 1883 5473 Nov.
1906 5425 1965 5474 117.
1990 5435 2047 5487 cap·
2071 5425 2115 5474 ld.

405 5489 452 5546 26)
468 5489 530 5538 Vox
548 5487 575 5538 ἐν
592 5492 620 5538 tn
637 5489 736 5538 Codice
754 5489 837 5538 deest.
933 5487 981 5547 27)
999 5487 1087 5536 Codex
1105 5487 1183 5538 habet
1198 5505 1246 5549 μτγ
1263 5487 1285 5544 ic
1302 5478 1375 5536 όταν.
1466 5486 1512 5550 28)
1530 5487 1621 5536 Codex
1638 5489 1715 5538 habet
1732 5487 1787 5559 ἦρ·
1886 5491 1932 5554 29)
1951 5492 2042 5543 Codex
2058 5509 2148 5556 μοιγυς
2164 5491 2268 5546 haheo.

404 5555 452 5617 80)
469 5555 559 5605 Codex
575 5558 686 5620 γυναικηῑ
702 5551 797 5624 ἅρπαξ.
850 5553 896 5619 91)
914 5553 1004 5604 Codex
1020 5571 1060 5610 τις
1078 5555 1163 5604 hahet
1215 5505 1374 5618 92)Ρεοίυ
1392 5548 1456 5619 ἀγίφ
1474 5553 1564 5604 Codex
1581 5545 1774 5618 1ν1αιίναγίά.
1824 5557 1871 5618 22)
1889 5559 1981 5610 Codex
1997 5555 2105 5629 αἰσχρόν
2121 5561 2270 5613 achabet.

404 5623 452 5706 31)
469 5623 559 5673 Codex
575 5620 657 5674 αὑτὸν
674 5625 758 5674 lrabet.
794 5624 915 5686 Sequitur
932 5627 1019 5701 tamen
1036 5618 1140 5680 αὐτούς,
1158 5625 1187 5672 et
1203 5623 1271 5672 Nou.
1290 5623 1349 5672 117.
1368 5634 1425 5685 cap.
1446 5623 1487 5672 io.
1506 5621 1532 5681 S.
1551 5621 1577 5670 1.
1600 5622 1677 5674 habet
1703 5623 1747 5674 καὶ
1769 5619 1913 5692 ὑπονσήασι
1935 5623 2044 5692 αι’σγράς
2066 5616 2145 5698 γάράν
2161 5626 2271 5687 αἰτίας

405 5689 502 5748 αὑτοὺς
518 5693 670 5750 συνομιλεῖν.
737 5687 787 5753 35)
803 5691 855 5740 Pro
872 5701 941 5738 voce
958 5705 974 5751 η
991 5684 1114 5752 011119ῐὴ
1133 5691 1217 5738 [labet.
1286 5689 1332 5754 ³6)
1350 5689 1402 5740 Pro
1419 5688 1626 5751 ίιιιιληοιετὺίιιονς
1638 5689 1731 5742 Codex
1747 5694 1825 5743 habel
1840 5693 2028 5759 τιλνγσιεκδὺιιοις,
2046 5701 2076 5746 ut
2090 5683 2183 5747 solent
2197 5697 2274 5748 sete

406 5769 498 5808 omnes
515 5759 593 5808 medii
610 5761 670 5808 aevi
688 5759 794 5807 codices
811 5757 991 5818 manuscripti.
1025 5755 1313 5817 lnclpltlcl.145.li.
1387 5755 1433 5823 97)
1450 5757 1543 5808 Codex
1559 5755 1672 5814 ἐκείναις.
1745 5759 1790 5824 38)
1809 5761 1899 5812 Codex
1916 5761 2053 5814 ναλανδων.
2130 5761 2178 5824 39)
2203 5767 2275 5814 De-

405 5829 449 5874 est
465 5839 589 5876 aramenus
606 5823 638 5874 ι’.
656 5831 683 5874 in
701 5825 804 5874 Codice.
841 5825 879 5873 nd
896 5827 1042 5886 marginem
1060 5824 1166 5873 Codicis
1184 5825 1344 5888 adscriptum
1361 5832 1403 5874 est
1419 5821 1485 5892 μα’.
1575 5823 1622 5888 10)
1645 5826 1699 5877 l’ro
1716 5829 1765 5877 τοῦ
1782 5828 1874 5878 Codex
1890 5831 1970 5882 labet
1985 5829 2054 5890 τούς.
2132 5828 2181 5896 11)
2203 5833 2273 5884 Pro

406 5888 452 5941 διὰ
467 5889 528 5951 τοὺς
545 5891 637 5944 Codex
652 5893 730 5943 habet
746 5889 870 5948 διατιους.
938 5886 1220 5961 12)ὼά911γργγζειν.
1294 5891 1343 5954 13)
1359 5893 1412 5944 Pro
1427 5891 1523 5962 Πέτρην
1557 5891 1648 5946 Codex
1665 5895 1743 5946 laba
1759 5893 1847 5966 Πίρφ.
