4802 7060
396 557 438 601 ιιι.
1032 519 1599 592 Puonuooutnna

394 739 484 809 mus,
516 715 578 785 sed
604 720 641 782 nt
663 735 747 784 uuus
768 732 887 782 versus
914 729 1039 780 vacuus
1065 701 1109 776 lui
1131 709 1304 792 habeatur,
1348 711 1402 798 qni
1430 710 1471 775 ab
1494 708 1587 776 initio
1619 669 1693 775 buit
1714 709 1764 775 rei
1793 708 1957 776 inservire
1983 715 2132 802 poterat3
2172 709 2259 778 item·

395 819 514 910 quein
536 815 780 885 constitutionis
803 813 865 881 34.
889 813 1128 899 subscriptione
1151 810 1282 880 Graeca
1303 810 1476 877 translatio
1497 808 1633 876 habetur
1654 809 1752 894 nulla,
1775 828 1882 898 neque
1905 811 2072 899 quIcquam
2095 814 2195 899 spatii
2215 833 2260 880 re·
2372 834 2375 855 ι

392 923 507 990 lictum
529 925 594 1008 est,
616 939 677 1008 quo
700 923 818 1006 postea
837 913 1063 1000 compleretur.

547 1021 678 1102 Restat,
700 1025 736 1085 ut
756 1019 840 1084 hanc
862 1033 989 1102 quoque
1010 1013 1116 1100 legum
1137 1013 1361 1081 collectionem
1383 1013 1497 1099 paucis
1519 1013 1788 1094 commendemus,
1809 1014 1944 1102 eiusque
1965 1015 2137 1082 utilitatem
2159 1015 2192 1082 in
2214 1017 2261 1082 Iu·

394 1121 530 1190 stiniani
554 1123 646 1188 libris
666 1121 781 1204 legum
809 1123 844 1184 et
871 1117 904 1182 in
926 1116 1085 1199 integrum
1106 1115 1319 1182 restituendis
1338 1120 1374 1180 et
1395 1121 1468 1182 arte
1492 1116 1604 1180 critica
1633 1133 1673 1182 ac
1701 1115 1873 1201 disciplina
1900 1117 2123 1203 perpoliendis
2144 1117 2262 1202 signiti-

400 1243 524 1292 cemus.
566 1225 681 1308 ¹Atque
702 1218 780 1284 illud
802 1217 930 1304 quidem
952 1217 1015 1283 iam
1037 1235 1058 1282 a
1084 1216 1250 1304 plerisque
1280 1216 1542 1282 animadversum
1568 1214 1686 1302 video,
1731 1216 1836 1302 qualis
1867 1225 2052 1304 quantaque
2078 1218 2174 1286 huius
2201 1219 2263 1286 libri

393 1326 449 1392 vis
484 1343 524 1392 ac
554 1329 704 1410 potestas
733 1319 765 1384 in
794 1318 974 1386 Iustiniano
1004 1316 1128 1384 Codice
1156 1317 1336 1404 supplendo
1363 1315 1567 1403 Graecisque
1602 1318 1885 1384 constitutionibus
1913 1319 2062 1402 augendo
2089 1321 2143 1385 sit.
2195 1319 2262 1386 Λιι-

392 1429 575 1512 pastinum,
597 1421 903 1506 auersumquess)
926 1427 961 1486 et
988 1415 1201 1509 thtiumta)
1229 1419 1263 1483 in
1291 1436 1333 1484 ea
1360 1417 1462 1484 luisse
1491 1419 1643 1504 opinione
1670 1419 1839 1500 videmus,
1869 1425 1905 1485 ut
1932 1421 2079 1506 integras
2099 1420 2262 1488 Iustiniani

395 1526 530 1593 Codicis
552 1522 801 1590 constitutiones
823 1521 908 1607 apud
931 1527 1076 1586 nostrum
1105 1522 1298 1606 scriptorem
1320 1520 1443 1586 relatas
1472 1538 1551 1587 esse
1578 1520 1762 1587 crederent.
1814 1518 1919 1587 Cuius
1948 1522 1996 1587 rei
2028 1521 2124 1588 fidem
2150 1522 2262 1590 lacimt

394 1635 462 1695 tam
483 1625 736 1712 inscriptionum,
758 1641 853 1710 qoam
874 1622 1144 1706 subscriptionum
1159 1641 1229 1686 cum
1246 1620 1329 1706 ipsis
1343 1620 1451 1706 legum
1465 1622 1578 1689 verbis
1591 1623 1784 1709 coniunctIo,
1802 1621 2059 1710 reliquarumque
2073 1621 2263 1690 Graecarum

303 1707 309 1722 ¹
396 1728 672 1808 constitutionum,
694 1743 777 1811 quae
799 1723 928 1810 quidem
949 1723 1098 1806 integrae
1121 1727 1266 1808 exstant,
1289 1740 1359 1788 cum
1382 1723 1465 1808 ipsIs
1486 1723 1591 1808 legum
1612 1723 1726 1788 verbis
1747 1724 1962 1810 comparatio,
1998 1731 2033 1790 et
2059 1722 2262 1791 Novellaum

399 1829 664 1898 constitutionum
682 1823 854 1913 appendix.
891 1824 949 1891 Sic
970 1825 1055 1889 euim
1077 1822 1162 1909 apud
1175 1831 1321 1889 nostrum
1337 1825 1529 1910 scriptorem
1544 1824 1668 1891 relatae
1682 1831 1769 1911 sunt,
1791 1823 2054 1911 quemadmodum
2068 1824 2109 1891 ab
2125 1826 2198 1912 ipso
2215 1826 2262 1890 lo·

398 1933 541 2000 stiniauo
555 1930 695 1998 emIssus
709 1945 788 1994 esse
803 1925 977 1992 verisimile
990 1931 1060 2013 est3
1082 1925 1146 1989 nisi
1160 1924 1245 2010 quod
1261 1925 1293 1988 in
1308 1924 1340 1987 N
1342 1924 1450 1990 ovella
1467 1924 1553 1992 133.
1570 1925 1818 2011 subscriptionis
1834 1925 1918 1990 bona
1935 1944 2013 2012 pars
2026 1925 2134 2014 deest,
2154 1929 2187 1992 in
2198 1927 2260 1994 No-

398 2035 488 2102 vella
513 2029 601 2096 131).
625 2029 794 2114 inscriptio
817 2047 880 2093 non
903 2026 1039 2092 habetur
1060 2032 1159 2110 atque
1182 2025 1380 2091 exNovella
1405 2023 1495 2090 131.
1519 2026 1628 2112 capita
1649 2025 1712 2092 duo
1736 2033 1860 2092 tanturn
1882 2027 2084 2112 reseruntur,
2112 2047 2261 2115 quaeres

396 2141 507 2202 tamen
529 2132 613 2200 tanti
635 2148 700 2196 non
723 2135 791 2210 est,
836 2135 871 2193 ot
892 2129 932 2192 ub
955 2145 1013 2212 ea,
1057 2145 1149 2211 quam
1171 2126 1404 2212 supraposui,
1444 2127 1595 2213 opinione
1617 2135 1653 2193 te
1675 2126 1832 2193 dimoveri
1861 2130 2001 2215 patiare.
2061 2129 2181 2218 Neque
2211 2132 2261 2199 do·

395 2245 485 2322 sunt,
517 2240 552 2300 ut
581 2239 616 2298 et
643 2229 779 2296 Wittitts
808 2227 1047 2308 animadvertit,
1076 2234 1225 2293 veterum
1247 2228 1440 2313 scriptorum
1463 2229 1650 2295 testimonia
1670 2228 1714 2294 ad
1736 2247 1808 2295 eam
1829 2247 1898 2296 rem
1919 2229 2169 2299 confirmandam
2191 2234 2262 2300 satis

398 2338 529 2406 idonea.
573 2329 683 2420 Caput
704 2331 838 2417 pulmum
860 2329 944 2394 cuim
967 2346 1008 2394 ex
1032 2329 1223 2394 collectione
1247 2325 1343 2394 XXV
1367 2328 1577 2414 capitulorum
1605 2327 1737 2410 iisdem,
1766 2329 1881 2416 quibus
1909 2329 1995 2417 apud
2022 2341 2167 2400 nostrum
2189 2337 2262 2402 scri-

395 2445 536 2526 ptorem,
554 2435 667 2502 verbis
689 2437 725 2498 et
745 2433 777 2496 in
800 2429 983 2516 tripartitae
1005 2429 1267 2496 constitutionum
1289 2429 1586 2496 ecclesiasticarum
1596 2430 1797 2498 collectionis
1811 2431 1864 2496 lib.
1882 2437 1908 2498 1.
1926 2433 1975 2498 tit.
1993 2433 2026 2498 1.
2043 2453 2113 2521 cap.
2128 2435 2165 2501 3.
2189 2437 2263 2523 apud

315 2593 323 2612 .
399 2538 581 2610 Instellium
604 2533 820 2600 bibliothecae
841 2533 920 2595 ioris
942 2531 1089 2597 canonici
1112 2537 1187 2596 tom.
1210 2535 1252 2594 11.
1275 2550 1307 2616 p.
1334 2528 1450 2596 1333.
1473 2530 1609 2596 relatum
1630 2537 1704 2620 est,
1734 2534 1907 2618 prioraque
1929 2536 2172 2604 constitutionis
2195 2559 2263 2606 ver-

397 2643 440 2712 ba
462 2659 533 2707 cum
555 2637 608 2703 IIs
630 2635 848 2707 consentiunt,
870 2633 1007 2718 quaein
1034 2639 1138 2719 parat.
1161 2631 1188 2696 I.
1212 2629 1247 2698 3.
1269 2630 1323 2698 ed.
1345 2629 1477 2696 Iuatclli
1497 2653 1528 2718 p.
1555 2629 1670 2697 1365.
1694 2638 1729 2700 et
1750 2633 1775 2698 I.
1800 2632 1832 2697 o.
1858 2655 1889 2720 p.
1914 2631 2031 2701 1391).
2054 2638 2161 2708 relata
2189 2647 2262 2708 sunt

399 2739 539 2809 Accedit
560 2744 595 2804 et
615 2737 826 2804 Basilicorum
847 2739 872 2798 1.
900 2734 933 2799 1.
958 2731 994 2800 3.
1018 2732 1069 2800 ed.
1092 2729 1293 2798 Heintbuclti
1314 2739 1389 2798 tom.
1413 2737 1437 2798 1.
1460 2753 1492 2820 p.
1517 2731 1566 2821 3.,
1588 2751 1671 2821 quae
1694 2753 1766 2802 cnm
1787 2737 1892 2802 nostri
1914 2736 1987 2802 libri
2014 2746 2173 2806 contextu
2194 2759 2263 2808 con-

399 2843 553 2922 sentiunt,
577 2838 763 2906 auctoritas.
780 2873 818 2884 -
840 2832 947 2922 Caput
968 2834 1098 2900 tertium
1120 2852 1162 2900 ex
1184 2851 1320 2920 corpore
1342 2833 1439 2900 XXV
1460 2833 1672 2920 capitulorum
1693 2835 1810 2903 iisdem
1826 2838 1938 2904 verbis
1959 2837 1992 2903 in
2014 2840 2264 2910 Basilicoruml.

402 2944 434 3009 1.
459 2939 494 3008 9.
515 2939 565 3008 ed.
589 2935 884 3005 notularum.
906 2941 932 3002 l.
955 2957 987 3022 p.
1013 2934 1074 3001 13.
1098 2933 1243 3016 habetur,
1266 2935 1454 3022 Initiumque
1475 2936 1592 3022 cupitis
1620 2936 1654 3002 in
1681 2938 1866 3023 tripartitae
1888 2939 2089 3008 collectionis
2110 2943 2265 3029 paratitlis

396 3049 422 3112 1.
458 3043 493 3109 1.
521 3042 573 3110 ed.
602 3039 734 3106 Iustella'
754 3057 829 3124 pag.
863 3033 976 3102 1313.
1010 3035 1168 3102 laudatur.
1211 3073 1254 3084 -
1298 3038 1406 3122 Caput
1441 3039 1612 3124 septimum
1646 3055 1690 3103 cx
1718 3038 1910 3108 collectione
1937 3040 2034 3107 XXV
2063 3045 2266 3130 capitulorum

397 3145 516 3215 iisdem
537 3142 661 3225 verbis,
683 3157 767 3231 quae
788 3139 944 3226 paratitlo
964 3143 990 3204 I.
1016 3135 1053 3202 3.
1075 3157 1107 3223 p.
1135 3133 1252 3202 1250.
1275 3138 1430 3218 referunt,
1453 3137 1540 3224 apud
1561 3143 1707 3206 nostram
1728 3141 1920 3228 scriptorem
1942 3143 2090 3212 babetur.
2112 3183 2158 3195 —
2205 3149 2265 3213 Ca-

397 3256 455 3337 put
477 3239 800 3330 decimumquartum
823 3238 947 3320 eodem,
970 3257 1032 3326 quo
1054 3235 1140 3324 apud
1161 3245 1306 3305 nostrum
1327 3239 1532 3328 scriptorem,
1563 3238 1714 3306 modoet
1744 3241 1776 3308 in
1798 3244 1961 3328 paratitlis
1981 3241 2008 3310 I
2033 3243 2069 3311 3.
2092 3267 2125 3333 p.
2155 3245 2263 3314 13113.

395 3347 557 3417 laudator.
579 3383 621 3396 -
665 3347 774 3432 Caput
796 3341 951 3408 decimum
974 3340 1116 3427 quiotum
1138 3339 1179 3404 ab
1202 3338 1253 3406 his
1274 3339 1386 3406 verbis
1407 3340 1530 3426 incipit,
1553 3341 1691 3428 quaein
1715 3343 1878 3428 paratitlis
1903 3345 1926 3410 1.
1955 3345 1976 3412 l.
2010 3367 2042 3432 p.
2069 3345 2191 3415 1368.
2219 3369 2266 3416 re·

398 3452 466 3518 lata
486 3454 572 3516 suut.
619 3446 719 3512 Plura
740 3442 899 3512 eiusmodi
920 3441 1107 3509 testimonla
1129 3458 1172 3506 ex
1193 3440 1404 3507 Basilicarum
1426 3443 1668 3527 comparatione
1694 3442 1811 3510 deduci
1840 3443 1924 3533 apud
1954 3443 2191 3536 thiumqnffi
2222 3450 2269 3537 qoi
2387 3451 2388 3454 ’

398 3552 483 3618 hanc
505 3554 631 3637 partem
653 3545 901 3632 diligentissime
922 3543 1087 3624 tractavit,
1110 3541 1175 3628 legi
1196 3549 1328 3628 queunt.
1370 3542 1444 3609 Nec
1465 3543 1551 3608 euim
1573 3543 1707 3610 aliorum
1729 3545 1853 3614 seriola
1874 3548 2049 3633 compilare
2064 3551 2196 3618 animus
2213 3559 2271 3618 est

399 3691 442 3703 -
463 3651 518 3718 ad
539 3648 699 3716 Novellas
720 3647 890 3714 Iustiniani
920 3645 1034 3712 critica
1063 3649 1136 3710 arte
1163 3649 1199 3710 et
1231 3641 1402 3731 disciplina
1423 3642 1654 3730 perpoliendns
1676 3643 1746 3734 bic,
1784 3667 1879 3733 quem
1901 3649 2037 3732 edimus,
2065 3651 2152 3718 liber
2172 3651 2272 3720 adhuc

399 3751 561 3821 adbibitus
582 3769 647 3816 nou
669 3755 731 3816 est.
755 3753 812 3812 *In
835 3764 898 3834 quo
920 3765 984 3816 non
1006 3744 1085 3812 illud
1106 3744 1210 3811 solum
1232 3745 1373 3812 animum
1394 3745 1572 3812 advertere
1594 3745 1681 3834 licet,
1713 3765 1809 3813 unam
1832 3767 1874 3815 ex
1896 3749 1948 3816 bis
1969 3752 2011 3818 ad
2035 3753 2132 3820 sliam
2158 3773 2274 3842 perso-
2388 3769 2389 3820 l

400 3873 489 3934 nam,
516 3871 610 3940 quam
640 3849 776 3938 quaein
804 3865 939 3932 corpore
969 3845 1145 3912 CLXVIII
1172 3846 1386 3912 Novellarnm
1412 3846 1567 3926 nabetur,
1596 3845 1871 3931 directamesre,
1894 3854 2131 3922 verumetiam
2155 3857 2275 3942 aliquot
2387 3903 2388 3906 ,

399 3954 546 4024 ciusdem
566 3951 728 4020 Novellse
749 3951 840 4016 locos
861 3948 908 4014 ita
929 3946 1110 4029 emendari,
1154 3953 1189 4012 ut
1210 3947 1329 4014 nullum
1351 3947 1488 4034 amplios
1509 3948 1755 4036 depravationis
1777 3952 1923 4036 supersit
1941 3955 2129 4038 vestigium.
2175 3957 2278 4026 Unum

398 4076 442 4125 ex
464 4055 515 4122 bis
536 4054 617 4120 locis
638 4055 701 4119 iam
724 4069 822 4138 supra
843 4049 1051 4136 protulimus3
1096 4047 1232 4114 alterum
1260 4047 1417 4115 hocloco
1447 4067 1680 4136 proponemus,
1714 4058 1750 4116 ut
1776 4049 1818 4118 de
1847 4071 1887 4118 ea
1914 4073 1952 4119 re
1984 4055 2112 4141 plenius
2134 4063 2276 4125 constet.

398 4158 486 4223 Nov.
512 4152 601 4220 133.
623 4172 694 4238 cap.
718 4147 754 4216 3.
777 4154 895 4228 ἔπειτα,
917 4147 980 4214 κᾶν
1001 4155 1100 4227 εἴτις
1120 4151 1275 4228 ἐκκλησία
1295 4171 1384 4214 κατα
1405 4172 1443 4214 το
1464 4147 1683 4236 μσααστὴρισν
1704 4157 1769 4230 stu,
1798 4153 1877 4234 μηδὲ
1899 4151 2002 4232 οὕτως
2023 4158 2196 4245 προφάσει
2218 4161 2280 4225 τῶν

397 4256 573 4335 ἐκκλησιῶν
594 4253 752 4340 ἐκφοιτᾷα
773 4249 884 4328 ἀδεῶς.
921 4251 1032 4337 Atque
1053 4251 1084 4316 iu
1107 4249 1169 4316 boc
1191 4250 1318 4336 quidem
1339 4250 1425 4338 loco,
1448 4268 1543 4338 quem
1564 4251 1621 4339 itu,
1642 4259 1797 4338 utsupra
1819 4255 1992 4344 posuimus,
2014 4253 2135 4327 Codex
2147 4260 2281 4328 Norel·
2387 4299 2389 4348 3

396 4359 500 4424 larum
523 4357 672 4422 Venetus
694 4351 836 4433 exhibet,
859 4349 977 4438 aliquid
1000 4350 1187 4417 mendosum
1208 4352 1321 4420 baberi
1344 4352 1400 4418 vel
1421 4371 1464 4418 es
1487 4351 1550 4418 boc
1576 4359 1718 4433 constat,
1751 4354 1835 4439 quod
1858 4363 2033 4441 praetextu
2061 4360 2284 4429 ecclesiarum

399 4457 597 4525 monasterlo
611 4451 841 4539 egrediendum
861 4471 924 4520 nou
942 4470 1020 4519 esse
1037 4452 1289 4539 posteadicitur.
1325 4453 1441 4540 Itaque
1464 4451 1549 4518 bunc
1571 4453 1662 4538 ponit
1684 4472 1803 4536 casum
1826 4457 2001 4524 ecclesiam
2022 4459 2056 4526 in
2074 4465 2284 4531 monasterio
2387 4463 2389 4538 i

397 4579 462 4626 nou
484 4575 575 4643 esse,
596 4555 651 4642 qui
672 4560 779 4619 tamen
801 4553 913 4618 verbis
934 4550 997 4618 κάν
1018 4559 1116 4630 εἴτις
1137 4591 1178 4604 -
1200 4561 1248 4634 εἴη
1269 4553 1405 4620 disertis
1427 4553 1541 4619 verbis
1565 4552 1768 4620 contradicit.
1821 4555 1916 4622 Ilaec
1937 4559 2024 4624 enim
2046 4563 2235 4632 ecclesiam
2255 4566 2288 4630 in
2388 4575 2389 4578 ’

397 4657 595 4726 monasterio
618 4673 697 4721 esse
718 4653 913 4740 significant,
944 4652 1028 4740 qnod
1050 4672 1132 4720 sane
1153 4653 1205 4718 bis
1228 4655 1427 4742 temporibus
1448 4654 1601 4720 usitatum
1629 4655 1699 4722 luit.
1743 4655 1802 4724 SIc
1823 4658 1908 4724 enim
1930 4661 2026 4746 paulo
2048 4671 2148 4748 post:
2199 4663 2289 4731 κατὰ

397 4757 455 4838 τὴν
476 4765 510 4824 ἐν
531 4757 578 4840 τῷ
599 4759 804 4842 μσκαστηρίῳ
825 4755 1044 4820 καθεστῶσαν
1064 4752 1249 4838 ἁγιωτάτηκ
1271 4757 1454 4832 ἐκκλησίαν.
1500 4757 1563 4820 cri
1593 4755 1642 4821 rei
1669 4755 1860 4824 medicinam
1882 4759 2003 4850 lacius,
2039 4765 2071 4828 si
2098 4784 2184 4833 cum
2208 4765 2292 4832 Hu-

398 4859 544 4926 loundro
566 4857 673 4941 legas:
694 4853 783 4925 κατὰ
803 4853 842 4920 τὸ
862 4851 1081 4944 μοααστήριοκ
1101 4853 1146 4940 μὴ
1167 4863 1226 4935 εἴη.
1271 4853 1380 4937 Quare
1403 4875 1467 4921 nou
1489 4855 1711 4942 praeferemus
1739 4859 1941 4928 collectionis
1971 4870 2105 4934 nostrae
2130 4869 2290 4935 anctori-

397 4969 500 5030 tatem
520 4957 688 5027 habentis:
731 4959 841 5022 ἔπειτα
861 4953 925 5023 κᾶν
945 4961 974 5024 el
993 4953 1085 5039 μήτις
1106 4958 1261 5036 ἐκκλησία
1281 4953 1428 5022 κατὰτὸ
1448 4955 1670 5044 μοααστήρισκ
1691 4965 1748 5040 stu.

550 5213 598 5275 11)
615 5215 647 5267 In
663 5214 750 5268 llbro:
769 5213 821 5268 Ille
839 5212 996 5266 Gescbtcbte
1011 5213 1062 5266 der
1079 5212 1211 5266 Nocetlm
1227 5225 1253 5279 ιι.
1271 5211 1331 5266 ild.
1427 5213 1475 5275 13)
1491 5215 1522 5268 ln
1538 5215 1624 5268 libro:
1644 5215 1694 5268 ote
1710 5216 1783 5282 tepet
1798 5219 1942 5273 restitutae
1958 5221 2005 5275 des
2022 5223 2299 5281 normannia

399 5299 493 5356 eruce
510 5313 537 5366 p.
554 5298 597 5351 33.
