4784 7068
404 541 480 608 rm
842 500 854 523 ⁰
1145 533 1570 602 nrunnasu

400 733 497 810 τιμίαν
517 731 563 790 καὶ
584 724 631 808 μή,
653 725 692 798 ὠς
706 727 762 789 eitra
784 725 828 803 (υ.
849 725 920 804 ι’διοι)
943 731 994 787 τοῦ
1015 718 1248 806 τελευτήσαντος,
1270 721 1304 785 εί·
1347 729 1491 796 tamquam
1520 739 1569 780 res
1596 723 1729 794 proprias
1757 722 1904 794 defuncti,
1926 723 1988 790 vel,
2006 723 2033 778 sl
2055 727 2172 778 caetera
2192 723 2262 780 de-.

398 839 430 877 τε
443 814 487 893 ¹⁸)
509 809 547 874 τά
567 807 641 876 ἄλλα
662 805 771 891 άπορος
792 810 887 906 είηΝ)
910 811 925 871 ό
947 805 1122 888 τελευτήσας,
1143 805 1239 888 μόνοι-ς
1252 832 1305 870 πα·
1348 812 1467 866 functus
1489 808 1629 865 solvendo
1652 823 1707 864 nou
1729 807 1779 882 sit,
1800 807 1852 880 ita,
1874 813 1906 864 ut
1927 808 2000 863 solis
2021 807 2181 864 concedant
2200 811 2240 880 iis,

399 903 592 979 ραχωροῦιτες
621 909 679 968 τοῖς
708 901 751 958 ἐπὶ
780 895 926 976 nucu-⁵)
959 900 1009 971 νής
1035 892 1123 970 αότής
1155 897 1307 974 στρατείας
1348 895 1397 966 qui
1427 894 1464 948 ad
1491 891 1696 963 acquirendam
1725 908 1788 946 eam
1815 892 1907 962 ipsam
1936 892 2068 948 militiam
2097 893 2239 964 pecuniam

400 978 588 1064 deducendae,
604 981 644 1058 (υ.
668 977 867 1054 δεδανεικόσιν)
881 981 933 1055 ¹⁶).
954 978 1105 1057 ἐξαιρεῖται
1126 979 1155 1038 dl
1176 984 1227 1058 τής
1248 981 1306 1039 δια-
1348 984 1476 1035 mutuam
1504 977 1653 1034 dederunt.
1696 975 1852 1046 Excipitur
1878 981 1976 1034 autern
2003 977 2039 1032 ab
2062 975 2152 1050 (lieo)
2174 993 2238 1034 cou-

399 1065 505 1139 τάξεως
532 1063 684 1144 ήτωνΠ)
707 1067 903 1144 σεληιτιαρίων
929 1062 970 1142 (υ.
993 1062 1196 1142 σιλειτιαρίωι)
1219 1085 1306 1142 στρα-
1348 1063 1501 1120 stitutione
1521 1061 1747 1118 silentiaricrum
1767 1059 1881 1116 militia.

398 1156 471 1214 πεία.

250 1263 308 1303 χω,
327 1259 383 1304 115.
488 1235 512 1310 §.
534 1235 562 1302 8.
589 1237 631 1294 Ti:
653 1227 683 1306 ζ’.
713 1235 782 1291 διατ,
813 1226 842 1304 ζ.
872 1231 945 1309 Περὶ
978 1233 1168 1310 πραεττρίτων
1186 1230 1230 1308 1⁸)
1259 1233 1306 1291 καὶ
1432 1227 1465 1300 ς).
1485 1227 1514 1284 8.
1536 1229 1594 1286 Tit.
1616 1227 1644 1284 ⁷.
1666 1232 1758 1284 const.
1781 1227 1809 1282 ⁷.
1851 1230 1895 1285 lle
1912 1229 2079 1299 promeritis
2093 1235 2123 1284 et
2138 1229 2240 1284 exhae-

398 1313 582 1398 ἔξοιροδάιων
615 1315 743 1396 (sic)¹⁹)
773 1317 819 1374 καλ
846 1312 1028 1394 όχαριστείιις
1057 1314 1098 1394 tv.
1123 1312 1304 1394 ἀχαριστίας)
1348 1314 1459 1371 redatis
1486 1318 1515 1370 et
1543 1313 1756 1388 ingratitudine
1783 1313 1938 1368 liberorum
1966 1329 2001 1370 ao
2028 1321 2179 1386 parentum
2201 1314 2242 1370 lo-

397 1401 559 1478 catcevw)
588 1405 634 1462 καὶ
661 1404 761 1481 γονέων
782 1401 866 1476 φησιν
888 1396 904 1478 ή
927 1395 1058 1471 διάταξις.
1093 1431 1126 1442 -
1164 1403 1204 1477 Τή
1225 1397 1305 1477 αι’πῇ.
1348 1399 1446 1469 quitur
1467 1398 1574 1473 (baec)
1597 1397 1778 1454 constitutio.
1801 1429 1843 1440 -
1864 1397 1984 1453 Ibidem.
2011 1397 2067 1465 Qui
2082 1395 2112 1452 in
2127 1413 2159 1452 re
2173 1404 2242 1454 certa

396 1488 428 1552 Ὁ
449 1483 501 1568 τοι)
521 1491 593 1568 ῥινῷ
615 1485 655 1564 (τ.
670 1487 714 1546 ιιι)
730 1481 870 1564 ρἠτῴθῑ)
893 1480 1037 1579 πράγματι
1051 1478 1162 1562 γραρής
1184 1485 1224 1558 (v.
1238 1507 1304 1562 γρα-
1347 1483 1451 1539 haeres
1472 1483 1600 1554 scriptus
1622 1487 1678 1552 est,
1700 1485 1905 1538 testamentum
1928 1498 1984 1538 non
2005 1483 2166 1554 subvertit,
2193 1497 2242 1538 re-

398 1575 472 1654 ηιις)
493 1565 665 1650 κληρονόμος
685 1567 736 1628 οὐκ
758 1565 907 1647 άιατρέπει
928 1589 978 1644 την
998 1564 1146 1648 διαθήκην,
1176 1563 1250 1629 ἀλλά
1270 1564 1304 1629 τό
1346 1583 1409 1624 rum
1435 1566 1481 1641 id,
1510 1567 1586 1640 quod
1613 1566 1651 1622 ad
1677 1567 1840 1640 legitimam
1868 1567 2029 1638 portionem
2051 1567 2151 1639 deest,
2177 1583 2243 1638 sup-

396 1659 491 1719 λεϊπον
511 1651 584 1732 πρὸς
604 1650 637 1715 τό
660 1649 777 1731 νόμιμον
797 1657 880 1732 μέρος
899 1651 904 1728 Ι
925 1656 970 1728 η)
993 1649 1210 1731 ἀναπληροῦται
1346 1653 1452 1724 pletur.

265 1769 378 1815 Nm,
480 1742 503 1816 η,
530 1739 558 1804 9,
593 1741 634 1799 Tr:
661 1733 694 1816 η’,
723 1740 794 1797 διας,
823 1732 858 1797 μ’,
897 1739 968 1814 Περὶ
997 1739 1127 1816 διαδοχῆς
1153 1737 1306 1814 βουλευτοῦ
1430 1735 1462 1806 §-
1483 1732 1510 1793 9.
1532 1735 1590 1792 Tit.
1612 1731 1641 1789 8.
1663 1741 1755 1792 coust.
1777 1731 1806 1790 1.
1847 1737 1891 1794 De
1912 1735 2102 1794 successione
2123 1735 2153 1790 in
2177 1738 2244 1792 bona

396 1818 517 1896 ἄπαιδος
538 1823 567 1884 τό
587 1826 634 1882 καὶ
655 1824 760 1892 παῖδας
781 1819 891 1901 ἔχοντος
912 1827 996 1881 τοῦτο
1017 1821 1066 1898 μὲν
1086 1823 1223 1900 γνησίους,
1242 1827 1305 1881 τοῦ·
1347 1821 1467 1877 curialis
1490 1824 1529 1891 et,
1545 1820 1594 1889 qui
1610 1819 1718 1876 liberos
1732 1835 1789 1876 nou
1804 1821 1900 1890 habet,
1923 1827 1961 1891 et,
1974 1821 2024 1892 qul
2045 1821 2131 1876 habet
2146 1820 2243 1876 liberos

395 1933 428 1972 το
451 1909 478 1969 δὲ
499 1911 545 1968 καὶ
566 1903 674 1978 νόθους
695 1907 780 1984 φησιν
801 1903 817 1984 ή
840 1901 971 1976 διάταξις.
1000 1901 1152 1984 άναγνιόθη
1175 1907 1217 1984 (v.
1236 1901 1305 1966 άνά-
1346 1905 1450 1977 partim
1478 1904 1636 1980 legitimos,
1663 1905 1768 1976 partim
1798 1906 1927 1978 spurios,
1957 1901 2061 1980 (baec)
2083 1905 2244 1960 constitutio

395 1990 499 2076 γνωθι)
522 1985 571 2052 cdv
592 1987 679 2070 αὐτήν
699 1993 746 2050 καὶ
768 1985 818 2068 τήν
838 1986 1028 2069 πεντηκοστήν
1049 1990 1232 2068 compe)
1254 1995 1306 2054 τοῦ
1346 1991 1483 2060 loquitur.
1530 1989 1614 2063 Lege
1641 1990 1734 2064 igitur
1762 1989 1857 2061 ipsam
1886 1995 1917 2046 et
1943 1988 1995 2044 55.
2009 1985 2057 2064 (l)
2088 1989 2154 2046 eius
2175 1989 2243 2046 tituli

250 2088 256 2101 ¹
283 2123 302 2147 ,,
394 2091 429 2140 ης
451 2079 523 2138 διον,
1148 2085 1152 2094 ·
1346 2073 1593 2130 constitutionem.

268 2201 329 2244 aaa.
352 2199 377 2243 ι.
479 2163 501 2237 §-
528 2161 575 2224 ¹0·
601 2163 643 2220 Ti:
663 2155 688 2219 l'-
710 2161 781 2218 dm·
803 2151 895 2225 W)-
924 2159 998 2236 Περὶ
1020 2159 1148 2236 ἐπιλογής
1168 2164 1225 2219 τῶν
1245 2181 1305 2237 κιρ.
1432 2157 1463 2227 ς).
1485 2155 1534 2211 10.
1556 2158 1614 2214 Tit.
1636 2155 1686 2212 lt).
1708 2164 1799 2218 const
1822 2158 1850 2214 1.
1901 2162 1945 2216 De
1975 2158 2120 2214 electione
2148 2157 2179 2213 in
2205 2157 2245 2213 bis

395 2247 556 2306 δανθίντων
578 2240 637 2304 άπό
659 2249 710 2304 τοῦ
731 2237 841 2302 κάσσυυ
871 2243 912 2316 (v.
933 2237 1037 2317 aciaco)
1066 2247 1118 2302 τοῦ
1147 2239 1237 2321 γάμου
1258 2245 1305 2304 καὶ
1347 2241 1499 2313 facienda,
1538 2256 1613 2312 quae
1644 2257 1682 2298 ex
1702 2259 1774 2298 casu
1796 2244 1971 2300 matrimonii
1998 2243 2156 2299 lucrifacta
2177 2249 2248 2312 suut,

311 2372 318 2384 -
395 2331 458 2408 περὶ
486 2331 617 2408 διαδοχῆς
642 2331 698 2387 τῶν
725 2331 754 2386 ἐκ
780 2329 924 2404 προτίρων
953 2321 1049 2404 γάμων
1076 2331 1232 2406 τεχθίυτων
1258 2329 1305 2386 κα)
1347 2333 1377 2382 et
1404 2326 1441 2382 de
1467 2327 1656 2382 successione
1684 2342 1799 2400 corum,
1831 2330 1881 2400 qui
1908 2344 1945 2384 cn
1972 2328 2117 2398 prioribus
2146 2327 2247 2397 nuptiis

394 2409 698 2494 pRa.„„„,0'p0‚p²⁵a)
730 2418 777 2471 καὶ
805 2406 1031 2491 ,ξιιηιοοιιόνοιι
1065 2413 1150 2489 φησιν
1184 2407 1201 2490 η
1243 2407 1305 2472 διά.
1346 2411 1491 2482 prooreati
1512 2415 1596 2482 suut,
1619 2417 1647 2466 et
1668 2414 1923 2482 praeteritionibus
1945 2419 1976 2470 et
1997 2411 2247 2468 exhaeredationi-

394 2497 479 2570 τοξις,
1346 2497 1402 2552 bus
1427 2493 1530 2566 (baec)
1553 2496 1723 2551 constitutio
1745 2497 1882 2568 loquitur.

480 2575 837 2658 ξ.11,Διατ.τήαότή.
880 2573 985 2656 Μήτηρ
1012 2574 1117 2658 paim)
1141 2582 1303 2658 δευτερογα-
1430 2567 1534 2651 p'11.
1557 2581 1656 2636 Const.
1678 2581 1788 2638 cadem.
1820 2582 1929 2654 Mater,
1951 2597 2026 2653 quae
2048 2581 2084 2636 ad
2108 2578 2246 2636 secundas

394 2672 490 2746 μοῦσα
503 2671 531 2726 ἐκ
543 2666 730 2742 προτελευτής
744 2658 858 2723 πάντων
879 2669 936 2722 τῶν
954 2667 1062 2724 παίδων
1076 2659 1109 2724 τό
1125 2663 1153 2736 ἐξ
1168 2661 1304 2736 ἀπαιδίας
1346 2664 1464 2735 nuptias
1494 2677 1550 2718 uon
1578 2665 1699 2738 transit,
1728 2665 1755 2722 si
1781 2681 1881 2722 cmnes
1907 2668 1992 2723 liberi
2015 2667 2249 2738 praemoriuntur,

394 2753 530 2827 κερδαίνει
551 2745 702 2828 σύμφωνον
724 2751 752 2808 ἐκ
773 2751 823 2824 τῆς
844 2741 901 2825 πρό
923 2741 1014 2826 γάμου
1035 2751 1150 2828 δωρεάς.
1346 2749 1394 2829 id,
1421 2747 1498 2819 quod
1526 2763 1564 2804 cx
1585 2755 1671 2818 pacto
1694 2766 1750 2806 uon
1773 2751 1962 2808 existentium
1984 2751 2142 2808 liberorum
2165 2749 2248 2820 venit,

1347 2850 1384 2890 en
1412 2839 1480 2888 ante
1511 2833 1627 2904 nuptias
1650 2833 1806 2891 donatione
1828 2837 1966 2892 lucratur.

252 2942 311 2987 sev.
338 2938 378 2982 aa.
480 2921 505 2994 ξ.
534 2916 582 2982 12.
609 2918 692 2976 Διαπ.
720 2911 754 2996 β.
797 2907 922 2987 Ἔξεστιν
951 2929 1009 2987 τοῖς
1030 2919 1210 2988 συνοικεσίοις
1239 2913 1305 2989 νοός
1431 2918 1464 2988 §-
1485 2915 1535 2972 ta.
1557 2918 1657 2973 Const.
1679 2917 1707 2972 2.
1724 2949 1729 2954 -
1748 2921 1833 2976 Licet
1855 2921 2041 2995 coniugibus,
2064 2919 2090 2975 si
2111 2917 2196 2992 leges
2217 2915 2250 2972 de

395 3007 460 3084 περ)
486 3005 597 3078 ridell)
625 2996 721 3080 γάμων
748 3000 794 3060 καὶ
823 2995 976 3061 διαλόσεωυ
1007 2999 1101 3061 αὐτῶν
1134 3005 1179 3061 κα)
1208 2998 1304 3062 νάσων
1345 3003 1456 3072 nuptiis
1477 3007 1506 3057 et
1526 3017 1625 3058 earum
1648 3001 1889 3061 dissolutionibus
1912 3013 1941 3062 ct
1961 3006 2080 3060 casibus
2100 3003 2178 3058 latas
2198 2999 2250 3058 ob-

394 3083 638 3170 ιμυλόττουσινῖἵ)
661 3080 770 3163 νόμους,
798 3081 837 3154 ιός
857 3081 1014 3163 βούλονται,
1036 3089 1237 3159 διατίθεσθαι,
1258 3085 1303 3146 od·
1346 3091 1479 3158 servent,
1502 3102 1552 3158 ec,
1575 3101 1632 3156 quo
1655 3088 1761 3162 velint,
1791 3089 1875 3146 modo
1898 3091 2018 3159 testari,
2046 3089 2088 3145 ita
2113 3093 2147 3144 ut
2177 3085 2250 3142 nulla

394 3168 473 3242 διυός
493 3171 633 3241 θείυυδθ)
656 3165 746 3228 τόπου
772 3166 790 3248 ή
813 3165 995 3246 προστάξεως
1015 3167 1130 3249 άρχικής
1151 3174 1303 3248 δυναμένου
1345 3186 1430 3228 sacra
1457 3174 1551 3226 forma
1580 3175 1631 3227 aut
1659 3179 1845 3245 praeceptum
1872 3175 2063 3248 magistratus
2090 3177 2251 3228 testamen-

394 3256 559 3334 ἀνατρέπειν
593 3251 643 3331 τήν
675 3249 749 3312 κατὰ
782 3249 885 3332 νόμους
917 3259 1061 3333 γενομένην
1094 3251 1239 3334 διαθήκην.
1261 3289 1303 3300 -
1346 3261 1421 3320 tum,
1451 3255 1528 3328 quod
1557 3250 1716 3312 secundum
1745 3259 1830 3332 leges
1858 3261 1968 3315 tactum
1996 3265 2057 3330 est,
2086 3255 2252 3312 rescindere

399 3335 522 3414 Θανάτῳ
551 3340 734 3408 διαλυθέντος
760 3344 811 3398 τοῦ
839 3335 944 3416 γόμου,
980 3344 1021 3413 τῷ
1051 3336 1175 3418 περιόντι
1204 3339 1301 3416 [d]²⁹)
1345 3341 1448 3412 possit.
1476 3373 1518 3384 -
1546 3341 1667 3412 Nuptiis
1689 3349 1780 3398 morte
1802 3343 1942 3413 diremtis,
1972 3343 2010 3417 ei,
2038 3342 2088 3413 qui
2110 3345 2254 3412 superest,

394 3419 453 3486 άπό
468 3417 726 3501 τελευτήςοὶρμόσει
742 3418 830 3492 κάσος
842 3417 918 3482 κατά
931 3418 1165 3502 τήνδόναμινταῑν
1179 3429 1301 3503 γαμικῶν
1343 3425 1471 3496 lucrum,
1500 3424 1576 3494 quod
1604 3441 1642 3480 ex
1665 3441 1738 3484 casu
1764 3430 1865 3484 mortis
1888 3429 1979 3500 venit,
2010 3425 2175 3482 secundum
2200 3425 2254 3478 vim

396 3503 615 3587 asperrima-
642 3501 685 3566 Τά
706 3501 810 3584 γαμική
830 3509 912 3584 κε’ρδη
934 3511 990 3566 τῶν
1009 3504 1048 3585 μή
1070 3505 1301 3588 δευτερογαμοόυ-
1344 3515 1374 3565 ει
1395 3515 1566 3581 potestatem
1587 3511 1759 3580 nuptialium
1782 3519 1929 3582 praetorum
1950 3517 2104 3582 competet.
2128 3540 2168 3550 —
2193 3511 2255 3566 lar-

394 3615 450 3653 των
480 3597 508 3653 οἱ
536 3593 633 3661 παῖδες
656 3591 834 3661 διαδέξονται
869 3593 911 3661 (ν.
938 3591 1123 3669 διαδέξονται)
1151 3590 1225 3654 κατὰ
1252 3588 1303 3654 τόν
1344 3610 1395 3652 cra
1416 3595 1559 3665 nuptialia
1588 3610 1704 3666 eorum,
1734 3597 1783 3664 uui
1811 3597 1846 3652 ad
1875 3595 2020 3652 secundas
2048 3595 2170 3666 nuptias
2203 3609 2256 3648 non
2367 3646 2368 3669 η

394 3673 483 3738 τόπον
511 3681 563 3754 τῆς
592 3670 756 3746 διατάξεως,
788 3674 842 3734 arie
869 3677 1088 3754 κληρονομοῦσα
1114 3673 1180 3749 τοὺς
1207 3689 1303 3756 γονεῖς,
1345 3684 1507 3748 transeunt,
1528 3678 1614 3734 liberi
1636 3680 1795 3736 secundum
1817 3683 1938 3737 formam
1961 3680 2083 3756 (huius)
2107 3679 2257 3735 constitu·
2365 3740 2366 3761 η

393 3759 449 3822 εἴτε
470 3763 516 3820 καὶ
537 3754 583 3837 μή.
603 3759 608 3834 Ι
629 3758 811 3836 30)-Περὶ
834 3765 890 3820 τῶν
911 3756 1085 3838 πραγμάτων
1106 3768 1163 3822 τῶν
1185 3757 1302 3839 [γιή]31)
1346 3763 1434 3819 tionis
1463 3764 1626 3836 accipient,
1655 3765 1720 3820 sive
1743 3772 1893 3835 parentum
1916 3771 1984 3822 sunt
2007 3764 2172 3834 haeredes,
2195 3763 2257 3818 sire

394 3847 659 3924 δεντερογαμουσών
694 3837 750 3921 πρό
781 3845 832 3902 νόῦ
859 3839 1008 3922 πενθήμσυ
1038 3848 1080 3920 (v.
1107 3841 1302 3924 πενθίμου)ή
1345 3849 1433 3903 etiam
1457 3863 1522 3902 non.
1551 3881 1593 3891 —
1621 3850 1666 3904 De
1691 3850 1779 3904 rebus
1802 3865 1916 3922 earum,
1949 3865 2024 3920 quae
2052 3855 2122 3905 ante
2153 3861 2260 3904 aunum

392 3926 466 4010 μετὰ
494 3923 544 3988 τόν
573 3924 718 4004 πένθιμον
741 3923 867 3986 ἐνιαυτόν
888 3927 1056 4008 διατυποῑή
1078 3933 1159 4002 dmm,
1186 3936 1247 4001 πῶς
1268 3925 1305 3990 τά
1345 3931 1443 3988 luctus
1482 3937 1533 3988 aut
1561 3937 1627 4002 post
1658 3949 1723 3990 eum
1752 3951 1858 3990 anuum
1894 3935 1931 3990 ad
1964 3933 2112 3990 secundas
2143 3932 2259 4003 nuptias
2366 3960 2367 3971 ι

393 4017 512 4074 τοιαῦτα
534 4006 689 4090 πράγματα
711 4015 739 4071 ci
750 4013 848 4082 παῖδες
869 4014 1041 4092 διαδέχονται
1049 4039 1060 4086 ,·
1080 4047 1123 4058 —-
1144 4013 1206 4076 Είτι
1220 4016 1304 4074 πλέον
1346 4021 1514 4090 transeunt,
1546 4016 1654 4091 (haec)
1683 4019 1855 4076 constitutio
1876 4021 1987 4088 seneli,
2016 4016 2261 4090 quemadmodum

393 4092 536 4198 ἐπαιδόθη
559 4096 599 4172 (υ.
615 4090 755 4173 ἐπεδόθη)
777 4099 807 4154 ἐκ
820 4102 871 4156 τοῦ
885 4099 1171 4177 δευτερογαμίσαντνς
1191 4099 1304 4178 (vow-
1345 4101 1430 4157 liberi
1451 4102 1482 4156 in
1504 4100 1577 4158 tales
1600 4117 1648 4157 res
1670 4103 1838 4158 succedant.
1858 4133 1894 4145 -·
1922 4103 2026 4175 Siquid
2041 4103 2137 4174 pluris
2162 4101 2262 4157 datum
2366 4144 2368 4169 ,

394 4181 653 4261 τερογαμησαντος)
671 4177 718 4254 ³²)
746 4175 905 4258 προσώπου
932 4187 983 4242 τοῦ
1009 4187 1201 4263 παρεχομένου
1234 4180 1302 4262 παρ’
1346 4186 1385 4241 sit
1406 4187 1443 4242 ab
1466 4201 1501 4242 ea
1519 4201 1657 4258 persona,
1676 4203 1751 4257 quae
1773 4188 1808 4242 ad
1829 4189 1974 4244 secundas
1991 4187 2110 4259 nuptias
2134 4186 2265 4248 transiit,

392 4263 482 4326 αὐτοῦ
514 4266 551 4324 ἐν)
575 4268 631 4324 τῶν
658 4266 767 4323 παίδων
795 4260 827 4324 τό
851 4260 997 4345 ιλάχιστον
1017 4263 1122 4346 ἔχοντι,
1151 4271 1304 4328 ἐκδικοῦσιυ
1346 4285 1445 4340 quarn,
1468 4275 1607 4340 quantum
1629 4272 1666 4327 ab
1687 4287 1723 4326 ea
1745 4272 1795 4327 uni
1817 4289 1855 4328 ex
1875 4273 1993 4346 liberis,
2035 4273 2086 4344 qui
2108 4272 2265 4327 minimum

393 4353 422 4410 oi
441 4343 600 4428 εὐχάριστοι
622 4350 721 4418 παίδες
742 4343 816 4408 κατά
838 4343 889 4408 τόν
909 4343 999 4410 τόπον
1019 4356 1070 4428 τῆς
1091 4348 1302 4424 διατάξεως-
1345 4353 1442 4424 habet,
1464 4354 1562 4410 datum
1585 4361 1639 4426 est,
1660 4356 1738 4430 grati
1760 4357 1845 4412 liberi
1867 4356 1952 4432 (boc)
1976 4357 2131 4413 vindicant
2149 4369 2266 4412 secun-

393 4427 610 4512 Δευτερογαμόι
632 4434 674 4508 (v.
703 4433 927 4511 δευτερογοιμυῑν)
955 4431 1090 4513 όπατήρ
1118 4433 1302 4496 άπαιτείσθω
1344 4438 1411 4494 dum
1434 4440 1556 4495 t'crmam
1576 4439 1698 4514 (huius)
1721 4442 1947 4498 constitutionis.
1962 4473 2005 4484 -
2026 4443 2125 4513 Pater,
2151 4441 2209 4511 qui
2232 4437 2268 4492 ad

393 4512 475 4596 παρά
496 4523 549 4576 τοῦ
569 4519 739 4595 ληγαταρίου
761 4513 861 4588 παιδός
882 4513 932 4596 τήν
953 4515 1128 4598 λεγατόρουμ
1150 4515 1301 4600 σερβανδό·
1344 4523 1490 4578 secundas
1519 4525 1635 4594 nuptias
1672 4525 1793 4598 transit,
1828 4526 1942 4600 eogitcr
1971 4543 1989 4580 a
2018 4525 2078 4584 illic
2113 4525 2268 4600 legatario

393 4595 829 4682 pccpcicpdieccr³³),ctaalcd
841 4597 967 4678 μαό134)
982 4598 1301 4683 ταόιηνίπιτῆςπροτό
1344 4607 1506 4681 legatorum
1539 4608 1748 4664 servandorum
1777 4625 1884 4666 caussa
1913 4609 2074 4682 satisdare,
2104 4611 2170 4667 etsi
2194 4611 2271 4667 haec

392 4707 446 4764 ρας
466 4687 554 4763 μίνων
575 4681 711 4763 εόνήςθὸ)
735 4682 785 4744 οὐκ
806 4682 973 4746 άπαιτεῖται.
993 4719 1026 4728 -
1051 4689 1125 4768 Περὶ
1146 4694 1301 4748 τῶνκαπα-
1345 4689 1478 4765 (cautio)
1505 4692 1554 4747 vel
1581 4694 1723 4762 maxime,
1771 4696 1797 4749 si
1819 4695 1849 4750 in
1871 4697 1963 4766 primo
1992 4696 2185 4752 matrimonio
2215 4709 2270 4747 ao-

392 4771 565 4848 ελιφθέντων
593 4771 665 4828 τισὶν
692 4769 737 4828 ἐπί
759 4773 863 4848 αι’ρίσει
890 4776 941 4831 τοῦ
964 4766 1023 4850 [μή]
1032 4770 1078 4848 ³⁰)
1101 4773 1301 4854 δευτερογαμή-
1345 4776 1493 4848 quiescat,
1531 4792 1588 4832 non
1618 4777 1765 4852 exigatur.
1787 4809 1830 4821 -
1852 4781 1896 4838 lle
1915 4781 1963 4852 iis,
1986 4795 2060 4850 quae
2083 4778 2271 4852 quibusdam

1343 4860 1448 4917 relicta
1476 4865 1546 4916 suot
1567 4861 1622 4918 sub
1644 4861 1830 4936 conditione,
1857 4870 1890 4922 ut
1911 4863 1948 4920 ad
1971 4863 2121 4922 secundas
2146 4865 2272 4936 nuptias
2369 4876 2371 4899 ν

270 2640 329 2682 Nou.
352 2637 376 2681 2.

460 5154 505 5216 18)
523 5154 614 5204 codex
631 5153 692 5203 εἴτε.
783 5151 832 5215 11)
857 5153 909 5204 Pro
927 5154 966 5220 εἴη
984 5156 1076 5206 Codex
1093 5157 1171 5207 babet
1188 5161 1218 5207 εἴ.
1306 5157 1354 5219 ld)
1371 5161 1460 5211 Malim
1478 5165 1602 5212 111111.
1621 5162 1753 5214 eccard.
1771 5164 1823 5228 leg.
1841 5163 1928 5228 κτήσει
1945 5159 2092 5230 τῆςαότῇς
2109 5161 2273 5232 coenatica
2371 5139 2374 5244 ή

394 5225 438 5280 16)
467 5223 557 5274 deex
586 5220 758 5271 διδανικυῖσιτ.
853 5222 898 5283 17)
916 5222 969 5272 Pro
997 5219 1085 5289 ήτών
1109 5225 1201 5275 Codex
1229 5227 1306 5276 babet
1329 5223 1345 5291 ἢ
1367 5230 1427 5278 τῶν.
1522 5229 1565 5295 18)
1589 5231 1642 5280 Pro
1668 5231 1841 5300 πραετερότνιν
1864 5233 1956 5284 Codex
1984 5233 2063 5282 trahet
2085 5231 2279 5300 πραετωρόιντ.
2371 5271 2372 5281 ι

391 5287 436 5352 111)
454 5292 656 5372 Αδηαιοτςιυιιια
672 5286 830 5358 παραβάται
847 5288 891 5337 καὶ
908 5285 1030 5370 ἀκλήρων,
1049 5305 1114 5354 qtrae
1132 5297 1175 5342 est
1192 5293 1296 5343 Graeca
1313 5295 1464 5347 Latinarum
1480 5309 1577 5348 vocum
1594 5302 1789 5362 interpretatio.
1851 5301 1901 5357 20)
1919 5301 2010 5350 codex
2026 5297 2144 5350 παιδων.
2230 5296 2280 5352 21)
2371 5300 2374 5396 η

391 5359 445 5408 l‘rc
462 5356 506 5406 ἐπι
524 5357 591 5424 ῥητῷ
610 5357 701 5406 Codex
725 5357 802 5406 babet
824 5353 950 5422 ίπηρετμ.
1024 5360 1072 5418 22)
1089 5359 1182 5422 lnctptt
1198 5362 1245 5410 iol.
1265 5363 1325 5412 121.
1350 5367 1376 5412 Β.
1462 5364 1509 5425 28)
1528 5368 1572 5415 Sic
1586 5366 1685 5416 Codex.
1727 5369 1763 5416 at
1786 5370 1850 5417 baec
1872 5369 2015 5418 manifesto
2038 5373 2103 5414 suut
2133 5373 2281 5426 corrupta.

393 5427 450 5474 lloc
467 5428 537 5474 enlm
558 5425 636 5474 dccet
659 5431 715 5474 tcta
734 5423 801 5472 tituli
818 5424 845 5470 8·
869 5426 1035 5474 constituero.
1092 5427 1139 5489 24)
1163 5429 1215 5478 Pro
1239 5431 1273 5478 τι
1292 5427 1318 5477 ι’.
1338 5428 1407 5480 διον.
1425 5429 1460 5480 α’.
1479 5431 1661 5484 codexlrabec
1677 5437 1712 5484 τι.
1731 5433 1761 5483 δ.
1780 5434 1848 5484 dm.
1867 5433 1898 5493 ς’.
1951 5433 2015 5497 eea)
2033 5433 2133 5484 Codex
2153 5449 2281 5506 πραετε-

394 5491 469 5556 ρίτιιι
486 5493 571 5572 babet.
606 5493 685 5540 Male.
721 5492 787 5540 Nam
805 5493 844 5539 tit.
864 5489 907 5538 10.
926 5498 1012 5540 conse
1032 5493 1057 5542 1.
1076 5507 1129 5544 uon
1147 5496 1180 5544 de
1197 5497 1290 5545 liberis
1307 5501 1377 5561 agit,
1408 5513 1500 5548 verum
1530 5501 1563 5550 de
1586 5509 1672 5550 matre
1697 5507 1845 5562 praeterita
1873 5503 1915 5552 vet
1939 5502 2133 5552 extraercdat-a.
2214 5497 2284 5560 2511)

392 5559 453 5608 t'cx
469 5559 718 5622 necessetate.
743 5563 828 5607 const.
860 5556 881 5606 l.
974 5559 1022 5621 26)
1040 5561 1100 5609 ch
1122 5564 1173 5610 aeia
1190 5565 1267 5612 deest
1284 5567 1323 5613 tlt.
1348 5566 1537 5616 12111112
1629 5567 1745 5628 evicit.
1765 5571 1955 5626 iocansne.
1976 5567 2285 5626 Ιιοιιειτυλιίττοντας.

392 5627 439 5682 28)
458 5626 509 5674 Prc
527 5624 606 5674 dalea
623 5625 715 5676 Codex
732 5627 811 5674 babet
828 5625 920 5673 θετοῦ.
955 5627 1052 5676 Verum
1072 5631 1147 5686 θεῖος
1164 5637 1206 5679 est
1223 5634 1264 5679 tit.
1289 5631 1330 5682 lo.
1353 5641 1439 5682 const.
1462 5636 1488 5684 2.
1556 5634 1603 5698 29)
1620 5635 1674 5685 Pro
1691 5635 1824 5705 περιόντι,
1847 5641 1915 5702 quod
1933 5645 1977 5688 est
1994 5641 2032 5686 tit.
2057 5635 2103 5685 10.
2128 5641 2229 5685 const.
2248 5635 2285 5686 2..

370 5693 484 5766 ¹(iodea
503 5691 578 5742 habet
596 5692 695 5759 περιόν.
731 5691 866 5742 articulus
890 5699 977 5742 actem
996 5695 1046 5744 lrcc
1069 5695 1129 5746 loco
1154 5698 1249 5747 deesse
1272 5703 1376 5763 nequit,
1398 5713 1552 5766 quamquam
1569 5707 1596 5754 tn
1614 5703 1713 5754 Codice
1736 5718 1790 5755 non
1812 5713 1930 5770 apparet.
1970 5706 2059 5768 Neque
2076 5716 2145 5754 vox
2167 5699 2288 5754 ddecet

393 5765 434 5810 tit.
454 5760 496 5809 10.
515 5763 600 5808 const.
619 5761 646 5809 2.
715 5760 763 5824 80)
780 5760 876 5823 incipit
893 5761 938 5810 iol.
958 5761 1018 5811 126.
1037 5763 1070 5810 Δ.
1139 5763 1186 5823 ei)
1205 5766 1265 5814 Vox
1282 5763 1317 5831 μή
1336 5771 1363 5818 in
1381 5767 1481 5819 Codice
1498 5771 1583 5834 deest,
1607 5785 1711 5828 verum.
1728 5777 1787 5836 quta
1805 5778 1894 5825 tenori
1916 5777 1957 5823 111.
1982 5773 2025 5822 10.
2048 5775 2149 5820 const.
2181 5772 2211 5820 2.
2240 5783 2289 5818 re-

394 5833 498 5892 pugnat,
516 5831 590 5876 trucis
607 5839 623 5874 a
641 5829 717 5878 nobis
734 5829 837 5877 inclusa
854 5833 905 5877 cst.
941 5829 979 5877 Ad
997 5833 1143 5892 marginem
1159 5831 1267 5883 Codicis
1289 5835 1350 5898 περὶ
1374 5835 1533 5905 πραγμάτων
1554 5839 1607 5888 τόν
1629 5838 1665 5904 μή
1691 5837 1946 5910 δευτερογαμυόντιιν
1968 5837 2020 5909 πρὸ
2043 5839 2095 5888 τοῦ
2124 5835 2288 5903 πειθήνιον

393 5895 456 5958 (leg.
474 5893 619 5970 πινδίμμυ)
635 5893 740 5964 χρόνου.
810 5897 860 5956 82)
880 5895 973 5946 Codex
993 5885 1237 5968 deotcpopffioartoc.
1309 5903 1355 5967 ec)
1374 5905 1427 5953 l‘ro
1444 5901 1590 5963 ductilem
1608 5906 1700 5956 Codex
1717 5909 1794 5958 babet
1813 5907 1964 5968 α’σςαλειάυ.
2034 5903 2081 5964 24)
2105 5908 2162 5956 Sic
2177 5905 2291 5958 Codex.

393 5965 467 6026 laege
483 5957 518 6010 τά
539 5959 662 6020 μαλιστα.
703 5964 818 6025 Utraque
844 5975 899 6012 vox
920 5965 997 6014 deest
1019 5968 1060 6014 tn.
1084 5965 1126 6018 10.
1153 5973 1239 6018 const.
1258 5969 1283 6018 fl.
1359 5969 1406 6036 ee)
1424 5973 1477 6023 Pro
1501 5971 1577 6038 εὐνῆς
1595 5973 1687 6026 Codex
1704 5977 1779 6028 lilibet
1798 5977 1842 6026 tu.
1912 5975 1959 6040 co)
1976 5975 2038 6026 Vox
2057 5967 2097 6037 μὴ
2132 5976 2197 6026 hoo
2224 5975 2292 6024 1⁰0⁰

393 6034 420 6082 ln
444 6030 542 6080 Codice
560 6029 651 6093 deest,
674 6041 769 6079 verum
792 6033 887 6080 extit.
915 6031 959 6082 to.
987 6035 1124 6086 101112.
1147 6035 1291 6099 supplenda
1318 6045 1385 6089 erat.
