4784 7068
678 555 1320 628 nov.1usr1mr1r.
1366 553 1427 622 m.
1925 551 2004 624 199

167 747 306 834 ἁρμόζοντα
314 749 371 828 ⁷⁸).
396 749 605 830 caperonem)
627 754 657 811 ἐκ
680 753 728 831 τῆς
749 745 915 824 διατάξεως,
938 742 982 812 ὅτι
1003 752 1051 811 καλ
1093 751 1132 806 tis
1145 750 1173 806 ei
1185 753 1360 820 competunt.
1381 747 1460 805 Nota
1475 761 1513 804 ex
1525 743 1615 821 (liae)
1623 747 1843 822 constitutione,
1862 752 1892 804 et
1906 745 2003 804 dotem

169 837 183 918 ι)
198 833 270 918 spor}
290 838 337 898 και
358 833 375 915 ῆ
397 832 455 914 πρὸ
475 829 566 916 γάμου
586 830 679 917 δωρεά
701 837 928 918 συμψηιμιζονται
957 840 995 908 εις
1016 831 1049 896 τὸ
1094 839 1123 890 et
1137 839 1205 889 ante
1233 835 1351 906 nuprtias
1372 831 1556 888 donatiouem
1578 831 1608 886 iu
1632 833 1824 904 quantitatem
1851 831 2003 906 legitimae

166 920 239 984 ποσὸν
261 928 312 982 τοῦ
332 924 448 1000 νομέμου
469 924 577 1002 μέρους.
1092 919 1235 992 portionis
1256 917 1424 988 computari

231 1009 256 1080 §.
276 1004 306 1070 3.
333 1009 375 1066 Ta·
401 1002 436 1084 β
447 1004 495 1081 ⁸⁰)
528 1007 599 1064 διατ.
621 998 655 1083 γ’.
691 999 730 1066 Τό
760 1005 951 1084 καταλειφθὲν
972 1000 1050 1084 λιγά-
1135 1002 1167 1075 9.
1188 1001 1217 1056 8.
1239 1004 1297 1058 'rio
1318 1001 1347 1056 8.
1368 1005 1460 1059 const.
1481 997 1510 1054 ³.
1558 999 1703 1072 Legatum
1726 999 1844 1060 Cbrlsto
1866 1001 1921 1056 deo
1942 1006 2131 1056 no-i'ot·.1³t·

166 1091 250 1165 narii)
273 1095 395 1170 Χριστῷ
416 1093 457 1164 τῷ
485 1093 547 1163 θεῷ
569 1087 647 1168 η’μάν
677 1081 821 1168 η’τιιιθι)
850 1095 908 1150 τῶν
928 1088 1051 1170 ἀγγέλων
1094 1092 1154 1144 stro
1177 1087 1312 1142 relictum
1339 1091 1389 1142 aut
1410 1084 1500 1140 alicui
1528 1099 1565 1138 ex
1594 1085 1709 1158 angelis
1738 1092 1789 1140 aut
1815 1084 2003 1155 martyribus,

165 1170 352 1254 ῆμτρτάρων,
381 1173 436 1234 εἴτε
457 1169 603 1251 ὁνομαστῆ
628 1173 671 1250 (ν.
700 1170 849 1252 ὀνομαστὶ)
872 1172 926 1234 εἴτε
948 1170 1052 1236 ἀνιόντι.
1095 1173 1160 1228 sive
1181 1172 1365 1242 nominatim,
1394 1171 1459 1224 siva
1482 1168 1592 1238 absque
1614 1171 1739 1240 nomine,
1762 1169 2003 1240 quemadmodum

164 1282 208 1340 μσς
225 1254 447 1337 (νάνωνάμως),
468 1263 530 1327 πῶς
551 1255 604 1336 γρῆ
623 1253 838 1335 μεθοδεάεσθαι
857 1261 905 1318 καλ
925 1258 1052 1334 rici-7⁸³)
1094 1257 1155 1328 peti
1184 1255 1289 1310 debeat
1310 1262 1340 1310 et
1367 1256 1472 1324 quibus
1502 1252 1565 1306 dari
1595 1251 1774 1328 (oporteat),
1797 1251 1905 1326 (baec)
1927 1267 2003 1308 coa-

163 1347 340 1424 σιηιχεσθαι,
368 1345 453 1421 φησιν
473 1339 491 1420 ἡ
512 1339 638 1414 διάταξις
649 1342 705 1420 ⁸⁴).
726 1375 768 1386 -
789 1339 876 1404 Κανὰ
895 1338 945 1404 τὸν
965 1338 1054 1403 νῆσοι
1095 1341 1209 1396 stitutio
1232 1340 1359 1395 dicit.-
1373 1337 1539 1395 Secundum
1561 1337 1682 1392 formam
1705 1338 1828 1412 (liuius)
1856 1336 2004 1394 constitu·

163 1435 205 1508 τῆς
222 1424 370 1499 διατάξεως
389 1433 394 1498 1
413 1425 460 1502 ⁸⁵)
483 1424 687 1528 ἀναγκαζέσθω
714 1422 920 1506 ὁκληρονόμος
949 1424 1054 1505 κτῆζειι
1097 1425 1185 1482 tionis
1220 1425 1325 1480 haeres
1357 1424 1512 1480 aedincare
1545 1421 1675 1494 cogitet,
1716 1440 1800 1494 quarn
1828 1424 1928 1478 iussus
1958 1425 2004 1478 est

163 1513 198 1590 (v.
214 1514 339 1588 κτίζειν),
367 1507 400 1571 ὃν
421 1517 609 1590 προσεταχθη
635 1505 763 1572 ἀπὸτοῦ
788 1507 958 1590 τεστάτορος
979 1506 1055 1572 οἶκον
1097 1508 1287 1584 (aedificare)
1309 1525 1327 1564 a
1355 1513 1494 1564 testatore
1515 1504 1628 1560 domum
1650 1509 1847 1564 uenerabilem
1874 1511 1925 1562 aut
1946 1521 2004 1561 no-

161 1600 196 1674 (v.
214 1593 298 1670 οἶκον)
321 1594 461 1674 εάαγῆθθ)
486 1589 502 1672 ἢ
531 1589 697 1672 νοσοκδμιον
724 1600 765 1673 (v.
793 1599 993 1675 νοσοκομεῐον.)
1012 1627 1055 1638 -
1097 1594 1307 1650 socomium.-
1324 1587 1567 1660 Quemadmodum
1589 1591 1650 1660 peti
1670 1591 1787 1659 debent,
1808 1597 1838 1647 et
1859 1608 1877 1646 a
1898 1590 2004 1662 quibus

160 1686 221 1752 Πῶς
238 1687 292 1762 χρῆ
313 1677 501 1739 ἀπαιτεῖσθαι
528 1683 576 1739 sal
603 1677 660 1741 ὑπὸ
681 1679 817 1755 τένωνθῐ)
847 1676 883 1740 τά
905 1685 943 1751 εἰς
964 1675 1055 1740 διάδο·
1096 1679 1213 1752 legata,
1239 1693 1314 1748 quae
1335 1679 1438 1734 relicta
1459 1680 1529 1732 sunt
1551 1673 1588 1728 ad
1609 1675 1840 1733 distributionem
1863 1674 2005 1746 pauperi-

159 1788 198 1827 σιν
215 1771 332 1844 πτωχῶν
353 1759 368 1844 ι)
391 1759 527 1842 ἀτάρυσιν
549 1763 590 1844 (ν.
615 1759 783 1844 ἀνάρρυσιν)
805 1759 988 1844 αἰχμαλώτων
1006 1787 1056 1824 κα·
1097 1764 1153 1819 bus
1174 1762 1338 1818 taciendam
1367 1767 1418 1818 aut
1446 1759 1627 1832 captivorum
1648 1756 1896 1832 redemptionem?
1922 1759 2004 1816 lutra

158 1853 338 1928 ταλκιφθέντα
359 1843 540 1926 ληγάταθθ);
568 1846 636 1909 ιῖσω
656 1853 749 1928 μηνῶν
771 1843 803 1920 ἓξ
828 1853 880 1926 τῆς
906 1853 1057 1926 ἐμφανείας
1099 1863 1154 1904 sex
1175 1863 1290 1903 meuses
1307 1863 1324 1902 a
1344 1851 1512 1905 testamenti
1529 1849 1727 1922 publicatione
1747 1847 1906 1902 solvuntor.
1949 1843 2002 1900 Sin

156 1917 919 2013 τῆςδιαθῆκηςκαταβαλέσθῶ(ν.ιιαταβαλλέσθω)89).
934 1939 961 1993 εἰ
973 1928 1057 2012 δὲμῆ,
1099 1933 1206 2004 minus,
1226 1933 1263 2004 ic,
1285 1932 1403 2001 quillis
1425 1934 1568 2008 (legatis)
1588 1939 1725 1990 oneratus
1748 1935 1808 2002 est,
1836 1931 1951 1984 fructus
1974 1933 2002 1984 et

155 2015 287 2088 dardanae
307 2019 494 2096 βεβαρημένος
513 2013 694 2097 καρποάςθθ)
713 2018 761 2076 καλ
780 2012 881 2089 τόκους
895 2015 989 2078 αὐτῶν
1011 2019 1058 2078 καλ
1099 2031 1205 2073 usuras
1234 2017 1363 2087 ipsorum
1391 2022 1420 2071 et
1448 2021 1635 2076 accessiones
1664 2017 1808 2072 restituet.
1857 2015 2002 2086 Legatum

153 2099 332 2181 έπαυξῆματα
344 2095 515 2182 προσδώσει.
541 2097 574 2162 τὸ
592 2100 782 2178 καταλειφθὲν
794 2098 1058 2182 εὐαγέσιν91)οάιοις
1100 2101 1222 2170 annale,
1269 2100 1346 2170 quod
1380 2105 1599 2160 venerabilibus
1635 2102 1768 2158 domibus
1797 2099 1930 2154 relictum
1958 2101 2004 2152 est

152 2181 367 2266 ῆυυστῆμασιν
388 2180 503 2246 ἀνάλιον
525 2186 566 2264 (ν.
595 2181 794 2262 ἀννάλιον)”θ)
824 2181 996 2266 tepescam)
1018 2179 1057 2266 μῆ
1100 2189 1151 2240 aut
1178 2185 1328 2257 collegiis,
1359 2201 1396 2240 ne
1417 2187 1575 2256 alienator,
1608 2188 1666 2244 nisi
1692 2184 1852 2242 secundum
1881 2180 2004 2256 (liuius)

150 2275 334 2342 έκποιεέσθω,
361 2275 388 2332 ιλ
412 2265 450 2348 μῆ
472 2267 546 2329 κατά
568 2266 618 2330 τὸν
638 2265 726 2330 admon
753 2275 804 2348 τῆς
825 2267 984 2343 διατάξεως.
1015 2303 1057 2318 -
1099 2269 1317 2324 constitutionis
1339 2270 1468 2326 sormam.
1485 2301 1525 2316 -·
1547 2271 1687 2344 Episcopi
1728 2275 1757 2326 et
1793 2266 2004 2324 venerabilium

146 2358 183 2417 Ol
198 2358 349 2420 ὀπέσκοποι
369 2357 425 2428 καλ,
448 2360 476 2414 σι’
502 2356 636 2434 διοικηταὶ
657 2358 714 2415 τῶν
734 2351 842 2434 εὐαγάν
870 2354 953 2416 οἴκων
980 2351 1055 2434 ῆθθ)
1098 2353 1213 2410 aedium
1236 2355 1283 2410 vel
1306 2353 1494 2427 collegiorum
1508 2357 1758 2412 administratores
1772 2370 1816 2422 ea,
1838 2367 1913 2424 quae
1935 2353 2003 2406 ante

149 2434 337 2518 συστημάτων
363 2434 401 2500 τά
428 2433 486 2539 πρὸ
515 2443 566 2518 τῆς
594 2434 753 2518 διοικήσεως
785 2435 874 2518 ἢσῆς
903 2445 1057 2517 ἐπισκοπῆς
1098 2438 1379 2494 administrationem
1407 2445 1457 2495 aut
1487 2442 1687 2512 episcopatum
1717 2438 1954 2508 acquisiverunt,
1975 2437 2005 2489 et

146 2527 334 2602 dnmpdtnoe
360 2525 416 2596 aci,
445 2545 503 2584 οσα
535 2527 563 2583 έν
594 2535 657 2593 ταῖς
678 2519 844 2602 διοικῆσεσιν
871 2526 917 2584 acl
945 2527 1055 2584 ἐσισασ-
1097 2537 1142 2594 ea,
1163 2537 1239 2592 quae
1260 2523 1327 2578 dum
1355 2523 1385 2577 in
1407 2523 1707 2582 administrationibus
1737 2529 1765 2578 et
1788 2520 2005 2592 episcopatibus

146 2621 216 2678 σαῖς
250 2601 330 2678 ὄντες
358 2612 387 2666 ἐκ
420 2609 549 2686 τελευτῆς
584 2607 739 2680 διεδέξαντο
767 2612 826 2668 τῶν
852 2612 932 2688 μέχρι
957 2611 1055 2688 τρίτου
1096 2611 1174 2678 sunt,
1196 2623 1234 2662 ex
1254 2611 1345 2662 morte
1366 2623 1461 2678 usque
1482 2609 1519 2664 ad
1540 2611 1657 2666 tertium
1678 2608 1800 2682 graiium
1815 2611 2005 2680 cognatorum

145 2691 321 2772 ssudpvt'r95)
349 2697 502 2771 συγγενῶν,
541 2687 583 2764 οἷς
611 2694 775 2772 βουλανται,
802 2697 1002 2772 παρεχέτωσαν
1027 2692 1058 2753 sl
1099 2697 1291 2762 acceperunt,
1319 2691 1426 2762 quibus
1455 2694 1565 2767 velint,
1601 2699 1630 2750 et
1652 2693 1833 2750 conceduuto
1862 2695 1892 2746 et
1912 2688 2008 2744 relin-

145 2779 194 2838 ιιαλ
222 2777 511 2854 καταλιμπανέτωσαν
525 2777 580 2854 ⁹⁶).
630 2771 667 2837 τά
701 2773 755 2858 γάρ
764 2775 811 2852 ⁹⁷)
838 2779 922 2858 χωρὶς
949 2771 1058 2838 τούτων
1099 2780 1219 2846 quanto.
1247 2777 1328 2843 Quae
1344 2776 1420 2832 enim
1443 2783 1559 2848 praeter
1579 2779 1654 2834 haec
1675 2777 1820 2848 acquisita
1843 2777 1921 2846 suut,
1942 2773 2008 2828 sive

147 2864 299 2939 κτηθέντα,
319 2859 375 2920 εἴτε
396 2863 426 2920 ἐκ
447 2863 579 2940 διαδοχῆς
600 2865 739 2940 συγγενῶν
759 2867 816 2922 τάν
836 2857 909 2941 μετά
930 2857 980 2922 τὸν
1000 2863 1057 2940 spt-
1100 2875 1138 2916 ex
1159 2861 1349 2916 successione
1378 2870 1584 2936 cognatorum,
1613 2863 1662 2934 qui
1690 2863 1766 2917 ultra
1794 2860 1911 2916 tertium
1933 2872 2008 2930 gra-

148 2967 199 3004 τον
225 2940 398 3024 βαθμόνθθ)
427 2941 481 3005 εἴτε
508 2944 577 3006 καθ’
605 2943 700 3024 ἕτερον
728 2941 849 3024 τρόπον,
881 2944 965 3022 atim)
994 2943 1055 3007 κατ’
1099 2943 1259 3018 dumsunt,
1283 2945 1348 3000 sive
1360 2946 1418 3001 alio
1432 2947 1525 3020 modo,
1547 2948 1694 3004 ecclesiae
1709 2961 1817 3015 eorum,
1830 2943 1897 3018 (ubi
1911 2941 2005 3014 suut)

151 3027 289 3106 αάτοάςί)
303 3031 445 3108 έκκλησιαι
465 3029 645 3102 διαδέξωνται
666 3029 707 3106 (ν.
724 3027 906 3101 διαδέξονται.
934 3027 1057 3101 τάςτῶν
1099 3029 1228 3086 locorum
1250 3029 1376 3100 capient.
1417 3033 1644 3105 Episcoporum,
1672 3033 1722 3103 qui
1745 3031 1810 3084 sinc
1831 3027 2008 3084 haeredibus

154 3108 347 3193 ἀδιαδδγωνθ)
368 3117 416 3172 καὶ
436 3111 596 3174 ἀδιαθέτων
617 3109 778 3192 ἐπισκόπων
797 3115 843 3175 καὶ
863 3116 1058 3194 κληριιιάνκαλ
1100 3120 1130 3170 et
1175 3114 1309 3169 intestati
1359 3115 1537 3182 moriuntur,
1600 3123 1629 3172 et
1665 3115 1836 3172 clericorum
1876 3115 1905 3167 et
1933 3109 2008 3165 reli-

156 3199 255 3260 )‚001057
275 3195 472 3276 γιηαααῶσθιι)
494 3196 746 3279 „mummi-lb)
768 3194 829 3260 „ai
844 3197 946 3270 αὐασὺς
967 3201 1058 3278 anniq-
1101 3213 1221 3269 quorum
1258 3198 1442 3255 sacerdotum
1481 3202 1661 3256 substantias
1698 3201 1827 3271 ipsorum
1860 3181 2007 3254 acclesiae

161 3285 215 3342 σέαι
233 3283 457 3362 νληρονομοδσιν.
1100 3283 1293 3340 baereditatis
1321 3285 1436 3339 nomiae
1457 3286 1615 3356 accipiunt.

236 3367 307 3439 94.
334 3370 376 3426 Τι’.
397 3362 429 3445 γ’.
451 3368 522 3428 διατ.
543 3361 578 3448 β.
599 3368 646 3428 sal
671 3363 704 3447 γ’.
725 3369 871 3429 Διαδυποῑ
894 3364 911 3446 ἡ
934 3361 1059 3438 διάταξις
1185 3365 1216 3439 9.
1237 3364 1266 3422 i.
1289 3369 1387 3424 Coust.
1410 3367 1439 3424 2.
1453 3374 1482 3425 et
1498 3369 1526 3423 8.
1548 3369 1660 3442 (liaeo)
1683 3365 1854 3424 constitutio
1868 3379 1912 3434 ea,
1932 3375 2069 3434 quaesov,
2081 3378 2138 3426 129,

159 3445 260 3594 ηῆαῆθ)
288 3452 352 3532 περὶ
382 3456 432 3527 τῆς
458 3455 515 3513 τῶν
540 3456 716 3533 Σαμαριαάν
747 3453 788 3533 (ν.
815 3449 1018 3532 Σαμαρειτῶν)
1027 3449 1056 3528 ⁵)
1100 3451 1138 3508 ad
1159 3452 1369 3508 Samaritarum
1389 3454 1606 3510 successionem
1635 3454 1792 3524 pertinent,
1819 3448 1924 3506 saucit.

219 3557 234 3595 θ
267 3558 288 3606 G·

233 3555 266 3692 {i
286 3617 312 3682 [a
346 3622 387 3679 ii:
418 3613 450 3678 δ.
472 3619 543 3678 διατ.
571 3611 623 3698 κβ.
653 3618 699 3681 At
731 3615 903 3692 ὑποστάσεις
933 3624 990 3682 τάν
1012 3613 1058 3682 διά
1185 3619 1217 3693 9.
1244 3617 1274 3676 θ.
1301 3619 1360 3677 'ric
1387 3617 1418 3676 d.
1446 3619 1538 3678 const.
1565 3619 1615 3676 99.
1670 3619 1859 3676 substantiae
1894 3619 2059 3686 eorum-ior
2084 3615 2124 3662 ιι.

158 3725 183 3762 τι
191 3706 216 3777 ὅ)
238 3699 357 3782 ἔγκλημα
377 3697 499 3776 θανάτῳ
521 3695 538 3778 ἦ
567 3697 697 3781 δημεύσει
717 3702 901 3782 ὑποκειμένων
922 3716 982 3775 τοῖς
1001 3728 1059 3766 κα·
1100 3703 1150 3776 qui
1171 3709 1288 3777 propter
1308 3705 1426 3776 aliquod
1448 3705 1587 3762 delicium
1608 3705 1692 3762 morti
1719 3704 1767 3760 vel
1789 3704 1928 3760 bonorum
1948 3715 2008 3770 pu-

157 3791 258 3848 nmicn
276 3785 370 3847 αὐτῶν
390 3784 583 3868 ἀρμοζέτωθλι)
605 3783 695 3868 ἢτοϊς
707 3786 832 3850 ἀνιοῦσιν
852 3789 956 3871 [καλ]7)
978 3793 1059 3870 μέχρι
1099 3789 1251 3847 blicationi
1272 3790 1398 3846 subiecti
1420 3795 1498 3861 sunt,
1520 3790 1557 3845 ad
1580 3805 1680 3846 eorum
1702 3787 1914 3844 descendentes
1935 3797 2007 3855 per-

156 3873 250 3950 τρίτου
268 3873 394 3952 βαθμοῦ.
1101 3875 1213 3932 tinento
1228 3873 1327 3930 autad
1343 3873 1555 3932 adscendentes
1573 3873 1720 3944 usquead
1738 3871 1855 3930 tertium
1874 3868 2008 3944 gradum.

237 3954 307 4030 §.fi
335 3948 427 4016 it'e'.
448 3957 519 4015 διατ.
548 3950 585 4036 β’.
617 3950 661 4018 Τά
681 3952 819 4038 λιτιγιάσα
840 3951 996 4038 πράγματα
1024 3953 1059 4018 ed
1184 3957 1216 4030 9.
1239 3956 1563 4018 6.’1“1ι.δ.εοιιει.9.
1605 3959 1830 4032 ileslitigiosas
1853 3969 1910 4012 nou
1932 3959 2140 4025 pro-teutis-

154 4035 303 4102 κωλύονται
338 4045 368 4100 αι’
391 4035 557 4118 κληρονόμοι
583 4036 657 4121 πρὸς
686 4039 807 4122 ἀλῆλους
836 4043 876 4119 (v.
904 4037 1057 4120 ἀλλήλους)
1099 4043 1237 4098 bibentur
1258 4043 1412 4114 haeredes,
1446 4045 1602 4116 quominus
1623 4045 1700 4100 iuter
1728 4057 1761 4098 se
1783 4040 1925 4096 dividant.
1973 4035 2007 4093 si

155 4125 330 4204 διαιρεισδεα.
359 4121 511 4203 λιτιγιάσου
525 4119 692 4204 πράγματος
707 4127 927 4206 ληγατευθέντος
941 4122 975 4187 τὸ
987 4125 1057 4188 ἀπο·
1098 4143 1148 4184 res
1169 4127 1302 4202 litigiosa
1322 4128 1423 4202 legata
1443 4129 1499 4202 sit,
1530 4129 1628 4185 exitus
1649 4125 1747 4201 (litis)
1774 4125 1811 4180 ad
1831 4121 2007 4198 legatarium

153 4209 271 4286 τέλσσμα
291 4204 377 4283 τὸνθ)
401 4201 569 4288 ληγατάριον
590 4206 655 4287 ὁρᾷ,
677 4204 749 4272 ὅθεν
768 4213 815 4272 καλ
836 4206 989 4279 δάναταιθ)
1011 4233 1057 4290 με·
1099 4217 1223 4284 spectat,
1253 4213 1330 4268 uude
1351 4211 1423 4288 (is)
1446 4218 1476 4269 et
1496 4213 1558 4287 liti,
1580 4227 1655 4284 quae
1668 4211 1705 4268 de
1719 4225 1799 4267 care
1815 4209 1932 4282 pendet,
1953 4221 2007 4262 se-

152 4294 238 4370 τέγειν
258 4297 307 4372 τῆς
327 4295 391 4372 περὶ
412 4290 558 4368 acroam)
580 4295 665 4372 δίκης.
998 4291 1004 4313 '
1099 4312 1133 4353 ae
1154 4296 1319 4352 immiscere
1339 4301 1445 4368 potest.

236 4377 258 4452 ξ.
288 4377 314 4444 7.
342 4378 425 4438 Λιατ.
451 4372 484 4438 δ.
517 4373 561 4437 Τά
575 4380 605 4438 ἐκ
628 4383 679 4440 τοῦ
699 4373 845 4456 κάσουῑῑ)
866 4384 924 4440 τῶν
945 4373 1048 4456 πιπρά-
1175 4379 1207 4452 9.
1229 4379 1258 4436 7.
1279 4382 1380 4438 Consi.
1403 4378 1431 4435 δ.
1473 4384 1534 4451 Ea,
1557 4395 1633 4452 quae
1664 4395 1701 4436 ex
1723 4394 1796 4435 casu
1816 4377 1994 4448 militiarum,
2012 4369 2072 4412 ⁸⁰*st
2096 4367 2137 4439 ⁵³:

152 4467 275 4522 οτιεσθιιι
295 4463 453 4536 δυναμένων
473 4465 628 4538 στρατειῶν
648 4459 830 4544 κερδε-νόμενα
853 4465 893 4542 (v.
914 4457 1055 4542 κερδαινά·
1097 4479 1173 4535 quae
1196 4465 1283 4521 vendi
1305 4469 1440 4538 possunt,
1467 4465 1542 4522 lucri
1570 4465 1685 4522 nomiae
1706 4463 1894 4537 rediguntur,
1921 4455 2007 4516 liberi

149 4548 236 4620 μετα)
257 4551 284 4606 οἰ
296 4548 395 4616 παῖδες
407 4550 458 4606 τοῦ
475 4542 694 4622 τελευτήσαντος
707 4543 727 4628 ἢ
747 4545 884 4630 ῆγαμετῆ
896 4543 999 4609 τούτου
1009 4545 1055 4624 ¹²)
1098 4548 1181 4620 eius,
1208 4550 1258 4619 qul
1280 4549 1438 4606 damnatus
1460 4557 1522 4623 est,
1551 4563 1663 4607 uxorve
1689 4565 1727 4604 ex
1753 4563 1837 4604 sacro
1865 4543 2007 4614 rescripto
2042 4557 2048 4566 ·

148 4627 368 4708 λαμβανέτωσαν
389 4633 522 4701 ἐνδείας
543 4627 724 4714 ἀντιγραφῆς,
746 4629 950 4713 άςβασιλυιῆν
981 4632 1058 4711 φιλο·
1102 4631 1256 4708 capiunto,
1283 4637 1430 4708 tamquam
1451 4633 1656 4691 liberalitatem
1678 4631 1864 4706 imperialem,
1892 4645 1928 4686 ac
1949 4640 2007 4684 uon

218 4829 264 4892 78)
280 4831 370 4880 Codex
392 4827 555 4896 ἁρμόζοντος.
646 4829 694 4893 ’79)
711 4831 764 4883 Ρτο
781 4830 922 4898 annelinum
939 4831 1031 4882 Codex
1047 4831 1126 4880 babet
1140 4829 1202 4898 ἧῖηῑ
1276 4831 1324 4895 ΘΟ)
1340 4833 1393 4883 Ριο
1410 4830 1442 4897 β’.
1464 4833 1555 4884 Codex
1571 4835 1649 4884 babet
1666 4829 1708 4897 ιβ.
1743 4833 1782 4882 Ad
1799 4822 2008 4887 marcinensis·

146 4894 219 4944 dicis
238 4897 292 4965 περὶ
308 4897 426 4982 ληγρίτων
442 4901 586 4970 πρεσβεῖον.
666 4897 714 4964 Sl)
732 4902 804 4951 Loco
823 4903 897 4950 voela
914 4897 1123 4961 lepdrovcodex
1141 4900 1217 4949 babet
1235 4897 1343 4964 λιγάτρι.
1365 4901 1415 4950 'l'it.
1434 4901 1461 4952 2.
1480 4907 1564 4951 const.
1589 4905 1614 4951 8.
1634 4898 1756 4964 ληγάτον.
1790 4899 1838 4958 82)
1855 4897 1907 4945 Pro
1924 4889 1942 4957 ἦ
1952 4907 2006 4940 rm

148 4961 247 5012 Codex
261 4967 335 5016 babet
352 4985 432 5033 ητινι.
499 4965 547 5025 69)
570 4967 622 5018 Pro
639 4965 709 5016 τισιν
726 4967 816 5019 Codex
832 4969 911 5017 babet
927 4966 1005 5017 τισίν.
1072 4969 1120 5024 ss)
1133 4966 1225 5016 Codex
1242 4969 1320 5020 laabet
1336 4967 1405 5018 διατ.
1473 4967 1521 5030 ea)
1538 4969 1632 5032 incipit
1650 4969 1694 5018 iol.
1715 4969 1775 5017 12³.
1794 4969 1820 5014 il.
1888 4963 1934 5022 86)
1952 4959 2007 5010 0⁰·

146 5031 207 5080 dex
242 5029 344 5094 ιεἰαγεῖν.
412 5033 460 5092 87)
477 5033 569 5084 Codex
586 5029 639 5084 ὑπό
656 5049 741 5087 τινων.
789 5037 858 5094 «88)
875 5035 935 5084 Nou
951 5037 1012 5083 siue
1028 5047 1123 5085 caussa
1146 5039 1273 5098 suspicari
1296 5037 1399 5098 videor,
1417 5037 1468 5086 boo
1484 5037 1544 5085 ioco
1561 5037 1679 5086 lacunam
1691 5049 1762 5085 esse.
1806 5033 1919 5081 Primum
1936 5031 2006 5078 enlm

145 5110 206 5159 εμιο
225 5099 350 5157 ιδοδνιῆς
372 5095 497 5152 reseres?
535 5101 651 5164 Deinde,
679 5115 746 5166 qnae
768 5103 801 5152 de
822 5115 872 5151 aem
893 5101 1027 5152 mensione
1049 5103 1186 5160 dicontur,
1209 5113 1274 5152 *nou
1291 5103 1324 5152 de
1342 5103 1382 5152 bis
1400 5109 1499 5153 tautum
1517 5105 1629 5168 legatis,
1658 5115 1750 5152 verum
1768 5101 1800 5149 de
1817 5100 1877 5148 altis
1894 5107 2006 5159 qnoque·
2049 5125 2054 5138 ·

143 5178 222 5229 quae
241 5169 427 5232 quibuscunque
443 5170 564 5220 ecclesiis
582 5168 625 5218 vel
642 5173 728 5218 sacris
745 5171 864 5220 domibus
881 5171 1079 5233 relinquuntur,
1108 5175 1146 5220 tit.
1164 5171 1191 5220 2.
1210 5179 1296 5220 coust.
1313 5176 1338 5219 a.
1356 5176 1451 5220 saucit.
1474 5173 1518 5221 stc
1534 5175 1604 5221 eninr
1627 5173 1679 5225 tbi:
1707 5167 1741 5218 τά
1758 5164 1876 5226 arteriam
1894 5155 2005 5228 αἴκαιςῆ

142 5231 310 5300 συστήμασιν
327 5238 536 5294 καταλειφθέντα
552 5233 648 5297 λεγάτα
666 5237 725 5286 εἴσω
741 5239 827 5316 μηνῶν
843 5235 869 5294 ἓξ
884 5237 932 5302 τῆς
948 5235 1086 5295 ἐμφανείας
1102 5239 1148 5304 τῆς
1165 5235 1295 5302 διαθήκης
1310 5239 1522 5301 καταβαλλέσθω.
1563 5240 1712 5301 [aagendam
1735 5246 1801 5296 ergo
1818 5231 1894 5296 φησὶν
1911 5226 1927 5296 ἦ
1944 5227 2006 5278 διά-

143 5301 241 5362 ταξις,
257 5302 298 5352 καὶ
315 5299 358 5352 ὅτι
375 5301 410 5370 τά
428 5300 546 5366 εάαγέσιν
564 5303 642 5359 οἴκοις
659 5299 676 5369 ἢ
694 5317 855 5368 αυστημαυιν
872 5305 1081 5360 καταλειφθέντα
1099 5303 1194 5366 λεγάτα
1212 5303 1270 5355 εἵσω
1287 5308 1373 5369 μηνδιν
1390 5307 1416 5364 ἓξ
1433 5313 1461 5357 et
1477 5311 1543 5356 cael.
1567 5309 1698 5366 Repetitio
1722 5303 1862 5350 verborum
1887 5299 2006 5346 annulu-

143 5371 255 5424 σθέντα
270 5369 372 5435 ληγάτα
390 5373 496 5422 videtur
513 5375 541 5420 iu
558 5383 653 5420 caussa
669 5372 769 5432 misse,
804 5385 885 5436 qnare
903 5385 943 5428 en.
967 5385 1034 5434 qttae
1051 5374 1189 5438 supplevi,
1211 5375 1364 5424 exciderint.
1434 5373 1544 5438 89)’.1·ιι.
1563 5375 1588 5424 2.
1608 5381 1692 5423 coust.
1711 5373 1735 5418 8.
1754 5370 1832 5418 babet
1848 5363 2006 5427 καταβαλλέ-

143 5438 217 5486 aaa.
304 5438 350 5500 90)
378 5439 469 5489 Codex
492 5435 614 5508 καρπούς.
705 5439 753 5502 at)
780 5439 870 5490 codex
888 5435 1031 5500 ιθγαγέυιν.
1122 5439 1170 5500 92)
1196 5441 1287 5492 Codex
1304 5439 1419 5492 ἀναλιον.
1496 5441 1544 5505 99)
1561 5441 1652 5491 Codex
1669 5440 1784 5498 λεγατον.
1857 5431 1907 5495 94)
1923 5427 2005 5497 Ρτοῆ

143 5505 189 5552 tit.
218 5504 245 5552 2.
274 5513 360 5555 coust.
387 5509 413 5555 8.
444 5507 473 5558 τι
501 5506 545 5554 καὶ
571 5506 658 5555 babel.
755 5505 806 5567 98)
823 5507 877 5557 Pro
899 5506 990 5575 τρλτου
1013 5509 1123 5570 βαθμοῦ
1147 5511 1186 5558 ιιι.
1218 5511 1244 5560 9.
1269 5513 1354 5559 conat.
1380 5513 1405 5558 8.
1428 5509 1508 5559 babet
1538 5510 1616 5576 τριιιῑν
1641 5505 1761 5568 βαθμοῖν.
1839 5501 1884 5564 96)
1915 5499 2007 5549 Verbi}

142 5569 173 5618 τά
198 5571 246 5621 καὶ
267 5574 531 5634 ναεαλιμπανέτωσαν
561 5574 657 5624 desunt
679 5577 720 5624 tn.
742 5577 769 5626 9.
793 5579 880 5625 coust.
903 5575 929 5623 8.
1019 5573 1066 5636 97)
1089 5575 1142 5626 Pro
1163 5572 1198 5626 τὰ
1221 5573 1255 5640 γά
1288 5581 1328 5627 tn.
1346 5579 1372 5627 2.
1398 5583 1483 5626 cousi.
1509 5577 1534 5625 8.
1560 5575 1636 5623 babet
1665 5569 1700 5621 τά
1729 5569 1764 5620 δέ.
1835 5569 1882 5630 98)
1903 5567 1955 5618 Ἧι.
1977 5567 2005 5616 2.

143 5645 237 5689 conat.
259 5641 284 5689 8.
307 5641 386 5690 babet
411 5643 462 5691 τάν
479 5641 546 5694 ιιετά
569 5638 617 5690 τὸν
639 5640 727 5712 τρλτον
748 5641 866 5707 βαθμόν.
937 5639 987 5706 99)
1009 5641 1102 5694 Codex
1125 5639 1162 5692 αι’.
1242 5595 1271 5705 1)
1287 5645 1341 5695 Pro
1358 5641 1414 5693 κατ’
1436 5639 1532 5699 αὐτοὺς
1552 5641 1643 5690 Codex
1669 5640 1749 5689 babet
1769 5633 1836 5686 κατὰ
1855 5633 1923 5692 τούς.
1975 5632 2006 5698 2)

143 5705 244 5755 Codex
264 5695 391 5770 ἀτλιαθόἵ.
427 5705 476 5770 θα)
493 5709 584 5759 Codex
600 5711 747 5778 τερατικῶν.
789 5711 839 5760 titt.
856 5713 884 5760 2·
907 5718 995 5760 colist-
1018 5711 1045 5758 9.
1070 5711 1148 5762 babet
1173 5709 1319 5780 ἱερωμένων.
1372 5710 1419 5774 db)
1444 5711 1533 5762 Codex
1551 5705 1589 5756 αι’.
1669 5709 1704 5767 4)
1725 5707 1820 5767 inanit
1842 5704 1887 5754 sol·
1940 5701 2004 5752 194.

143 5771 274 5824 arcanea
289 5776 454 5844 Σαμαριιδι.
490 5780 523 5836 o)
541 5777 631 5826 Codex
647 5775 725 5827 διατι
766 5775 811 5842 tib)
827 5773 1085 5848 Legdpnoia'rnear.
1120 5777 1527 5839 7)0uodtracistuclnsiaal‚in
1540 5775 1752 5825 nortemanni.
1768 5773 1909 5823 coucam.
1921 5771 2006 5831 deest,

145 5846 176 5887 et
205 5849 288 5892 totam
310 5849 471 5894 senteutiam
497 5847 649 5906 corrumpit.
741 5849 771 5904 8)
793 5847 845 5896 Pro
868 5842 900 5895 τὸ
923 5843 1087 5906 ἀποτέλεσμα
1119 5841 1167 5895 τὸν
1190 5851 1229 5896 ιιι.
1255 5851 1281 5898 o.
1303 5849 1388 5896 conat.
1412 5845 1438 5893 8.
1468 5845 1545 5893 itabat
1572 5839 1626 5892 ἀπὸ
1651 5840 1818 5902 τελεσμάτιιν.
1898 5835 1927 5902 9)
1950 5839 2006 5908 [ιο-

146 5919 181 5955 co
207 5921 302 5960 vocum
325 5909 357 5960 τὸ
380 5907 544 5973 ἀποτέλεσμα
571 5907 618 5960 τὸν
640 5909 797 5981 ληρατάριον
819 5908 879 5978 δρᾷ,
903 5905 970 5963 ὅθεν
992 5911 1035 5962 καὶ
1053 5911 1163 5963 δύναται
1182 5915 1272 5964 Codex
1298 5917 1337 5964 aie
1354 5912 1444 5963 babet:
1463 5907 1494 5958 τὸ
1512 5907 1675 5972 άπατελισμα
1697 5912 1748 5960 τῶν
1764 5905 1925 5976 apocopa»
1941 5900 2005 5966 ἀγο-

147 5977 253 6090 ρασθὲν
273 5977 315 6027 ταὶ
339 5975 458 6028 δύναται.
540 5977 591 6044 19)
613 5979 666 6028 Pro
698 5977 781 6030 αὐτοῦ
802 5984 843 6032 nt.
869 5983 896 6032 8.
920 5986 1007 6032 const.
1033 5981 1058 6030 2.
1084 5982 1161 6031 habel
1183 5979 1289 6032 τούτου.
1387 5978 1433 6037 11)
1460 5978 1513 6030 Pt'o
1538 5975 1620 6030 νάσου
1646 5979 1738 6030 Codex
1760 5978 1838 6029 babet
1861 5969 1928 6025 κατὰ
1945 5972 2003 6023 σοῦ.

165 6041 196 6106 2)
222 6045 281 6097 Vox
299 6043 397 6098 zeinab
414 6048 490 6098 deest
506 6049 546 6099 tit.
564 6051 591 6099 d.
608 6051 695 6102 const.
712 6047 740 6098 4.
