4748 7074
870 538 1025 610 NOV.
1081 539 1354 612 rusum.
1960 549 2040 619 965

187 733 229 836 ἔχη
249 734 297 792 καλ
317 727 523 832 παρασκευάσῃ
543 727 609 828 τοὺς
630 727 807 804 ὑπευθύνους
828 731 873 792 dal
894 754 944 812 την
954 755 1086 836 γαμετηι
1137 734 1187 804 qui
1208 733 1267 806 ipsi
1288 733 1411 809 obligati
1433 739 1517 810 sunt,
1554 753 1589 793 ae
1617 737 1736 810 lecerit,
1769 746 1802 797 nt
1831 741 1879 816 bi,
1908 743 1958 814 qui
1981 746 2040 802 sibi

187 815 271 880 αὐτοῦ
304 809 446 912 προφάσει
474 812 591 896 προικὸς
618 811 635 896 ἢ
665 817 729 896 aspi
757 811 965 920 ιηεριιλιῖλ)1
949 841 966 896 η
994 812 1086 878 άλλιιιι
1137 817 1260 892 obligati
1281 825 1363 892 ειιιιῑ,
1387 822 1471 876 uxori
1492 821 1588 892 ipsius
1609 827 1763 892 praetentu
1780 825 1857 881 dotis
1880 827 1925 882 vel
1948 845 2040 898 parn-

187 907 269 984 χρεολι
297 896 335 962 τιλ
359 902 425 979 χρέη
446 909 628 1044 καταιῖθεῖιαι,
657 903 704 960 καλ
732 897 909 971 διαλύσεις
892 925 908 980 η
930 899 1086 974 ἀποδείξεις
1134 903 1311 972 plleruornm
1336 861 1384 975 (λ)
1406 905 1454 959 vcl
1476 906 1597 972 alioruin
1620 907 1780 964 debitorum
1802 909 1848 980 id,
1882 913 1958 982 quod
1981 915 2038 970 de-

187 985 254 1067 παρ’
277 984 365 1064 αὐτῆς
386 982 536 1062 λαβεῖν,εἶ
509 1007 569 1046 ιτα
590 977 787 1062 τελευτήσει
768 1006 891 1062 αιιορος,
913 983 1020 1046 όδλ’
1001 1009 1086 1090 μργυ
1135 986 1238 1058 betur,
1274 987 1485 1060 persolverint,
1519 995 1607 1062 atque
1636 993 1764 1062 apochas
1784 993 2008 1051 liberatorias
1989 999 2038 1054 sel

186 1065 332 1152 ροπραλιης
347 1065 419 1147 ἔλθη
439 1064 576 1148 ζηιολι
546 1093 582 1130 τα
604 1067 659 1131 ι’δια
681 1071 790 1148 λαβεῖν,
817 1067 885 1145 ἡδὲ
907 1067 1011 1150 papea}
1034 1071 1094 1130 τοῦ
1134 1071 1233 1126 factae
1249 1072 1404 1128 solutionis
1418 1075 1603 1144 probationes
1621 1077 1798 1147 acceperint,
1819 1077 1924 1134 deinde
1938 1082 2038 1156 (ipse)

185 1153 396 1235 τελευτησαντος
424 1157 500 1253 ζητεῖ
521 1149 717 1215 nullimodae
737 1153 932 1229 κομίσασθαι·
962 1149 1083 1233 άναγκά-
1132 1153 1163 1210 in
1185 1159 1320 1230 egestate
1339 1158 1496 1232 morietur,
1517 1160 1631 1214 venerit
1652 1169 1749 1216 antem
1771 1165 1965 1236 argentarius,
1987 1168 2037 1238 qni

186 1243 272 1314 ζονται
297 1245 328 1302 ol
352 1234 494 1318 γεγονότες
519 1234 675 1298 ιλπεόθυνοι
701 1243 741 1314 τῷ
767 1236 847 1336 ἀνδρὶ
875 1236 1009 1334 ἀβλαβεῖς
1036 1239 1084 1298 καὶ
1134 1253 1219 1294 sunm
1247 1239 1380 1311 recipere
1402 1243 1488 1314 velit,
1525 1259 1599 1298 uxor
1620 1259 1689 1300 vero
1711 1245 1843 1302 defuncti
1866 1247 1940 1304 haec
1961 1249 2035 1322 (ea-

185 1325 301 1406 ἀζημίοις
335 1317 561 1424 προκομίζειν“
543 1346 578 1392 ας
610 1319 711 1402 ἔλαβον
745 1317 885 1392 διαλόσεις
916 1317 998 1403 παρά
1032 1329 1083 1400 τῆς
1133 1323 1214 1396 dein)
1242 1325 1378 1394 accipere
1399 1331 1505 1382 tentet:
1538 1327 1576 1400 ii,
1605 1329 1655 1398 qni
1677 1330 1741 1387 viro
1762 1331 1884 1405 obligati
1907 1333 2035 1402 inerunt,

185 1415 301 1490 γαμετῆς
328 1406 417 1468 αὑτοῦ
444 1402 637 1484 ἢάποδελξεις
663 1409 710 1466 καλ
737 1403 902 1484 ἀναλαβεῖν,
934 1432 994 1480 ινα,
1027 1405 1083 1468 εἴτε
1132 1409 1243 1478 absque
1279 1408 1340 1466 ullo
1375 1410 1480 1466 damno
1514 1426 1665 1482 poenaque
1693 1429 1761 1484 aas,
1803 1431 1876 1485 ques
1903 1417 1941 1470 ab
1970 1419 2035 1474 eins

185 1499 309 1556 ε’ντειλθεν
338 1489 354 1554 ὁ
391 1485 609 1591 ιλρηιροπράτης
643 1485 833 1568 όφείλᾞιμαι
816 1514 833 1586 η
861 1495 890 1550 σι’
914 1453 1082 1593 κληρονόμοι
1131 1507 1224 1548 uxore
1246 1501 1433 1568 acceperunt,
1454 1496 1582 1566 apochas
1602 1497 1650 1552 vel
1670 1498 1769 1554 tactae
1788 1500 1943 1556 solutionis
1964 1518 2036 1572 pro-

183 1576 276 1652 aizos,
297 1581 469 1656 περιποιηθῇ
490 1577 531 1650 τῷ
551 1570 760 1676 ιλργυροιιράιη.
801 1569 885 1635 ἐάν’
853 1571 1083 1678 αργυρομρολται
1132 1575 1282 1650 bationes,
1320 1581 1452 1649 prolerre
1479 1586 1508 1635 et
1533 1581 1665 1651 recipere
1697 1591 1859 1657 coguntur,
1892 1590 1941 1656 ut,
1970 1587 2035 1644 sive

182 1659 252 1767 ιιρός
279 1685 357 1732 τινας
391 1653 649 1764 ιλντισυηιηρμεμουςἰ
667 1655 865 1760 όμολοηίας”
848 1683 865 1738 η
897 1655 1080 1731 διαλόσεις·”
1064 1683 1081 1739 η
1132 1663 1300 1734 argentario
1327 1663 1438 1734 aliquid
1461 1665 1566 1720 exinde
1594 1665 1750 1738 debentur,
1785 1668 1849 1723 sive
1871 1669 1936 1724 eius
1958 1669 2034 1727 hae·-

182 1751 296 1808 ολασοιιν
326 1742 426 1806 εθειτο
455 1739 602 1820 συνθήκας
633 1739 651 1822 ἢ
678 1737 865 1822 ποιήσωνται,
898 1748 945 1808 καλ
971 1740 1082 1816 πάντας
1130 1745 1271 1820 redibus,
1299 1747 1329 1802 id
1351 1749 1520 1822 argentario
1542 1756 1685 1805 servetur.
1727 1752 1760 1808 Si
1782 1755 1943 1826 argentarii
1964 1771 2034 1810 mn-

180 1827 251 1890 κατά
281 1823 448 1929 διαφόρους
462 1822 585 1908 τρόπους
611 1823 804 1900 ἀπολέσωσιν,
832 1825 1034 1932 ἀναγκάζοντα
1055 1833 1084 1890 ol
1130 1831 1190 1886 tuis
1219 1788 1404 1905 syngraphis
1428 1837 1513 1904 pacta
1546 1833 1594 1890 vel
1622 1835 1809 1892 liberationes
1837 1838 1885 1892 vel
1914 1839 2035 1908 quales-

179 1910 335 2016 λ’χονιιςίιλ
349 1907 886 2016 άντισόηηραηαιιροσκομίζεινλθλ)“ἱ
869 1937 887 1992 η
908 1912 971 1976 ἐν
957 1909 1080 1992 υπομνὴ-
1130 1931 1245 1986 cunque
1278 1917 1487 1973 conventiones
1516 1933 1581 1973 curn
1611 1920 1782 1989 quibusdem
1811 1929 2035 1990 composuerunt

179 2021 263 2079 μασιν
284 1993 405 2077 ὀμνύειν,
426 1993 465 2067 σός
486 2018 537 2056 ουκ
548 2017 694 2098 εχουσινη
707 2019 740 2056 ον
732 1991 887 2057 ’δόνανται
907 2001 1079 2098 πρακομλσαι
1130 2001 1288 2072 tacientve,
1311 2015 1470 2072 omnesque
1491 2000 1618 2058 diversis
1640 2005 1732 2060 modis
1754 2007 1897 2070 amittent,
1920 2007 1960 2078 hi,
1983 2009 2034 2076 qni

179 2088 222 2144 ιιαλ
241 2078 420 2146 άαολιλονται
425 2076 601 2182 παράνομα
621 2076 914 2160 σιιοιλρτουλαλλλ)η
897 2107 914 2162 η
933 2077 1078 2146 δικαστικολ
1128 2083 1176 2139 his
1204 2086 1366 2142 eorttrarias
1388 2087 1575 2160 syngraphas
1602 2088 1727 2162 liabent,
1758 2106 1809 2144 eas
1831 2093 1961 2162 prolerre
1983 2089 2033 2164 (λ)

179 2163 368 2246 δαπανήματα
401 2163 434 2225 οιλ
458 2165 511 2246 χρὴ
538 2161 604 2234 τοὺς
633 2161 853 2245 άρηυροπρολτας
873 2165 1077 2228 ἀπαιτεῖσθαι·
1129 2175 1284 2242 eoguntur,
1312 2175 1364 2226 aut
1393 2173 1423 2227 in
1445 2172 1521 2226 actis
1542 2172 1743 2228 iusiurandum
1766 2175 1850 2244 dare,
1886 2191 1919 2230 se
1946 2175 2033 2249 (css)
2065 2171 2073 2186 '

179 2249 300 2333 ἐπιχόρα
327 2249 459 2328 (sie)²⁷)
490 2261 553 2320 ταῖς
582 2247 747 2328 ὡρισμέναις
767 2263 883 2324 ποιναῖς
926 2259 1077 2354 τηνικμιλτα
1128 2269 1185 2309 non
1214 2254 1322 2310 habere
1344 2255 1392 2310 vel
1414 2257 1544 2327 prolerre
1570 2272 1628 2312 non
1649 2273 1753 2330 posse,
1781 2265 1811 2314 et
1832 2259 2031 2316 absolsnntnr.

178 2341 317 2434 κουλστμρ
351 2331 547 2414 Τριβουνιανός
574 2331 740 2413 άπειεμηθη
767 2347 826 2408 τοῖς
847 2332 1077 2436 ἀργυροπράταις
1127 2339 1280 2409 Sportulos
1315 2339 1432 2413 legibus
1466 2341 1628 2396 contrarias
1658 2357 1846 2414 expensaque
1874 2343 2031 2400 iudiciales

179 2416 314 2522 διμαστης
335 2417 463 2500 ἐνάγονσι
491 2421 538 2480 καλ
558 2421 755 2498 ἐναηομένοιςλ
757 2417 793 2497 ⁸).
835 2433 918 2503 κυροῖ
942 2417 980 2484 τιλ
1006 2443 1076 2503 προ·
1126 2437 1184 2480 non
1214 2428 1328 2494 oportet
1358 2425 1394 2480 ab
1434 2426 1611 2498 argentariis
1648 2427 1747 2500 exigit
1780 2428 1890 2498 alioqui
1918 2429 2030 2500 poenis,

179 2501 258 2582 τόμια
280 2501 381 2566 αὐτῶν.
1127 2521 1202 2578 qnae
1237 2508 1291 2580 (de
1313 2507 1385 2581 hoc]
1413 2509 1550 2566 definitae
1579 2515 1664 2582 sunt,
1700 2512 1784 2567 locus
1817 2513 1881 2566 erit.
1945 2515 2029 2568 'lunc

1127 2591 1323 2648 'tribonianus
1340 2601 1477 2664 quaestor
1498 2595 1674 2668 argentariis
1692 2595 1782 2653 index
1800 2597 1955 2669 delegatus
1975 2601 2029 2669 est,

1127 2691 1191 2732 cum
1224 2677 1404 2733 eorrveninnt
1435 2677 1610 2753 (aliquem),
1653 2695 1776 2750 eumque
1807 2681 2028 2738 conveniuntur.

1126 2761 1284 2818 Confirmat
1306 2761 1420 2835 (antem
1442 2761 1546 2837 etiam)
1568 2777 1668 2821 eornm
1689 2766 1856 2841 privilegia.

1082 2964 1121 3020 V.

701 3106 827 3184 Codes
850 3107 990 3185 Bodlei.
1016 3109 1141 3183 3399.
1169 3111 1221 3184 tit.
1246 3107 1315 3184 20.
1340 3114 1405 3210 sol.
1431 3111 1499 3186 86.

263 3261 479 3327 λοιστινιαυου
515 3257 600 3344 ρκβ.
635 3255 715 3340 ρκζ.
758 3260 862 3344 Περὶ
887 3263 1075 3336 τοῦτους
1209 3260 2158 3350 ΙαιλῖνιλαιιλΝοιι.199.197.ΠαλιυσαλΒα-ιιοοιιρ,

185 3346 443 3428 Σαμαρείτας
475 3346 780 3424 κληρονομεῖν
783 3347 849 3408 καὶ
878 3347 1073 3443 κλημουο-
1123 3347 1266 3410 maritae
1287 3344 1510 3412 haereditates
1532 3349 1679 3431 captarat,
1702 3363 1881 3432 enituitque
1902 3347 2026 3414 λεῖαι-α

182 3432 348 3508 μεῖσθαι
383 3431 451 3493 καὶ
485 3427 533 3491 τά
565 3429 668 3492 ἄλλα
705 3439 837 3492 ποιεῖν
871 3427 1072 3494 σνναλλά-
1123 3430 1242 3494 dilates
1264 3432 1503 3514 compossuit
1533 3433 1565 3494 et
1585 3394 1730 3516 ιιλληλιοε
1752 3435 1962 3518 contractae,
1991 3437 2027 3498 ut

182 3537 300 3614 ηματα
327 3510 472 3588 καθώς
499 3509 707 3598 πρότερον.
763 3511 921 3578 oona
884 3537 967 3578 ουτω
987 3521 1072 3596 μέγα
1121 3515 1223 3578 antea
1242 3513 1384 3600 faciunt.
1427 3522 1509 3577 Nibil
1527 3522 1571 3576 tte
1591 3523 1692 3594 mnpni
1716 3523 1908 3578 subditorum.

181 3600 239 3661 τών
258 3597 409 3675 τίιηνιόιον.

258 3705 293 3764 Oi
316 3707 497 3782 Σαμαρεῖται
529 3703 575 3760 καλ
606 3663 766 3761 διαθέσθαι
791 3697 922 3764 δόνανται
950 3703 997 3762 ιιαλ
1023 3705 1069 3783 λη·
1204 3703 1366 3760 Samaritae
1388 3709 1418 3761 et
1439 3709 1616 3762 testamenta
1637 3707 1737 3762 tacere
1758 3705 1898 3777 possunt,
1927 3711 1958 3764 et
1977 3707 2025 3764 le-

176 3781 246 3866 ηάτιι
265 3783 369 3848 διδόναι
388 3790 435 3847 καλ
456 3782 607 3865 λαμβάνειν
627 3787 674 3845 καλ
695 3782 813 3894 δωρεάς
822 3798 910 3847 ποιεῖν
930 3791 978 3848 καλ
999 3789 1068 3863 λαιι-
1119 3792 1191 3862 gata
1218 3789 1288 3844 dare
1318 3793 1348 3844 et
1376 3805 1499 3864 capere,
1534 3795 1565 3846 et
1592 3790 1765 3846 donationes
1794 3791 1894 3855 iecere
1917 3797 1947 3846 et
1969 3809 2026 3847 ca-

173 3867 263 3949 βάνειν
289 3875 335 3932 καλ
356 3866 450 3942 άλλως
478 3873 587 3930 διοικεῖν
615 3866 664 3930 τά
667 3873 744 3949 περὶ
772 3875 828 3930 ταῖν
850 3869 953 3932 οιλοιαλν
974 3870 1069 3934 αὐτῶν
1118 3889 1199 3946 pere,
1221 3873 1336 3944 alioque
1351 3874 1435 3930 modo
1448 3890 1493 3950 ea,
1515 3891 1590 3946 qnae
1604 3874 1659 3929 adb
1674 3889 1730 3930 ona
1751 3875 1846 3946 ipsius
1868 3877 2024 3946 pertinent,

171 3959 220 4054 καὶ
244 3959 449 4051 ἐλευθεροῦσα.
502 3951 550 4014 ἐάν
584 3950 738 4024 ἀδιάθετος
770 3958 952 4036 Σαμαρείτης
978 3959 1067 4017 τελευ-
1120 3958 1338 4030 administrare,
1373 3963 1461 4029 atque
1489 3960 1576 4016 etiarn
1597 3959 1712 4034 (recte)
1736 3961 1950 4016 manumittunt
1992 3963 2026 4018 Si

170 4061 255 4142 τηοη,
282 4036 445 4138 ιιατμλιπιλν
473 4034 624 4110 ιιαῖδας’“
608 4063 625 4118 p
653 4051 790 4141 συγγενεῖς
816 4037 883 4110 τοὺς
908 4041 959 4119 μὲν
980 4039 1069 4119 όρθοι
1120 4043 1282 4114 Samarite,
1309 4043 1411 4098 liberis
1433 4043 1481 4098 vel
1502 4045 1638 4119 cognatis
1660 4044 1771 4100 relictis
1794 4045 1898 4115 partim
1919 4046 2025 4100 ortbo-

169 4125 221 4224 δολ
208 4147 275 4198 ους,
297 4121 363 4198 τοιλς
382 4124 411 4186 δὲ
431 4126 624 4204 Σαμαρείτας,
645 4127 674 4184 ολ
691 4118 847 4223 όρθόδοξοι
867 4130 1068 4204 προτιμῶνται,
1120 4127 1221 4200 doxis,
1249 4083 1353 4198 p6rtim
1377 4128 1550 4226 samarius,
1586 4128 1744 4184 intestatus
1765 4127 1941 4202 decesserit,
1973 4145 2025 4185 or-
2093 4125 2101 4144 ⁹

167 4205 217 4269 εἰλι
237 4217 286 4270 τοῦ
306 4208 395 4270 αὐτοῦ
416 4213 469 4270 εἰσι
490 4211 623 4287 βαθμοῦ,
644 4205 677 4268 οιλ
691 4205 752 4286 μὴν
771 4212 953 4288 μακροτέρου.
996 4209 1069 4270 det
1119 4211 1240 4268 thodoxi
1262 4219 1497 4290 praeponuntur,
1526 4213 1553 4268 si
1576 4211 1707 4268 eiusdem
1729 4217 1798 4268 sunt
1818 4214 1946 4288 gradus,
1967 4229 2025 4271 non

165 4298 284 4369 γένοιντο
316 4289 472 4372 όρθόδοξοι
506 4298 534 4353 ολ
565 4291 813 4366 ἀποκλεισθέντες,
854 4289 887 4352 τὸ
902 4297 1008 4394 ‚mm
1033 4291 1067 4354 τό
1119 4300 1217 4352 autern
1245 4297 1419 4352 remotioris.
1479 4295 1533 4354 Sin
1559 4312 1629 4352 vero
1659 4297 1698 4371 ii,
1729 4298 1780 4368 qni
1810 4299 1924 4354 exclusi
1945 4304 2025 4371 sunt,

165 4377 430 4458 [διαλαμβάνουσι
456 4380 541 4457 χωρὶς
569 4381 626 4438 τῶν
653 4381 681 4436 ἐν
708 4379 786 4476 μέσῳ
813 4383 938 4478 καρπῶν.
981 4375 1067 4478 ἐμνό
1119 4379 1274 4437 orthodoxi
1291 4381 1364 4437 tacti
1385 4381 1503 4452 inerint,
1525 4381 1685 4454 portionem
1708 4382 1828 4453 capiunt
1849 4399 1931 4439 snam
1952 4383 2026 4436 abs-

164 4465 359 4542 διατιθέμενος
389 4465 569 4562 Σαμαρείτης
603 4457 668 4530 τοὺς
701 4455 833 4532 άνιόντας
866 4456 883 4541 ἢ
918 4457 1068 4535 κατιόντας
1119 4480 1176 4536 qne
1198 4466 1262 4538 bis,
1290 4466 1340 4536 qui
1361 4465 1456 4548 medio
1477 4471 1605 4538 tempore
1627 4471 1841 4540 provenerunt,
1870 4467 2024 4524 fructibus.

164 4543 220 4624 ἔχει
233 4549 438 4650 ’Σαμαρείῃας
472 4544 511 4616 ὡς
540 4547 631 4618 θέλει,
660 4548 855 4605 oracionem·
897 4551 924 4607 εἰ
948 4550 980 4607 dt
997 4571 1068 4618 τινες
1120 4550 1174 4606 Sin
1196 4551 1358 4622 samarita,
1380 4549 1430 4620 qni
1457 4554 1664 4606 testamentum
1693 4551 1784 4624 lacit,
1827 4551 2024 4607 ascendentes

164 4631 260 4692 ader
285 4625 355 4692 αλσιν
389 4625 558 4708 όρθιλδοξοι,
602 4629 635 4690 οό
667 4632 752 4690 πλέον
783 4635 840 4690 τῶν
867 4625 908 4710 β’.
952 4629 1068 4734 copam
1118 4635 1167 4689 vel
1189 4627 1401 4690 descendentes
1428 4635 1519 4692 bnbet
1541 4635 1719 4710 Samarites,
1753 4593 1786 4692 ιιλ
1810 4637 1896 4705 velit,
1926 4639 2023 4688 testa-

165 4719 328 4796 καταλείψει
358 4726 417 4786 τοῖς
444 4718 651 4812 Σαμαρείταις·
687 4709 720 4775 τὸ
743 4714 771 4774 dl
793 4715 877 4775 πλέον
898 4729 956 4786 τοῖς
977 4715 1067 4794 opno-
1118 4722 1246 4774 mentum
1277 4719 1378 4774 facito.
1434 4720 1467 4776 Si
1498 4735 1568 4776 vero
1596 4721 1687 4792 aliqui
1723 4736 1760 4776 ex
1794 4720 1841 4774 bis
1870 4717 2024 4775 orthodoxi

168 4797 266 4870 δόξαις
313 4805 357 4861 ε’πι
374 4797 423 4874 ²⁸)
445 4796 562 4860 δύναται
583 4799 612 4860 dd
634 4798 662 4871 ἐξ
683 4797 777 4858 αιλτιλν
798 4795 957 4878 ληηατεόειν
978 4798 1067 4880 όρθο-
1118 4803 1187 4875 sint,
1208 4818 1266 4858 non
1284 4803 1419 4875 amplius,
1441 4819 1526 4874 qnam
1546 4805 1620 4860 duas
1640 4803 1911 4862 nnciasSarnaritis
1930 4802 2024 4857 rolin-

167 4879 264 4956 δόξαις.
305 4889 518 4992 ἐπιστρέφοντες
551 4883 580 4943 δὲ
613 4883 770 4955 ἔξισοῦνται
800 4895 859 4955 τοῖς
888 4881 1067 4962 όρθοδόξοις,
1118 4844 1203 4957 qne63
1232 4887 1262 4942 id
1283 4903 1369 4958 vero,
1392 4888 1467 4958 quod
1489 4890 1556 4961 plns
1578 4895 1639 4962 est,
1668 4888 1846 4944 orthodoxis
1898 4889 2023 4944 Praete-

168 4987 211 5036 ως
237 4991 345 5046 ειρηται
388 4971 432 5028 aial
460 4974 517 5028 τῶν
545 4967 573 5040 ἐξ
602 4965 759 5028 tonnano
787 4962 901 5045 ἁρμόζει
923 4975 1067 5028 κατιοῦσιν
1117 4987 1168 5026 ren
1191 4985 1261 5028 vero
1283 4971 1385 5046 legata
1406 4973 1575 5030 orthodoxis
1603 4989 1641 5028 ex
1663 4973 1710 5027 liis
1731 4972 1896 5042 relinquere
1917 4976 2022 5041 potest.

167 5049 260 5112 αὐτῶν
287 5055 332 5113 καλ
364 5050 487 5114 ἀνιοῦσιν
517 5049 688 5132 όρθοδόξοις
717 5047 780 5112 δὲ’
777 5067 1004 5113 ια’·οιιιειοιο
1020 5053 1065 5129 ⁸⁰)
1118 5055 1229 5122 quodsi
1262 5055 1325 5130 (ad
1352 5057 1540 5114 orthodoxam
1568 5055 1748 5128 ecelesiam)
1776 5072 1809 5110 se
1838 5062 2023 5126 convertunt,

1118 5141 1288 5197 orthodoxis
1311 5143 1552 5214 aequiparantur,
1573 5145 1606 5197 ut
1627 5141 1684 5194 iarn
1707 5140 1815 5194 dictum
1838 5146 1894 5194 est.
1937 5140 2023 5196 Circa

1118 5225 1288 5300 portionem,
1311 5243 1385 5298 qnae
1408 5228 1443 5282 ab
1465 5228 1603 5282 intestato
1621 5223 1753 5296 debetur,
1775 5223 2024 5280 descendentibus

1119 5323 1218 5367 eorum
1246 5315 1276 5366 et
1302 5311 1549 5370 adscendentibus
1582 5308 1752 5366 orthodoxis
1787 5307 1823 5366 de
1856 5309 2026 5364 inofficioso

309 5625 357 5682 25)
374 5626 432 5688 Leg
430 5625 531 5708 endum
548 5624 725 5694 παραφλρνιιυ.
759 5625 808 5674 Ed.
825 5626 851 5673 9.
869 5636 927 5688 enp.
944 5625 970 5674 7.
993 5622 1120 5696 προφάσει
1144 5622 1251 5692 προικὸς
1269 5645 1285 5689 η
1274 5624 1479 5710 ’παραηλρνοια
1582 5625 1649 5682 tide)
1666 5627 1732 5690 Leg.
1706 5623 1905 5742 ιμιτροκομλζίι.
1930 5625 1977 5672 λλιλ.
1995 5627 2021 5673 9.

146 5705 220 5756 cap.
240 5691 266 5740 7.
283 5693 309 5754 s.
327 5693 351 5742 1.
370 5691 403 5740 τὰ
420 5691 628 5772 ἀντισόγμραοα
640 5689 811 5761 προιομλλιιι.
846 5695 940 5742 Pnnllo
957 5699 1018 5756 post
1039 5696 1107 5757 apud
1125 5691 1279 5757 nostrnmd
1303 5691 1334 5743 od
1328 5687 1483 5740 ιδιλνανται
1507 5691 1671 5776 πριιιιμλσαι.
1789 5695 1921 5756 61)ch
1939 5691 2018 5772 σιτάρ-

144 5763 253 5812 τουιλα
372 5761 502 5824 WJLeg.
521 5759 629 5808 ἐπεὶι
592 5757 673 5822 χνλ.ρα
791 5761 838 5843 28)
860 5763 906 5811 Sic
927 5761 1168 5826 interpungendum
1192 5773 1226 5809 ex
1244 5765 1338 5809 tenore
1356 5759 1397 5808 ed.
1416 5761 1441 5806 9.
1460 5769 1517 5821 cup
1534 5761 1559 5812 8
1577 5759 1621 5808 ιιαὶ
1638 5756 1787 5829 ιλιιροασθαι
1804 5759 1889 5810 adenis
1906 5759 1973 5809 κατὰ
1991 5758 2020 5809 τό

142 5832 206 5880 τοῦ
227 5825 314 5878 ι’διιιου
331 5827 454 5878 δικαστοῦ
472 5827 568 5894 σχῆμα,
587 5825 729 5890 ἐναγόντων
745 5829 773 5878 ιλ
791 5829 833 5878 ιιαὶ
851 5827 1016 5892 ἐναμομλνιιιν.
1117 5829 1165 5885 29)
1181 5829 1234 5876 Pro
1252 5827 1296 5878 ἐπι
1312 5829 1375 5892 lego
1391 5827 1438 5876 tu.
1537 5825 1586 5885 ab)
1602 5827 1668 5878 cod.
1684 5828 1712 5878 δε
1729 5839 1937 5880 rs'oenreroso.

1629 5908 1682 5975 nl
