4790 7064
953 519 1034 628 en
1057 561 1083 627 υ
1108 563 1189 632 υτ
1232 562 1291 630 vr.
1976 581 2031 632 ιιι

165 751 300 836 Iuliani,
328 750 380 836 qui
408 753 510 816 const.
542 745 606 815 36.
630 767 700 836 cap.
725 747 813 814 111.
836 749 919 816 haec
948 747 1063 814 habeti
1098 747 1170 814 Sed
1190 749 1367 836 cipridem
1388 747 1512 814 ίίὸονοο
1533 767 1580 813 cx
1599 749 1709 832 priori
1728 750 1939 816 nuttrinionio
1961 767 2030 818 non

162 849 302 938 trodeot,
338 851 515 938 insonitum
542 851 673 937 rpridem
698 851 827 916 soluere
847 853 987 937 poterit,
1016 851 1047 915 εἰ
1065 869 1184 935 preces
1204 851 1399 934 r‘nrpcrntori
1416 852 1633 935 porrexerit,
1668 853 1701 916 et
1728 851 1840 916 diuum
1866 853 2030 937 principie

162 955 250 1018 ιιιιίιι
268 954 381 1038 priori
400 955 551 1036 opinioni
571 953 726 1017 restituto
744 951 861 1037 fuerit.

884 1121 934 1188 11.
977 1119 1068 1188 Nor.
1090 1119 1157 1192 89.
1181 1138 1255 1204 cop.
1279 1116 1316 1186 6.

291 1256 490 1322 lastinianus
507 1245 577 1320 hoc'
591 1254 701 1339 capite
723 1253 765 1322 de
786 1256 898 1322 liberis
920 1255 1121 1322 naturatibus
1143 1257 1225 1320 haec
1246 1255 1279 1318 in
1300 1253 1437 1320 medium
1460 1255 1608 1339 protulit:
1629 1263 1657 1321 εί
1678 1258 1716 1324 δέ
1733 1281 1782 1334 τις
1802 1262 1953 1339 γνησίους
1973 1265 2031 1341 μὲν

161 1355 283 1432 παῖδας
304 1355 364 1421 οὐκ
384 1360 464 1434 ἔχει,
486 1356 587 1422 νόθοι
609 1359 643 1422 δὲ
664 1355 753 1441 αὐτῷ
775 1359 832 1422 καὶ
852 1358 946 1438 μόνοι
967 1359 1190 1444 καθεστᾶσιν,
1211 1353 1356 1434 ἐξέστω
1382 1353 1486 1434 μετὰ
1511 1358 1582 1420 τοῦ
1602 1360 1672 1435 τῆς
1692 1361 1843 1442 βουλῇς
1864 1361 2030 1440 ἁχθονς

162 1453 276 1539 αὐτῷ
311 1455 488 1544 γράφειν
521 1457 704 1534 τούτους
736 1457 1030 1542 κληρονόμους.
1083 1457 1142 1523 Sic
1170 1457 1302 1522 codices
1332 1455 1452 1522 Graeci
1479 1457 1700 1526 Novettarum.
1744 1461 1886 1546 Vulgata
1920 1465 2038 1532 versio·

163 1553 439 1642 Sponpendcrpt:
462 1559 587 1646 „ticeut
607 1562 639 1624 ei
660 1563 780 1624 οιιτίυε
807 1560 933 1626 honore
955 1559 1103 1626 scribere
1124 1575 1181 1624 eoa
1202 1555 1404 1622 tmereder.“
1448 1554 1507 1620 Sic
1528 1565 1563 1622 et
1584 1559 1689 1626 codex
1711 1561 1976 1630 vindobonensis
1997 1571 2032 1632 et

163 1657 385 1724 Monacensis.
429 1659 474 1724 Ut
496 1659 631 1744 proinde
653 1661 823 1726 dicendum
846 1662 907 1748 sit,
928 1667 984 1727 aut
1005 1659 1038 1726 iu
1060 1679 1118 1747 co,
1140 1657 1226 1722 uude
1248 1658 1383 1740 vulgatu
1405 1658 1516 1722 versio
1538 1657 1656 1726 haustu
1677 1663 1739 1748 sit,
1767 1664 1879 1730 codice
1901 1663 2031 1733 Gracco

163 1759 266 1824 tuisse
291 1756 406 1837 ἐξίστω
434 1759 516 1840 μετα
546 1763 599 1838 τῆς
625 1763 681 1838 τῆς
707 1763 826 1845 βουλῆς
852 1763 944 1840 τιμῆς
970 1758 1060 1842 αὐτῷ
1089 1757 1227 1842 γράφειν
1253 1757 1391 1831 τούτους
1410 1756 1645 1840 κληρονόμους,
1669 1767 1724 1826 aut
1747 1783 1848 1830 voces
1871 1765 2031 1850 ,dwttofl‘

164 1867 199 1926 ct
228 1859 364 1946 „onns“
397 1860 500 1925 tuisse
527 1861 567 1926 ab
595 1862 654 1948 iis,
689 1863 742 1948 qui
769 1862 934 1946 vulgatum
962 1862 1147 1926 versionem
1175 1857 1470 1924 transscribendum
1496 1867 1668 1946 curarunt,
1705 1861 1816 1928 mirum
1845 1867 1878 1932 in
1905 1867 2031 1936 modum

163 1961 331 2026 contusas.
375 1957 467 2040 Quae
489 1969 596 2028 tamen
619 1963 792 2030 eanmdem
814 1982 928 2030 vocum
957 1962 1103 2028 contusio
1132 1965 1166 2025 ct
1189 1961 1221 2024 iu
1244 1959 1317 2024 otiis
1338 1959 1432 2025 codd.
1454 1979 1533 2024 mss.
1556 1961 1725 2045 reperitur.
1770 1965 1902 2036 Graeca
1923 1975 2032 2036 tuetur

164 2069 200 2126 et
231 2059 434 2126 Athanasius
461 2064 510 2126 tn.
544 2061 603 2127 1¹.
633 2071 738 2128 const.
767 2063 804 2128 4.
848 2065 907 2130 Sic
942 2063 1027 2128 enim
1054 2062 1169 2126 nabet:
1204 2057 1221 2124 ό
1247 2059 1366 2142 μόνους
1399 2058 1525 2136 νόθους
1558 2063 1678 2136 παῖδας
1711 2069 1793 2140 ίχων
1818 2070 1924 2148 μετα
1957 2073 2031 2136 τοῦ

164 2161 335 2239 ἄχθους
356 2164 425 2240 τῆς
446 2164 595 2245 βουλῆς
616 2172 806 2248 γραφέτω
835 2162 983 2239 αὐτοὺς
1008 2159 1311 2244 κληρονόμους,
1339 2167 1367 2225 εἰ
1386 2157 1538 2244 βούλεται
1560 2165 1580 2238 η
1602 2167 1647 2236 εἰς
1668 2160 1843 2250 ὁλόκληρον
1864 2168 1883 2246 ἢ
1905 2169 2031 2247 πάντως

165 2267 212 2338 εἰς
233 2263 271 2328 τό
292 2262 510 2342 ίνυαοόγκιον.
554 2263 612 2330 Sic
640 2271 675 2330 et
704 2265 791 2330 Nov.
822 2263 885 2330 38.
909 2283 981 2350 cap.
1011 2265 1042 2328 1.
1074 2261 1188 2342 ἐξίστω
1216 2261 1296 2343 μετὰ
1324 2263 1384 2326 τοι]
1406 2263 1462 2337 τῆς
1482 2264 1600 2345 βουλῆς
1627 2261 1761 2340 ἄχθους
1782 2266 1920 2355 γραιρειν
1942 2271 2031 2355 αὐτῷ

164 2367 223 2427 καὶ
250 2361 386 2440 τούτους
413 2362 640 2448 κληρονόμους.
686 2363 841 2432 minutia
867 2385 974 2432 onero
1003 2365 1101 2431 habet
1130 2371 1164 2428 ct
1191 2363 1347 2430 tertianus
1375 2365 1570 2428 antecessor
1597 2371 1704 2430 const.
1735 2363 1799 2433 82.
1828 2387 1899 2456 cap.
1930 2369 2032 2462 314,

165 2464 247 2552 sed,
268 2467 319 2532 ubi
343 2465 384 2534 de
406 2467 469 2532 alio
491 2474 624 2534 nostrae
646 2468 887 2534 constitutionis
910 2468 1019 2553 capite
1039 2485 1145 2532 sermo
1168 2471 1230 2532 est.

874 2635 945 2704 111.
987 2633 1078 2704 Nou.
1103 2635 1169 2704 97.
1192 2652 1265 2718 cop.
1294 2631 1328 2698 1.

294 2769 333 2834 1ο
361 2772 523 2839 Νουε11υε
558 2767 622 2837 97.
650 2791 722 2858 cup.
755 2774 788 2837 1.
815 2773 861 2856 is,
899 2772 953 2857 qui
987 2771 1030 2837 ad
1064 2771 1187 2837 domum
1222 2767 1457 2835 restituendam
1490 2787 1645 2852 agrumve
1680 2773 1846 2840 emendum
1880 2780 2033 2862 pecunias

163 2868 319 2959 credidit,
362 2873 448 2939 dotis
479 2873 648 2960 privilegio
682 2873 863 2939 concedere
895 2872 1030 2938 intretur.
1081 2872 1184 2938 Addit
1219 2871 1434 2958 lustiniunuS,
1467 2870 1550 2936 hacc
1585 2877 1717 2958 propter
1750 2875 1935 2944 muliebrem
1969 2881 2032 2946 im-

165 2971 375 3038 becittitutem
405 2993 425 3040 a
455 2993 495 3040 se
523 2991 600 3040 esse
623 2973 767 3062 sancito,
798 2973 957 3060 dotesque
980 2973 1043 3040 utto
1067 2973 1161 3040 modo
1182 2973 1279 3038 minui
1306 2991 1369 3036 nou
1392 2971 1479 3062 vuit,
1513 2969 1626 3036 ίκιινὸν
1655 2971 1710 3051 ὃν,
1737 2975 1856 3065 iuquit,
1894 2977 2030 3048 ὅτιτῶν

164 3074 286 3156 κερδῶν
314 3079 533 3154 ἐκπίπτουσιν,
567 3081 648 3156 εἴγε
675 3082 980 3158 προγενέστερα
1008 3078 1073 3153 τῆς
1103 3072 1176 3158 πρὸ
1204 3070 1341 3154 γάμου
1371 3075 1524 3156 δωρεᾶς
1544 3069 1753 3154 εὑρεθείη,
1786 3081 1841 3142 καὶ
1864 3079 1978 3147 ἱκανόν
1998 3109 2030 3148 τι

161 3175 370 3254 καθεστηκεν
391 3173 507 3250 αὐταῖς
527 3175 547 3253 ἡ
568 3177 720 3241 ἐντεῦθεν
741 3178 859 3262 ζημία,
892 3174 930 3240 οὐ
960 3175 1023 3257 μὴν
1049 3175 1151 3251 αὑτὰς
1181 3171 1376 3258 βουλόμεθα
1396 3178 1453 3238 καὶ
1474 3177 1544 3254 περὶ
1575 3171 1676 3252 αὐτὴν
1697 3173 1755 3253 τὴν
1776 3189 1897 3261 προῖκα
1918 3187 2031 3249 κινδυ-

160 3272 277 3339 νεόειν.
320 3276 563 3362 Προγενίστερα
594 3286 687 3359 sunt,
720 3296 804 3362 qnae
834 3283 979 3363 tempore
1008 3278 1116 3363 priora
1146 3282 1234 3341 sulit.
1278 3274 1338 3340 Sic
1368 3276 1455 3338 Nov.
1494 3271 1581 3340 109.
1604 3295 1675 3360 cap.
1703 3278 1735 3342 1.
1757 3274 1819 3352 nise
1840 3285 1896 3346 καὶ
1917 3307 2029 3370 προγε.

159 3384 319 3459 νερτέρων
340 3378 513 3441 δανειστῶν
533 3379 778 3462 προκρίνεσθαι.
823 3375 948 3444 Eodem
968 3379 1065 3464 plane
1088 3378 1199 3464 modo,
1225 3396 1287 3462 quio
1309 3383 1570 3458 μεταγενέστερος
1591 3376 1638 3462 is,
1672 3379 1726 3462 qui
1747 3385 1892 3466 tempore
1914 3393 2030 3469 poste-

159 3478 230 3542 rior
252 3483 323 3564 est,
350 3477 475 3542 dicitnr.
520 3480 607 3545 Nov.
631 3476 695 3544 97.
718 3497 789 3565 cap.
815 3476 851 3544 3.
884 3483 934 3544 tut
956 3479 1019 3568 γὰρ
1048 3476 1170 3544 τούτων
1197 3474 1348 3542 ἁπάντων
1369 3473 1553 3562 κυριώτεροι
1575 3475 1821 3556 καθεστήκασιν
1845 3489 1877 3548 ot
1896 3509 2029 3570 μεταγε-

159 3588 306 3663 νέστεροι
328 3581 503 3644 δανεισταί.
546 3579 659 3645 Partito
682 3587 773 3666 post:
809 3581 907 3645 ελθοι
936 3581 970 3645 δὲ
990 3584 1046 3646 καί
1068 3582 1173 3664 ἕτερος
1193 3575 1358 3654 δανειστὴς
1379 3584 1642 3662 μεταγενέστερος
1662 3585 1730 3659 μέν.
1774 3581 1843 3647 lam
1865 3589 2030 3654 sententia

159 3681 248 3746 tmec
271 3687 342 3745 est:
376 3679 577 3765 priuitcgium
599 3681 687 3768 eius,
720 3682 773 3766 qui
794 3679 836 3745 nd
859 3680 983 3747 domum
1004 3681 1239 3747 restituendam
1261 3697 1416 3762 agrumve
1438 3677 1608 3743 emendum
1630 3680 1822 3770 crediderit,
1852 3683 1939 3750 dotis
1961 3689 2030 3774 qui.

159 3783 237 3848 dem
261 3781 432 3868 privilegio
455 3781 652 3868 concedere,
689 3801 758 3847 cum
786 3782 925 3868 iniquum
947 3785 1006 3871 sit,
1034 3783 1221 3848 muliebrem
1243 3781 1492 3846 inbecillitatem
1520 3779 1607 3846 dotis
1630 3781 1805 3866 pericuum
1826 3786 1952 3870 subire3
1988 3788 2031 3855 de

159 3889 243 3948 ante
271 3883 403 3966 nuptias
431 3881 604 3948 donatione
632 3889 739 3950 autem
768 3901 809 3948 ex
839 3884 901 3948 trae
928 3885 1003 3968 lege
1032 3884 1111 3948 nihil
1140 3881 1257 3966 rogari.
1299 3881 1352 3946 lbi·
1377 3881 1461 3948 enim
1488 3881 1551 3946 iam
1574 3900 1639 3946 non
1662 3880 1703 3947 de
1725 3881 1840 3950 damno
1863 3885 2030 3968 evitando,

158 4005 278 4052 verum
302 3984 343 4049 de
365 3984 454 4050 lucro
477 3984 636 4068 captando
659 3985 723 4068 agi.
767 3984 882 4069 Itaque
904 3986 1075 4051 creditoris
1098 3985 1299 4070 privilegium
1322 3989 1356 4048 et
1378 3984 1427 4047 sic
1447 3980 1550 4046 locum
1571 3979 1714 4066 trabere,
1748 3983 1778 4047 si
1799 3993 1877 4051 ante
1899 3991 2031 4074 nuptias

159 4085 297 4151 donatio
318 4091 462 4170 tempore
485 4087 572 4169 prior
593 4105 671 4150 esse
692 4086 883 4150 inveniatur.
928 4085 1042 4171 ltaque
1064 4083 1239 4151 reiicieuda
1261 4091 1348 4171 sunt,
1369 4103 1452 4169 qnae
1474 4081 1642 4147 Antonios
1664 4081 1781 4148 Faber
1802 4087 2033 4156 coniectaneo-

158 4208 231 4253 rum
248 4185 301 4250 tib.
320 4186 411 4250 Vltt.
427 4205 496 4271 cap.
515 4187 573 4250 11.
587 4195 621 4252 ct
635 4183 879 4268 Homderptctns
893 4185 926 4251 in
940 4195 1017 4252 notu
1039 4187 1080 4254 ad
1103 4187 1186 4252 hrrnc
1208 4186 1310 4250 locum
1325 4183 1511 4249 attulerunt.
1556 4179 1671 4248 Codex
1686 4183 1835 4250 Venetus
1856 4189 1971 4254 ίκανὸν
1995 4189 2032 4256 ὃν

162 4326 204 4338 --
224 4295 288 4351 rite
299 4295 529 4372 προγενέστερα
539 4288 594 4365 τῆς
607 4285 777 4368 προγαμου
789 4289 908 4370 δωρεᾶς
918 4284 1074 4370 εὑρεθείη.
1099 4287 1212 4352 Codex
1232 4285 1442 4350 Florentinus
1457 4279 1571 4348 ἱκανόν
1590 4281 1627 4347 όν
1647 4321 1690 4331 -
1711 4291 1776 4366 εἴγε
1787 4297 2033 4374 προγενέστερον

159 4389 202 4454 τὸ
223 4391 281 4464 της
302 4375 420 4472 προγθ
445 4388 562 4468 δωρεᾶς
583 4384 738 4472 εὑρεθείη.
783 4389 924 4472 Vodgnta
941 4390 1051 4455 versio
1065 4386 1330 4474 Spungenbergi:
1353 4383 1590 4471 troslieitcninr,
1613 4386 1702 4470 qnod
1722 4405 1745 4450 o
1766 4387 1871 4453 tueris
1893 4392 2030 4477 crodunt,

158 4493 193 4554 εί
213 4492 333 4573 priore
355 4489 577 4573 rrrrtcnnptioti
606 4489 784 4554 doriotione
817 4491 1042 4556 intermittuntur.
1087 4487 1201 4554 Codex
1223 4487 1447 4570 Monacensis,
1476 4485 1529 4570 qui
1552 4485 1737 4552 interioris
1759 4489 1867 4554 civilis
1889 4511 2031 4576 pergam.

158 4591 295 4656 codices
318 4607 449 4656 numero
475 4591 533 4654 10.
554 4591 703 4674 signatus
726 4599 797 4656 est:
822 4589 965 4678 sufficit,
997 4593 1075 4678 ριιία
1097 4591 1201 4654 lucris
1223 4589 1366 4672 cudunt,
1401 4588 1484 4651 etsi
1507 4589 1604 4671 prior
1630 4589 1871 4672 antenuptiotr'e
1897 4593 2033 4658 donatio

158 4692 365 4757 ὑπεκίνουν
410 4689 523 4756 Codex
545 4691 823 4773 vindobonensis,
847 4691 899 4777 quii
922 4693 1007 4756 inter
1028 4690 1159 4756 codices
1180 4689 1258 4752 iuris
1272 4687 1377 4754 uiuitis
1392 4688 1529 4754 Latinos
1551 4706 1682 4753 numero
1710 4684 1769 4754 19.
1791 4692 1939 4776 signatus
1961 4700 2032 4769 este

157 4789 311 4878 στιγμαί,
335 4793 413 4876 proto
426 4792 529 4856 tueris
551 4793 692 4880 cudunt,
713 4795 744 4857 ει·
761 4795 859 4878 prior
880 4791 1119 4878 ontenrtptiotis
1142 4791 1277 4853 ιίνααίίο
1300 4791 1502 4854 intentatur.
1546 4788 1637 4872 Εεςο
1650 4789 1849 4873 tegetxoodo
1870 4792 1919 4870 ὄν,
1941 4829 1984 4842 -
2005 4801 2033 4859 εί

156 4895 223 4958 καὶ
244 4899 473 4978 προγενέστερα
493 4891 536 4957 τὰ
557 4895 612 4972 τῆς
633 4893 693 4980 πρό
715 4893 825 4976 γόμου
852 4895 972 4976 δωρεᾶς
994 4890 1154 4976 εὑρεθείη.
1199 4891 1357 4957 Similiter
1381 4890 1580 4956 Athanasius
1603 4909 1642 4955 ευ
1649 4938 1659 4979 ,
1689 4911 1782 4976 quem
1804 4893 1889 4957 intra
1911 4895 2033 4960 recita-

158 4995 290 5076 bimus,
310 4993 395 5058 ioco:
421 4999 457 5056 ἐκ
478 4995 512 5057 δὲ
532 4996 587 5072 τῆς
609 4997 668 5058 τοῦ
690 4992 811 5077 πατρὸς
833 4991 989 5067 ἀπειθίας
1012 5031 1050 5040 -
1075 4990 1250 5058 κινδυνεύει
1282 4991 1331 5055 τὰ
1353 4994 1422 5068 τῆς
1447 4990 1631 5074 προικός.
1674 4991 1728 5057 Do
1750 4994 1806 5057 tibi
1828 4993 1898 5057 eius
1920 5013 2032 5064 emen-

156 5091 308 5161 dationis
328 5112 518 5179 sponsorem
541 5095 678 5160 eundcm
700 5095 913 5160 ,titianasinm
936 5093 985 5158 tit.
1013 5093 1073 5158 10.
1098 5101 1201 5160 coust.
1226 5091 1278 5158 a:
1315 5089 1332 5158 ὁ
1360 5096 1417 5173 μίν
1444 5094 1594 5167 δανείσας
1622 5097 1667 5167 είς
1693 5091 1876 5176 ἀγορασίαν
1904 5093 1924 5171 ἢ
1951 5093 2031 5161 ἀνα-

154 5201 282 5262 νέωσιν
300 5193 436 5273 κτήσεως
457 5191 476 5272 ἢ
498 5200 589 5259 οἴκου
611 5193 629 5273 ἢ
650 5199 766 5260 πλοίου
788 5193 807 5272 ἢ
829 5198 937 5275 ἑτέρον
959 5191 1046 5269 τινός
1067 5193 1235 5283 τοιουτου,
1262 5195 1326 5258 τῶν
1347 5195 1404 5276 μὲν
1425 5191 1532 5258 ἄλλων
1552 5192 1770 5278 προίιμιὲσθω
1792 5194 1966 5261 δανειστῶν
1987 5205 2032 5274 είς

151 5297 287 5374 ταῦτα,
320 5301 347 5359 εί
368 5295 425 5358 καὶ
447 5303 685 5382 προγενέστεροι
703 5292 937 5377 τυγχάνουσιν,
974 5293 1057 5379 μόνρ
1078 5295 1112 5360 δι’·
1133 5299 1363 5381 παραχωρεῖτε)
1389 5297 1513 5378 προικί,
1550 5289 1692 5358 οὐκέτι
1719 5293 1759 5357 δὲ
1786 5295 1857 5358 καὶ
1882 5297 1927 5380 τῇ
1955 5297 2029 5383 πρὸ

150 5393 298 5484 γάμον
319 5397 464 5484 δωρεᾷ,
485 5395 559 5462 κᾶν
580 5393 810 5484 προτερεόιι
832 5391 939 5459 κατὰ
960 5395 1055 5471 τοὺς
1074 5393 1248 5481 χρόνους
1270 5393 1288 5474 ἡ
1311 5391 1411 5473 αὐτὴ
1434 5389 1573 5481 δωρεά.

876 5561 941 5628 W.
983 5562 1074 5629 Νον.
1098 5562 1165 5632 97.
1187 5583 1261 5650 cop.
1287 5559 1324 5631 6.

263 5699 329 5766 -ln
351 5698 499 5766 eiusdem
520 5699 683 5764 Novelloe
706 5719 777 5785 cap.
801 5695 838 5764 6.
862 5695 897 5786 §.
924 5697 955 5762 1.
976 5697 1060 5786 fitia,
1097 5719 1181 5785 quiae
1203 5701 1235 5765 in
1259 5699 1405 5786 parentis
1427 5699 1594 5783 potestate
1617 5701 1688 5782 est,
1724 5713 1793 5763 cum
1824 5699 1947 5786 absque
1969 5719 2031 5786 pa-

148 5793 270 5879 retiis
289 5799 381 5868 iussu
402 5800 510 5867 dotem
532 5807 684 5887 repetere
706 5819 770 5866 non
792 5801 915 5887 possit,
948 5799 978 5865 si
996 5797 1125 5885 quidem
1146 5801 1187 5867 ab
1210 5819 1250 5869 eo
1271 5797 1475 5886 impetravit,
1509 5801 1543 5862 ut
1573 5812 1770 5871 consensum
1794 5799 1882 5868 dotis
1909 5801 2032 5868 actioni

1563 5913 1630 5980 119
