4784 7068
726 575 1191 645 uuuiiisuiu.
1259 577 1388 644 ΤΙΤ.
1432 577 1474 644 Χ.
1948 577 2026 646 iiio

256 769 322 828 Καί
337 763 376 846 μὴ
394 763 670 846 δατεροηαμοίιτων
690 773 791 848 portam
810 771 1004 847 φυλαττέσθω
1019 779 1078 838 τοῖς
1216 769 1343 826 Etiamsi
1378 771 1415 825 ad
1444 770 1590 828 secundas
1626 771 1743 842 nuptias
1783 786 1841 827 non
1876 775 2028 828 transeant

185 854 268 912 παισὶν
296 847 333 912 τά
362 857 392 910 da
420 854 569 929 (λεπουδίου
590 847 685 931 [ri]⁴³)
707 856 836 933 τελευτης
863 849 967 933 γαμικά
995 856 1077 932 κε’ρδη
1120 859 1272 923 parentes,
1303 859 1456 912 servantur
1485 856 1587 912 liberis
1609 855 1691 910 lucra
1713 856 1855 926 nuptialia
1876 871 1915 912 ex
1935 872 2028 927 repu-

183 933 244 996 καιά
270 939 448 1007 δεσποτείαν,
478 933 601 1014 aldim)
623 933 731 997 rodana
751 944 851 1017 χρῆσις
872 950 931 1010 τοῖς
952 943 1077 1016 γονεῦσιν
1119 937 1167 992 dio
1189 944 1241 994 aut
1261 943 1353 995 morte
1375 939 1413 996 ad
1434 942 1655 1012 proprietatem
1686 940 1787 996 trorum
1815 947 1912 996 autem
1934 955 2028 996 usus-

184 1023 334 1098 διαηερέτοι,
356 1015 550 1092 τοόςοίκείοος
572 1022 613 1095 (v.
635 1024 764 1098 οίκείους)
786 1021 958 1102 ἀποκρίνηται
971 1023 1077 1090 παῖδας
1118 1022 1233 1076 fructus
1254 1024 1398 1094 pertineto
1420 1025 1457 1078 ad
1478 1031 1632 1095 parentes,
1653 1024 1704 1094 (μδ
1724 1025 1833 1080 liberos
1856 1041 1926 1080 suos
1948 1024 2029 1079 alere

183 1104 411 1184 ἀναγκαζομένοις·
444 1108 470 1164 εί
488 1105 518 1162 aii
538 1108 585 1164 καί
606 1101 679 1185 βόυα
699 1107 854 1186 ηραζίαΗ)
882 1109 1005 1183 διαλυθῇ
1027 1100 1074 1183 γά·
1120 1111 1275 1178 eoguntur.
1318 1109 1352 1164 Sl
1380 1124 1449 1164 vero
1478 1109 1564 1164 etiam
1593 1110 1668 1164 borsa
1698 1109 1796 1182 gratia
1819 1111 1939 1180 nuptiae
1961 1107 2029 1162 dis-

182 1212 226 1268 μος
244 1191 290 1248 καί
311 1195 524 1268 παρακρανηδῇ
546 1185 563 1268 ἢ
584 1189 715 1268 δοθη4θ)
747 1191 828 1266 acii)
850 1187 995 1270 αροεςάσει
1016 1184 1077 1250 roai-
1120 1190 1236 1247 solntae
1262 1191 1323 1248 sint
1351 1199 1380 1248 et
1402 1198 1546 1248 retentum
1567 1195 1606 1248 sii
1635 1198 1686 1248 aut
1708 1193 1806 1248 datum
1829 1193 1940 1262 aliquid
1972 1193 2029 1250 hoe

182 1295 238 1344 του,
264 1271 344 1332 odilla
365 1264 448 1350 η’ττον
475 1276 522 1332 καί
542 1269 645 1334 τοότου
666 1272 850 1348 δεσπόζουσιν
871 1283 899 1336 ol
910 1277 1018 1344 παῖδες,
1039 1270 1079 1344 σός
1121 1276 1246 1340 nomine,
1269 1275 1456 1332 nihilominus
1474 1283 1503 1332 et
1517 1277 1605 1334 liuius
1617 1277 1823 1347 proprietatem
1838 1292 2029 1349 consequun-

181 1357 249 1434 ιίίθ)
270 1379 338 1438 ηαμι
356 1351 361 1436 Ι
382 1355 429 1430 ⁶¹)
450 1353 502 1418 κόν
529 1353 613 1437 τυχόν
641 1358 739 1437 εἴηδ’)
767 1363 879 1440 κέρδος,
909 1365 960 1438 τῆς
989 1357 1078 1435 αὐτῆς
1120 1363 1168 1415 tur
1189 1360 1294 1432 liberi,
1315 1377 1351 1416 ao
1373 1361 1398 1416 si
1421 1361 1552 1432 nuptiale
1576 1364 1651 1417 torte
1674 1362 1785 1417 lucrum
1807 1367 1904 1432 esset,
1927 1361 2029 1418 eadein

180 1437 277 1519 δηλαδὴ
305 1435 514 1520 αροχαρήσεευς
534 1444 581 1502 καί
602 1446 733 1523 διαδοχῆς
754 1439 931 1524 ἁρμοζούσης
952 1444 996 1502 ε’πί
1017 1452 1078 1512 τοῖς
1119 1443 1259 1500 videlicet
1280 1445 1501 1502 transmissione
1530 1450 1560 1501 et
1582 1447 1772 1502 successione
1793 1450 1976 1518 competente
1997 1445 2029 1502 ln

179 1529 440 1602 applicandam,
468 1519 502 1603 ἢν
523 1522 647 1602 ηιθάσας
669 1525 684 1588 ό
708 1523 793 1605 νόμος
820 1527 926 1606 είρηκεν
950 1529 995 1586 ἐπί
1017 1537 1077 1596 τοῖς
1120 1529 1254 1596 omnibus
1277 1529 1334 1601 his,
1357 1545 1432 1600 qnae
1452 1545 1542 1602 sopora
1563 1531 1641 1585 dicta
1664 1533 1743 1590 sunt.
1764 1546 1850 1600 quam
1871 1529 1920 1587 lex
1941 1533 2030 1586 antea

177 1612 365 1686 arpocration
392 1611 421 1668 a
445 1613 503 1668 τῶν
524 1607 796 1691 mamortinam).
823 1611 907 1691 Ἐμρ.
928 1606 1001 1689 πρὸ
1025 1605 1077 1683 ιζ’.
1120 1612 1196 1668 dixit
1217 1613 1246 1668 ln
1268 1613 1327 1686 iris,
1352 1630 1426 1684 quae
1448 1615 1604 1670 lucrifacta
1627 1621 1694 1670 sunt
1717 1631 1755 1670 ex
1777 1616 1824 1682 iis,
1846 1616 1896 1686 qui
1918 1631 2030 1672 seeun-

175 1697 314 1754 καλανδ.
336 1691 572 1773 Ἰανουαρίων
592 1695 1077 1774 βασιλείαςἹουστινιανοῡ
1120 1697 1174 1752 das
1203 1700 1320 1768 nuptias
1348 1699 1459 1754 ineunt.
1503 1701 1625 1770 Scripta
1647 1703 1690 1754 eal
1712 1703 1783 1754 ante
1806 1700 1858 1754 17.
1882 1701 2031 1756 Catenates

176 1782 213 1849 (v.
233 1775 408 1838 ’λουστινι
422 1775 586 1854 aravit)
608 1777 791 1854 ὑπατείας
816 1777 1055 1856 aniame).
1119 1782 1287 1840 Ianuariae
1306 1785 1425 1858 imperti
1439 1785 1602 1842 Ιυείίαίσοι·
1623 1783 1722 1856 (anno
1736 1780 1949 1856 13.)Αμμι“οιιε
1970 1799 2029 1842 σοι.

268 1989 381 2093 affl)
407 1990 571 2096 περὶτοῦ
581 1994 797 2098 χρόνουτῆς
820 1994 880 2072 ἐπὶ
899 1997 1082 2103 approperat*
1228 1994 1355 2072 Consi.
1390 1994 1425 2068 8.
1496 1997 1553 2071 lie
1584 2011 1742 2096 ternpore
1783 2021 1851 2069 non
1893 1996 2029 2072 solutae

171 2093 401 2195 άναρμυρίας.
1124 2097 1306 2198 pecuniae,
1345 2104 1473 2194 (quae)
1500 2095 1680 2171 indolem
1708 2099 1916 2192 [antistituia
1941 2103 2028 2192 est).

249 2281 283 2344 '0
309 2278 397 2355 αὐτὸς
425 2280 558 2364 βασιλεὺς
585 2289 626 2361 τῷ
654 2283 741 2361 αὐτῷ.
784 2289 858 2348 Καί
885 2283 951 2359 τάς
972 2285 1076 2370 άναρ·
1205 2288 1285 2344 ldem
1306 2287 1464 2358 imperator
1485 2286 1588 2343 cidem.
1625 2289 1665 2344 Et
1681 2289 1873 2360 acceptiones
1893 2304 1955 2346 aaa
1975 2303 2027 2345 ao-
2046 2291 2108 2336 i'oi'·
2124 2289 2180 2335 ¹⁰⁰·

171 2371 301 2446 μυρίας
328 2363 393 2438 τάς
419 2366 719 2449 άντιτιδεμένας.
1020 2384 1023 2390 ’
1120 2373 1202 2430 lutae
1219 2375 1387 2447 pecuniae,
1418 2387 1495 2445 ομισε
1517 2379 1719 2445 ομμοοιιαίιιι·.

251 2499 333 2562 Erico
352 2500 403 2580 pla
424 2503 527 2573 διετίας
548 2505 685 2582 ρεπουδίῳ
713 2499 805 2582 ciffi)
828 2499 950 2581 θανάτῳ
978 2508 1077 2566 λυδίν-
1205 2506 1238 2564 si
1266 2506 1386 2578 nuptiae
1415 2505 1492 2564 intra
1514 2505 1670 2562 'biennium
1698 2505 1820 2578 repudio
1855 2513 1906 2564 aut
1938 2512 2030 2564 morte

173 2608 218 2655 τος
238 2591 289 2646 τοῦ
310 2581 401 2664 γάμου
423 2583 605 2664 ε’νιαυτόςόλ)
629 2584 760 2648 διδόσθω
781 2593 822 2664 τῷ
844 2586 924 2668 ἀνδρί
945 2591 991 2650 καί
1015 2592 1077 2668 κλη-
1120 2591 1235 2648 solutae
1256 2598 1340 2664 sunt,
1373 2607 1468 2647 annus
1498 2591 1581 2647 dator
1610 2593 1674 2648 viro
1703 2591 1827 2662 eiusque
1854 2593 2031 2648 haeredibus

177 2665 355 2750 ροιόμοιςὸθ)
376 2667 466 2732 αὐτοῦ
485 2669 736 2754 περίοίναρηυρίας
753 2677 921 2754 μέμφεσθαι
936 2679 1077 2754 τηςπροι-
1120 2675 1157 2730 ad
1186 2675 1363 2746 querendum
1392 2675 1428 2732 de
1459 2693 1515 2732 non
1545 2679 1696 2732 numerata
1723 2677 1864 2748 pecunia,
1897 2693 1973 2748 qnae
1999 2677 2031 2734 in

180 2749 231 2826 κός,
256 2752 302 2832 ἐφ’
334 2743 472 2832 ᾦμέντοι
499 2753 537 2816 τά
563 2761 614 2832 τῆς
638 2761 772 2838 μίμψεως
802 2753 947 2838 ἐγγράψας
974 2754 1077 2834 aedit)
1120 2760 1188 2816 dote
1209 2767 1271 2834 esi,
1292 2761 1445 2816 dummodo
1476 2761 1596 2831 querela
1617 2767 1697 2817 certe
1719 2761 1836 2832 quidem
1858 2763 1888 2818 in
1910 2761 2030 2833 scriptis

184 2841 304 2899 δοιαστοῦ
325 2842 458 2918 γενέσθαι
486 2841 532 2901 καί
561 2846 603 2916 τῷ
623 2845 700 2921 μέρει
720 2849 884 2924 γνωσθῆναι
917 2849 964 2922 τῆς
986 2865 1076 2923 pocat-
1120 2843 1206 2918 (aut)
1235 2859 1286 2916 per
1312 2845 1438 2901 iudicem
1466 2846 1546 2901 iacta
1573 2846 1613 2900 sit
1641 2851 1671 2902 et
1698 2845 1736 2900 ad
1757 2847 1890 2902 mulieris
1919 2851 2031 2918 partein

187 2917 233 2992 κός.
258 2927 282 2982 εί
299 2922 328 2982 oi
348 2917 414 3004 άχρι
435 2927 579 2996 δεκαετίας
600 2924 616 2987 ό
638 2923 728 3006 γάμος
749 2924 907 3006 διαρκησει,
930 2939 1005 3008 τρεῖς
1025 2933 1076 3006 μῆ·
1119 2929 1156 2986 de
1178 2945 1215 2985 ea
1237 2930 1357 2985 nuntius
1379 2930 1497 2984 allatos.
1541 2931 1573 2986 sl
1596 2945 1666 2986 vero
1688 2931 1834 3001 usquead
1856 2931 2030 2986 decennium

188 3029 223 3078 ιες
239 3001 420 3070 διδόσθωσαν
447 3011 494 3071 καί
522 3015 563 3087 τῷ
585 3008 665 3091 ἀνδρί
693 3015 739 3072 καί
761 3019 800 3089 rai
823 3007 925 3072 τούτου
946 3007 1076 3090 κληρονό-
1118 3014 1332 3070 matrimonium
1361 3015 1494 3087 durabit,
1516 3019 1576 3069 tres
1598 3029 1732 3086 menses,
1766 3015 1816 3086 qui
1838 3031 1876 3071 ex
1897 3015 2031 3072 dissolu-

187 3114 223 3168 μοι
248 3095 283 3162 είς
310 3086 360 3171 τὴν
389 3091 561 3175 άναρηυρίας
581 3099 697 3176 μέμψιν,
726 3091 911 3176 ψηφιζόμενοι
933 3101 962 3156 ίκ
983 3091 1075 3156 διαλό-
1118 3099 1198 3154 11οοο
1220 3099 1395 3156 matrimonii
1417 3103 1630 3170 computantur,
1653 3099 1891 3156 dantoretviro
1913 3099 2030 3154 eteius

188 3197 247 3244 σεος
270 3181 319 3236 τοῦ
347 3171 447 3258 γάμου.
488 3183 515 3239 εί
539 3179 569 3239 δὲ
597 3177 667 3260 ὑπὲρ
696 3176 745 3260 την
773 3183 915 3241 δεκαετίαν
942 3177 958 3240 ὁ
988 3176 1076 3260 γάμος
1119 3183 1240 3238 haeredi
1268 3183 1307 3237 ad
1334 3198 1389 3239 non
1413 3187 1581 3239 numeratae
1603 3185 1747 3254 pecuniae
1776 3184 1933 3256 querelam.
1975 3183 2029 3239 Sin

186 3264 327 3337 ίαεκιαθῇ,
355 3255 420 3322 oriae
448 3259 558 3343 ὁόνὴρ
578 3256 644 3324 οὔτε
665 3263 681 3324 ό
704 3260 876 3343 κληρονόμος
897 3263 986 3324 αὐτοῦ
1012 3266 1075 3342 περὶ
1118 3275 1216 3324 autem
1237 3269 1314 3322 ultra
1335 3267 1507 3324 decennium
1530 3268 1650 3339 nuptiae
1672 3274 1813 3324 extensae
1834 3269 1904 3338 sint,
1934 3282 2030 3338 noque

185 3341 339 3424 άναργυρίας
360 3351 411 3426 της
430 3343 548 3444 προικός
568 3343 681 3426 κινήσει.
723 3347 790 3410 ὁδί
819 3347 916 3426 rioilo}
940 3351 982 3428 (v.
1004 3345 1077 3428 άηῆ-
1118 3353 1180 3424 vir,
1203 3367 1297 3423 neque
1319 3353 1384 3408 eius
1406 3353 1510 3408 haeres
1533 3351 1570 3407 de
1592 3368 1648 3408 non
1671 3353 1769 3408 soluta
1789 3353 1931 3426 pecunia,
1953 3366 2030 3422 quae

184 3425 287 3504 λιξ)“0)
314 3426 385 3510 ἀνὴρ
412 3428 471 3491 ἀπο
503 3429 627 3512 καιροῦ)
648 3431 695 3512 ⁸¹)
725 3439 776 3494 τοῦ
813 3430 965 3514 ηάμουΰθ)
997 3438 1077 3512 μέχρι
1118 3437 1150 3492 in
1172 3436 1239 3492 dote
1261 3443 1316 3508 esi,
1338 3435 1515 3508 experietur.
1569 3437 1627 3492 Vir
1647 3441 1763 3508 autem,
1785 3439 1835 3507 qni
1856 3438 1951 3492 minor
1972 3440 2031 3510 est,

185 3507 397 3593 συμπληροόσεοις
428 3519 560 3576 ἐνιαυτῶν
588 3515 698 3579 δώδεκα
726 3513 881 3598 κεχρὴσδοο
901 3521 937 3595 τῇ
958 3525 1009 3596 της
1031 3516 1077 3576 ‹lr-
1120 3525 1290 3592 atempore
1311 3527 1524 3578 contractarum
1546 3521 1711 3592 nuptiarum
1739 3521 1890 3592 usquead
1913 3519 2030 3576 duode-

184 3599 302 3674 σρηυράις
320 3601 433 3678 μέμψει.
475 3599 542 3660 είσω
563 3602 593 3662 oi
613 3597 721 3664 τούτων
741 3595 959 3680 τελευτησαντος
980 3600 1077 3672 αὐτοῦ,
1120 3606 1176 3661 cim
1198 3621 1339 3662 antrorum
1361 3605 1580 3676 completionem
1602 3607 1692 3662 utitor
1712 3619 1770 3662 non
1798 3605 1913 3664 solutae
1934 3621 2031 3678 pecu-

185 3675 198 3738 o‘
227 3675 320 3742 τοίνυν
345 3679 535 3764 κληρονόμος,
569 3690 596 3748 εί
620 3683 659 3766 μὴ
687 3684 788 3766 άψῑλιξ
824 3689 865 3760 (v.
892 3686 1009 3765 άιηηλιξ)
1030 3685 1076 3763 ⁰³)
1119 3691 1186 3746 niae
1216 3689 1345 3760 querela.
1387 3691 1440 3746 sin
1469 3695 1567 3745 autem
1594 3689 1671 3746 intra
1701 3691 1756 3746 hos
1783 3689 1849 3762 ipse
1871 3690 2030 3746 deinnotus

185 3766 257 3836 ἐστίν,
276 3762 399 3828 ἐνιαυτόν
421 3769 505 3848 ἐχέτω
533 3765 607 3848 πρὸς
634 3765 668 3832 τό
690 3775 857 3852 μέμψεσθαι
872 3771 917 3844 ⁰⁴)
940 3773 1005 3850 περί
1026 3775 1077 3848 τῆς
1119 3775 1176 3846 sit,
1199 3775 1288 3831 huius
1309 3775 1431 3848 naeres,
1454 3774 1512 3830 nisi
1534 3775 1627 3830 minor
1649 3779 1711 3842 est,
1733 3791 1840 3831 annum
1862 3775 1969 3830 habeto
1991 3773 2030 3828 ad

185 3843 346 3928 άεορηυρίας.
389 3855 416 3911 εί
442 3851 471 3911 oi
496 3850 599 3930 άςῖλιξ
621 3855 663 3932 (ν.
684 3853 859 3934 scaldim)
891 3857 979 3928 ἐστίν,
1013 3877 1076 3916 πεν·
1118 3859 1297 3931 querendum
1327 3859 1363 3915 do
1394 3873 1450 3914 non
1479 3859 1577 3914 soluta
1605 3860 1750 3932 pecunia3
1784 3859 1811 3914 si
1837 3873 1908 3915 vero
1936 3859 2030 3915 minor

184 3935 289 3992 ταινίαν.
324 3939 551 4014 opprimam),
585 3930 630 3999 ότι
665 3934 861 4018 άπολήμψεονς
900 3940 942 4018 (v.
970 3933 1076 4017 άπολὴ-
1119 3949 1174 4016 est,
1202 3944 1440 4015 quinquennium.
1489 3944 1583 4014 Nota,
1612 3944 1663 4000 nbi
1698 3943 1735 4000 de
1764 3943 1933 4016 recipienda
1961 3941 2030 4000 dote

185 4017 315 4094 martiii)
349 4013 436 4098 οόοης
463 4017 595 4101 προσιός,
624 4021 658 4084 οὐ
685 4018 759 4104 χόρα
790 4029 833 4100 tv.
861 4020 1013 4105 palpa)⁶⁸)
1042 4029 1077 4100 τῇ
1118 4034 1242 4102 agatur,
1271 4029 1407 4100 querelae
1429 4028 1524 4084 locum
1545 4043 1604 4084 non
1626 4043 1711 4102 esse,
1733 4031 1822 4100 atque
1843 4029 1932 4085 etiam
1954 4043 2030 4084 con·

184 4101 288 4192 μίμψει,
318 4106 364 4164 καὶ
392 4099 438 4166 ότι
465 4109 512 4165 καί
541 4111 569 4166 ἐν
597 4115 752 4168 συνεστῶτι
772 4108 870 4185 apitii)
899 4103 980 4186 μίμῳ
1001 4103 1076 4168 κατά
1119 4119 1217 4169 stante
1238 4113 1420 4170 matrimonio
1448 4111 1608 4168 secundnm
1630 4119 1760 4186 tempora
1780 4113 1957 4185 praestituta
1978 4111 2030 4168 vl-

185 4203 242 4253 1011
260 4191 483 4268 ίαιτετραμίνους
506 4191 548 4266 (v.
569 4192 833 4272 ἐπιτετραμμένους)
855 4189 974 4272 χρόνους
995 4188 1075 4253 δίνα-
1117 4203 1318 4268 tunoleum,
1339 4198 1389 4268 qul
1412 4196 1508 4252 dotem
1529 4198 1706 4270 susceperit,
1727 4198 1764 4254 de
1783 4212 1841 4254 non
1862 4199 1942 4253 iacta
1964 4195 2029 4252 eius

185 4288 226 4326 rm
245 4267 260 4328 ό
281 4267 349 4351 ἀνὴρ
370 4275 416 4333 καί
438 4271 454 4334 o‘
482 4269 534 4352 τόν
556 4288 660 4355 προῖκα
682 4273 887 4355 ὑποδεξάμενος
907 4281 1075 4356 μέμψεσθαι
1117 4283 1265 4338 solutione
1286 4283 1369 4352 queri
1391 4295 1495 4354 posse,
1517 4285 1619 4356 atque,
1648 4283 1764 4338 etiamsi
1785 4283 1925 4354 partiaria
1949 4283 2030 4336 iacta

184 4355 240 4428 napi
268 4352 434 4436 άναρμυρίας
460 4356 563 4438 αὐτῆς,
578 4400 584 4412 .
598 4363 645 4421 καί
672 4355 729 4433 ότι,
758 4356 810 4421 κᾶν
836 4357 936 4442 μεροιίη
965 4365 1075 4442 γένηται
1119 4368 1159 4423 sit
1181 4367 1258 4424 dotis
1281 4365 1404 4438 solutio,
1437 4365 1628 4422 nihilominus
1656 4381 1714 4423 non
1741 4365 1897 4424 solutionis
1919 4379 2029 4435 quere-

184 4435 533 4520 astariacensis,
562 4441 641 4506 oridia
661 4435 746 4524 ἦττον
766 4457 881 4508 κινεῖται
900 4441 938 4506 τά
958 4451 1008 4525 τῆς
1029 4443 1076 4506 α’ν-
1118 4453 1177 4508 lam
1196 4451 1317 4508 moveri.
1360 4451 1485 4522 scripta
1507 4455 1550 4508 est
1571 4456 1642 4508 nate
1664 4451 1714 4508 1³.
1738 4452 1886 4509 Coleadae
1906 4451 2028 4506 lanua-

184 4527 312 4622 “trpt'iloec-
367 4521 512 4606 Ἐηράμ
553 4525 623 4610 πρό
661 4527 716 4610 ιη’.
745 4533 892 4592 καλανδ.
919 4527 1076 4592 Ἰαννου·
1118 4535 1611 4610 rasimpaaiasaaianiaaao
1634 4535 1847 4610 ίδ.ι1μμι·οαυ
1869 4535 1999 4593 concute.

183 4607 292 4682 (ΖΜ)
319 4609 512 4688 βασιλείας
539 4609 811 4676 ’ίονστννιανοῦ
855 4617 896 4693 (ν.
925 4611 1075 4676 Ἰουστι-

185 4688 312 4770 κεανοῦ)
339 4690 381 4754 τό
405 4690 462 4774 ιη’.
489 4693 671 4770 ὑπατείας
690 4696 875 4774 Ἀπίωνος.

183 4897 558 4919 Ἂ-

251 5043 292 5102 tii
307 5048 362 5098 i'ox
381 5043 397 5114 ἢ
416 5051 442 5099 in
461 5049 558 5102 Codice
575 5053 658 5102 deest.
693 5055 792 5104 verum
810 5051 937 5102 hocloco
954 5052 1122 5104 deessenon
1140 5057 1236 5118 potest.
1304 5051 1494 5122 16)(1οδεκῆ
1514 5056 1549 5107 δέ.
1618 5053 1664 5122 47)
1682 5058 1724 5106 Sic
1742 5055 1841 5106 Codex.
1908 5051 1956 5116 ie)
1974 5052 2028 5105 (io-

183 5105 235 5154 ‘¹⁸¹
253 5108 318 5178 ‘’lii-
385 5118 434 5178 49)
452 5117 504 5167 Ρῐθ
523 5121 614 5168 ierbls
632 5115 648 5184 ἢ
665 5117 738 5188 δοθῇ
754 5138 780 5169 τι
799 5119 889 5169 Codex
912 5119 989 5168 habet
1008 5115 1111 5184 ἡδοδίσ
1129 5121 1172 5188 τῇ.
1240 5119 1289 5185 δῦ)
1306 5123 1360 5174 Pro
1378 5120 1410 5180 ὥς
1427 5122 1452 5175 εί
1468 5123 1561 5176 Codex
1578 5117 1639 5174 όσιί
1656 5125 1741 5174 nabet.
1807 5119 1855 5184 dt)
1872 5119 2028 5184 lnnipltiol.

182 5175 245 5224 tue.
263 5181 286 5227 δ.
330 5181 378 5245 62)
396 5185 449 5235 Pro
466 5185 505 5250 εἴη
524 5187 615 5236 Codex
632 5187 711 5237 liabet
727 5176 803 5236 εἶναι.
855 5185 903 5248 nii)
921 5187 1012 5236 Codex
1030 5187 1231 5258 δευτερομαμιυν.
1283 5189 1331 5254 3⁴)
1348 5193 1501 5256 negendam
1524 5197 1566 5242 eet
1581 5191 1713 5256 βασιλείας
1728 5189 1918 5239 Ἰουοτινιανοῦ
1935 5179 1966 5239 τό
1984 5186 2029 5253 ιμ’.

177 5241 227 5304 δῦ)
248 5247 342 5300 Exhoe
358 5253 418 5302 ineo
436 5255 607 5304 confirmator
630 5255 779 5304 emendatio
803 5257 906 5303 Bieneri
933 5257 959 5302 tn
982 5255 1095 5314 distorta
1112 5257 1283 5307 Novelinrnm
1300 5273 1325 5320 p.
1343 5261 1406 5310 521.
1509 5259 1572 5322 dua)
1597 5259 1690 5309 Codex
1706 5260 1784 5307 nabet
1805 5253 1835 5306 κ’.
1853 5269 1902 5318 pro
1919 5255 1953 5321 η’.
1988 5259 2030 5308 ild

177 5318 317 5391 marginem
335 5317 442 5370 Codicis
458 5322 618 5384 adscriptum
636 5329 678 5372 est
695 5320 727 5390 ρ’.
806 5319 1083 5396 1111))Ρτορειρσυδίρ
1107 5319 1234 5388 ἢθοδοιε
1255 5325 1499 5395 1ικ11ε1ρεποιίδιον.
1576 5327 1623 5392 dd)
1640 5327 1691 5376 l’ro
1709 5319 1827 5380 ἐνιαυτὸς
1844 5325 1934 5374 Codex
1951 5327 2031 5376 nabet

176 5395 214 5426 m
231 5398 313 5442 αυιος.
398 5387 515 5450 δΘ)1)το
533 5387 699 5459 κληρονόμοις
717 5389 808 5439 Codex
825 5389 904 5438 hahet
920 5379 1020 5457 κληροί.
1105 5391 1154 5456 oti)
1170 5395 1240 5442 Ante
1259 5405 1355 5444 vocem
1374 5391 1419 5444 dmi
1438 5408 1491 5445 vox
1509 5390 1525 5460 ἢ
1543 5395 1712 5444 intercidisse
1731 5391 1841 5441 vidmur.
1876 5391 2028 5445 Nov.100.

177 5457 234 5526 eap.
253 5450 274 5498 l·
291 5447 357 5502 citio
373 5453 413 5504 da
435 5453 482 5521 την
499 5455 674 5526 ἐκμαρτυρίαν
696 5455 722 5506 ίν
747 5453 894 5525 γράμμασιν
916 5443 991 5506 εἶναι.
1017 5454 1041 5506 εί
1062 5456 1089 5507 di
1110 5459 1155 5508 καί
1179 5457 1206 5508 ίν
1229 5459 1384 5532 δικαστηρίῳ
1409 5459 1489 5526 τυχόν
1516 5457 1684 5512 ποιίσασθαί
1705 5475 1746 5515 τις
1769 5455 1852 5524 αὐτὴν
1875 5459 2030 5526 βουληθείη,

175 5510 214 5560 δτι
231 5515 328 5578 πόντιος
343 5525 495 5589 γνωσθῆναι
512 5526 545 5590 τῇ
562 5523 665 5586 γυναικί
682 5519 698 5589 ἢ
716 5526 751 5589 τῷ
768 5521 817 5591 τὴν
833 5527 928 5593 προῖκα
945 5519 1008 5580 ὅλοις
1024 5523 1162 5576 ἐπιδοῦναι
1179 5527 1387 5596 καταγράψαντι.
1458 5529 1506 5592 60)
1524 5497 1616 5580 Coiieii
1632 5524 1729 5584 ἅςιλιε.
1807 5527 1855 5590 oi)
1872 5527 1965 5590 incipit
1981 5527 2028 5578 i'ol.

178 5581 242 5634 1⁴0.
257 5587 287 5636 ,1.
376 5591 425 5650 62)
448 5593 501 5642 'lla
529 5593 572 5642 11.
598 5597 681 5656 parat.
705 5593 732 5652 S.
754 5595 780 5640 8.
803 5595 844 5640 καί
865 5597 927 5656 poet
944 5605 1038 5642 vocem
1062 5591 1148 5656 γάμου
1164 5597 1344 5660 interponant.
1447 5595 1492 5658 63)
1511 5597 1602 5648 Codex
1619 5591 1714 5650 ἀυίλνε.
1808 5595 1854 5660 oi)
1876 5595 1927 5646 Pro
1944 5595 2029 5646 verbo

174 5649 322 5726 νξνυιοθιιι
346 5661 386 5709 ua
415 5659 455 5709 io.
483 5665 567 5722 parat.
591 5661 617 5721 S.
641 5659 682 5710 11.
706 5661 802 5710 nabent
823 5659 988 5720 alaparum.
1076 5663 1123 5724 dd)
1150 5661 1241 5714 Codex
1264 5661 1360 5722 άσίλιε.
1447 5667 1491 5722 oti)
1522 5662 1613 5713 Codex
1635 5661 1704 5733 Tus·-
1787 5663 1832 5719 oi)
1858 5663 1950 5714 Codex
1972 5661 2027 5712 ἀπὸ

171 5716 297 5780 laeuam·
365 5723 410 5790 18)
432 5727 486 5778 Pro
510 5729 601 5778 verbis
628 5725 660 5779 od
681 5725 752 5798 χώρα
776 5727 867 5780 Codex
895 5729 974 5780 natet
996 5727 1044 5790 erip
1067 5724 1125 5798 ὁρᾷ.
1197 5731 1244 5796 titi)
1274 5733 1328 5782 Pro
1352 5731 1388 5797 τῷ
1414 5732 1505 5784 Codex
1530 5731 1607 5781 nabet
1630 5727 1669 5778 τό.
1755 5729 1802 5796 ao)
1824 5731 1916 5784 Codex
1937 5727 2039 5780 ‘law

164 5799 275 5856 νῦιτιρχ.
