4760 7042
711 513 854 584 XXV
910 509 1468 584 CAPITULORUM.
1947 513 2031 584 153

165 706 211 793 rip
224 704 375 792 εὐδαίμονα
380 727 486 788 ταυτην
495 704 599 771 ανιίναι
611 702 695 772 πόλιν
713 701 882 788 σιόυδύποιι
893 701 1063 812 πράγματος
1112 705 1280 778 τολλιηοιιο
1301 704 1362 764 et
1352 721 1384 763 in
1400 703 1479 762 hanc
1499 703 1619 764 felicem
1637 703 1740 766 urbem
1758 724 1931 784 commeare,
1952 725 2031 782 qna-

162 793 373 900 ηόνακόπττντυς,
407 789 483 896 rii-itia
510 797 628 896 adparere
656 789 835 854 ἐνταῦθα’
815 815 865 854 ινα
890 786 909 872 ο)
937 789 988 854 δύο
1010 797 1063 854 τοῦ
1112 789 1271 862 docunque
1297 805 1347 848 res
1382 795 1530 866 emergat,
1562 806 1665 848 verum
1700 793 1761 852 huc
1788 795 1864 852 mitti
1894 801 2030 867 oportere

160 879 197 943 ύιι
202 875 369 954 ἀότύνθῦ
401 875 518 959 ιόαγοῦς
545 873 665 980 ηλήρου,
698 879 745 938 καλ
771 889 861 938 ποιεῖν
887 873 999 958 φανερά
1027 880 1063 956 τῇ
1113 892 1204 934 unum
1224 875 1273 933 vel
1292 875 1368 932 duos
1382 890 1421 934 ex
1439 876 1497 932 sili
1516 875 1651 934 subiecto
1670 877 1719 949 pio
1741 877 1831 953 clero,
1852 885 2030 952 nostraeque

158 963 272 1046 ἡμετέρη
291 961 430 1042 εὐσεβείᾳ,
452 951 560 1064 περὶ
537 985 579 1024 ων
599 965 722 1036 δέονται,
750 957 830 1040 ἧδ’
853 959 949 1023 αύιῶν
969 959 1049 1034 δξ’
1020 985 1063 1064 ιη-
1112 961 1218 1034 pietati
1248 960 1312 1018 tieri
1340 962 1547 1034 manifestum,
1573 975 1632 1032 que
1652 959 1690 1018 dc
1711 975 1745 1020 re
1766 965 1949 1038 supplicent,
1977 965 2028 1022 vel

157 1052 237 1122 θείας
262 1047 436 1148 προσιόντων
455 1045 522 1126 ἡμῖν
548 1044 566 1152 γ’)
588 1043 635 1110 διά
660 1049 750 1126 μέσης
778 1051 829 1124 τῆς
851 1049 905 1126 τῆς
924 1040 1063 1148 μακαριό-
1114 1061 1166 1118 per
1187 1045 1269 1118 ipsos
1295 1049 1377 1102 recta
1404 1045 1442 1102 ad
1471 1060 1525 1102 nos
1553 1047 1723 1118 venientes,
1751 1047 1801 1103 vel
1829 1065 1881 1120 per
1902 1049 2028 1107 mediam

158 1155 245 1214 ιηιος,
265 1129 338 1194 οὕτω
354 1133 439 1210 τὲὸθ)
468 1128 613 1214 τυγχάνειν
639 1133 748 1202 δικαίας
775 1131 804 1191 ιλ
812 1128 861 1204 ⁸⁹)
886 1132 933 1192 καλ
963 1125 1062 1191 σνντό-
1113 1135 1194 1186 tuam
1214 1130 1440 1204 beatitudinem,
1467 1135 1556 1202 atque
1575 1129 1619 1186 ita
1639 1131 1694 1188 hos
1715 1132 1795 1188 insta
1822 1149 1858 1188 ac
1886 1149 2028 1208 compen-

154 1241 208 1297 poo
233 1223 282 1297 τῆς
308 1214 444 1318 ημετίρας
471 1220 638 1320 βηηθείπας
661 1220 689 1278 εί
712 1211 768 1296 γάρ
795 1237 828 1316 τιΙ
844 1219 901 1275 τόν
927 1213 1002 1286 ιίς*
987 1217 1063 1294 ημᾶς
1113 1213 1209 1271 diaria
1238 1218 1340 1272 nostra
1361 1213 1554 1287 opitulatione
1578 1215 1699 1287 pertrui
1741 1216 1819 1274 Nera
1842 1217 1961 1290 siquid
1989 1235 2027 1276 ex

154 1307 305 1382 φερομένων
332 1307 460 1363 τοιοῦτον
489 1300 555 1382 ἡμῖν
576 1299 645 1362 εἶναι
666 1303 779 1380 φανείη,
807 1295 847 1370 eir
867 1302 984 1360 δεῖσθαι
1012 1295 1063 1360 αύ·
1112 1299 1171 1372 his,
1200 1315 1277 1370 quae
1306 1297 1345 1354 ad
1373 1315 1427 1356 nos
1448 1301 1602 1372 teruntur,
1632 1299 1695 1358 tale
1721 1315 1790 1357 esse
1817 1283 1903 1358 nobis
1930 1303 2029 1360 visum

152 1393 205 1447 τόν
218 1391 272 1447 των
291 1381 528 1488 θιοφιλεστάτων
549 1389 641 1488 inpios
662 1381 887 1464 παρουσίαςθθ),
908 1389 1063 1462 τηνοιαδτα
1112 1383 1168 1458 sit,
1189 1384 1244 1444 ut
1235 1398 1366 1456 ipsorum
1383 1385 1439 1442 liei
1453 1384 1717 1442 amantissimorum
1736 1383 1923 1442 sacerdotum
1938 1401 2029 1459 pree-

152 1469 330 1550 portensem)
364 1466 572 1572 προστάξομεν
604 1465 723 1542 αύτούς·
773 1471 838 1548 δίχα
870 1467 912 1530 it
931 1464 1063 1548 τοιαύτης
1113 1469 1210 1525 sentia
1231 1469 1382 1543 indigeat,
1410 1473 1482 1525 tunc
1510 1469 1593 1540 ipsos
1614 1468 1721 1526 adesse
1742 1469 1925 1542 iubebimus3
1952 1472 2027 1527 abs-

150 1555 266 1628 θείας
251 1554 384 1637 pom)
406 1551 559 1628 κιλιόσιως
587 1553 688 1617 οόδδνα
714 1555 929 1633 παραγίνεσθαι
956 1574 1063 1635 σογχω-
1113 1569 1170 1626 que
1198 1553 1251 1610 tali
1273 1558 1375 1610 nostra
1395 1557 1494 1610 autem
1523 1553 1625 1610 divina
1645 1553 1780 1610 iussione
1802 1555 1947 1612 neminem
1970 1571 2027 1612 ve-

150 1645 263 1744 ρρύμεη,
298 1642 336 1715 (.§
357 1638 401 1718 2)
430 1636 540 1712 ιίδότος
571 1645 623 1701 τοῦ
650 1659 743 1700 ταντα
769 1636 998 1742 ὑπερβαίνοντος,
1014 1637 1062 1698 καλ
1112 1637 1178 1694 ιλιι
1199 1637 1389 1696 concedimus
1410 1636 1460 1713 (β.
1475 1635 1532 1712 2,)
1553 1636 1668 1695 sciente
1690 1653 1735 1709 eo,
1756 1639 1807 1709 qui
1828 1639 1904 1697 haec
1924 1645 2029 1696 mans-

147 1719 198 1804 τόγν
229 1723 334 1828 ὀρθῶς
365 1726 413 1827 καὶ
456 1723 544 1797 ὁσίως
576 1721 846 1804 staoqosroasup
876 1720 952 1803 παρ’
981 1720 1063 1822 ἡμῶν
1111 1721 1283 1798 grediatnr,
1319 1727 1348 1779 et
1370 1738 1389 1778 a
1409 1722 1494 1779 nobis
1523 1738 1576 1794 pro
1597 1723 1850 1780 sanctissimarum
1877 1725 2028 1782 ecclesia-

147 1811 191 1870 διιλ
221 1816 262 1932 ιῖη
292 1814 351 1871 τάν
380 1805 563 1914 ἁγιωτάτων
571 1811 744 1914 ἐκκλησιῶν
758 1813 824 1888 τιμῇ
851 1802 1062 1910 παραφηλανην
1111 1823 1176 1864 rum
1203 1807 1314 1864 honore
1336 1811 1418 1864 recte
1438 1807 1546 1880 pieque
1573 1806 1770 1864 introductam
1791 1809 2030 1868 observationem

146 1889 404 1998 ηαρτξιόντοςθθ)
415 1892 450 1956 ού
476 1897 580 1974 μικρᾶς
601 1889 820 2038 ἀγανακτήσεως
840 1887 1061 1972 πειραθήσεται,
1110 1895 1295 1966 praetereat,
1329 1907 1364 1949 sc
1390 1907 1448 1948 non
1476 1907 1597 1964 parvam
1617 1891 1850 1967 indignationem
1879 1909 1947 1952 esse
1968 1911 2027 1953 cx-

144 1974 217 2040 άίλά
238 1977 321 2039 aal‘
306 1975 364 2082 ρπό
385 1976 549 2082 άρορισρὸν
574 1973 738 2080 γενήσεται,
770 1981 798 2038 εί
821 1975 871 2054 μλν
890 1978 1061 2078 μητροπηλί-
1110 1981 1275 2051 periurum,
1296 1993 1399 2034 verum
1421 1976 1526 2048 etiam,
1547 1976 1692 2048 siquidem
1714 1977 1954 2050 metropolitanus
1976 1979 2027 2054 sit,

143 2083 193 2160 της
219 2061 275 2143 εἴη,
304 2059 363 2125 iat
390 2069 442 2142 τῆς
470 2069 524 2168 ηῆς
550 2057 775 2144 μακαριότητος,
809 2067 837 2123 εί
862 2060 892 2122 ai
918 2065 977 2121 τόν
1003 2053 1060 2122 ύιό
1110 2077 1165 2134 per
1191 2061 1402 2120 beatitudinem
1432 2065 1512 2118 tuam
1548 2061 1585 2118 ab
1620 2061 1750 2118 ecclesia
1779 2068 1947 2132 separatum
1973 2064 2027 2136 iri3

141 2145 194 2208 τόν
212 2151 424 2250 μηιρρπολίτην
445 2143 570 2224 πόλεων,
592 2145 632 2207 δι’
655 2145 746 2246 αύτηῦ
766 2150 819 2207 τοῦ
839 2146 1060 2224 μητροπολίτον.
1111 2145 1159 2202 sin
1187 2160 1260 2203 vero
1288 2161 1327 2203 ex
1354 2145 1543 2220 civitatibus,
1573 2161 1650 2218 quae
1676 2147 1900 2218 metropolitano
1922 2149 2029 2204 subie-

140 2229 315 2332 χρηματιστὴν
328 2229 390 2336 γάρ
411 2227 510 2334 ποινγὶν
530 2229 635 2334 ὁρίσαι
648 2227 725 2293 κατά
752 2251 811 2291 των
830 2225 1061 2334 ὑπερβαινόντων
1110 2237 1178 2288 ctae
1198 2235 1278 2304 sunt,
1300 2231 1350 2303 sit,
1379 2232 1548 2304 peripsum
1569 2231 1834 2330 metropolitanum.
1876 2233 2028 2290 Pecunia-

139 2337 192 2396 την
212 2313 335 2380 θείατ’
320 2339 400 2396 ημων
429 2311 535 2418 ταύτην
555 2311 730 2418 διατύπωσιν
751 2312 803 2416 σόη
829 2313 984 2394 ἀναγκαῖον
1005 2309 1061 2392 piti-
1109 2315 1186 2373 riam
1213 2271 1291 2372 enim
1319 2331 1443 2387 poenam
1471 2317 1615 2372 adversus
1637 2317 1710 2390 lios,
1737 2317 1787 2388 qui
1814 2331 1929 2374 sacram
1950 2316 2028 2374 hanc

138 2407 246 2481 θημεν,
279 2399 322 2474 τός
352 2397 444 2481 dom)
472 2397 581 2482 μόγς
542 2406 581 2474 είς
611 2397 665 2472 τάς
692 2393 854 2500 ἁγιωτάτας
874 2393 1060 2499 ἐναλησίοηςῆ
1110 2405 1241 2458 nostram
1262 2400 1486 2473 dispositionem
1506 2401 1780 2478 transgrediuntur,
1801 2405 1933 2458 statuere
1954 2417 2026 2458 cre-

138 2489 271 2588 δντεγθεν
306 2489 457 2590 περισιηιίη
490 2483 598 2566 βλάβη,
635 2475 676 2546 τόν
703 2479 742 2544 τότ
777 2479 933 2566 πράγματα
964 2477 1061 2562 πάσης
1111 2485 1240 2544 didimus
1268 2500 1343 2557 opus
1379 2500 1437 2542 non
1465 2501 1548 2560 esse,
1583 2501 1624 2543 ne
1643 2485 1791 2558 damnum,
1819 2487 1895 2558 quod
1918 2485 2027 2544 exinde

136 2565 338 2649 μειωσοωςθθ)
360 2567 500 2672 ἐλεύθερα
520 2575 610 2651 μίνειν
632 2563 860 2672 σπουδάζομιη.
884 2570 907 2644 §.
929 2565 957 2631 9
985 2571 1060 2628 Ταῦ·
1110 2569 1220 2644 oritur,
1255 2569 1293 2625 nd
1324 2568 1529 2626 sanctissimas
1564 2571 1726 2646 ecclesias,
1763 2585 1884 2642 quarum
1912 2587 1962 2628 res
1989 2571 2026 2628 alt

137 2677 175 2716 τα
196 2659 292 2718 τοίνυν
312 2661 351 2730 είς
378 2653 431 2734 τὴν
451 2649 573 2716 ἑκάστου
593 2676 696 2736 γνωσιν
724 2659 781 2714 τῶν
806 2649 860 2714 ὑπ’
884 2651 957 2732 αόιῇ
978 2671 1060 2713 τινα·
1110 2655 1189 2712 omni
1210 2653 1412 2712 deminutione
1439 2654 1548 2712 liberes
1576 2671 1695 2714 manere
1722 2656 1890 2730 studemus,
1912 2656 2028 2712 redun-

135 2743 257 2845 pedione
266 2735 500 2845 θεοφιλεστάτων
520 2741 737 2840 μητροπσλιτων
764 2732 964 2840 δικαιότατ’
946 2748 1061 2818 αγαγιιν
1110 2738 1182 2796 dare
1202 2739 1308 2813 possit.
1353 2738 1384 2812 9.
1403 2737 1432 2798 9.
1453 2741 1536 2798 llaec
1556 2739 1651 2815 igitur
1671 2744 1724 2798 tua
1744 2742 1888 2798 sanctitas
1909 2741 1945 2796 ad
1967 2755 2026 2798 no-

136 2820 217 2906 ἡσὴ
241 2820 361 2904 ὁσιότης
382 2819 593 2898 σπουδασάτω,
615 2826 663 2885 καλ
683 2818 736 2894 τάς
756 2820 825 2900 παρ’
847 2817 969 2884 θιάστον
989 2844 1060 2902 πιμ-
1111 2825 1206 2882 titiam
1229 2825 1373 2896 cuiusque
1395 2838 1510 2898 eorum,
1540 2827 1590 2896 qui
1618 2826 1673 2882 snb
1705 2841 1742 2882 sa
1770 2825 1925 2884 constituti
1946 2829 2027 2900 sunt,

134 2913 266 3014 πημένας
294 2910 459 2989 ἀποκρίσεις
485 2904 534 2969 διά
559 2907 646 2988 τεθῖ)
681 2928 739 2969 των
769 2908 985 3008 μηιραπολιτων
1011 2905 1060 2967 aul
1109 2910 1167 2969 Dei
1187 2910 1453 2966 amantissimorum
1478 2909 1766 2982 metropolitanorum
1794 2911 1927 2984 perterre
1956 2913 2026 2968 siu-

134 2992 177 3056 dt'
192 2992 361 3063 uoroa⁹⁷⁸l
370 3015 428 3055 των
446 2995 602 3055 λοιπων
565 3014 617 3071 της
639 2994 775 3072 ἐπαρχίας
793 2987 905 3054 πόλεων
925 2993 1058 3071 θιαφιλο-
1108 2995 1197 3069 dcat,
1219 3009 1353 3067 quaeque
1374 2994 1413 3050 ab
1433 3009 1611 3066 unoquoque
1632 2996 1786 3052 mittuntur
1813 2995 2026 3068 responsiones

134 3077 255 3142 στάιων
276 3073 455 3152 ἐπισκόπων,
479 3072 500 3138 οἳ
521 3073 708 3159 περὶτούτων
727 3071 997 3158 μομοιθὴκασιιθθ),
1018 3081 1058 3148 τίς
1108 3083 1168 3138 tam
1190 3095 1209 3135 a
1229 3078 1484 3151 metropolitanis,
1515 3095 1601 3151 quem
1628 3083 1658 3135 et
1684 3080 1755 3137 ιιι·
1747 3081 1823 3153 ipsis
1844 3080 2026 3152 reliquarum

784 3157 1049 3174 -ἡιι-

129 3176 185 3260 χχ,
214 3179 354 3262 ἡμηγρα,
381 3178 524 3258 ,popm
551 3182 674 3259 mm„
717 3179 753 3238 η
781 3196 834 3259 μ
864 3197 946 3261 W
975 3195 1057 3240 ,m
1105 3163 1452 3237 provinciueoivitatium
1465 3163 1744 3221 Deiementissimis
1759 3163 2026 3238 episcopisdeltis,

398 3277 436 3288 -
472 3277 508 3288 -
543 3277 580 3286 —
1099 3265 1184 3321 quae
1213 3249 1271 3305 hoc
1292 3248 1330 3306 de
1351 3265 1384 3306 re
1405 3249 1582 3323 didicerint,
1607 3247 1646 3304 ad
1672 3253 1802 3306 nostram
1822 3251 1962 3322 pietatem
1990 3253 2026 3306 ut

128 3300 217 3358 Ρθθί
240 3263 290 3345 0⁹·
310 3279 447 3362 9θῖ999·
467 3298 519 3356 W·
543 3298 608 3356 Μ·
629 3297 664 3340 ¹¹·
682 3297 748 3341 ⁰⁸⁸
756 3279 803 3362 99)
1102 3335 1307 3408 perferantur,
1329 3333 1449 3392 efficiat.
1472 3291 1641 3392 ΒαίαιόιΧ.
1653 3335 1694 3394 Κ.
1716 3333 1852 3392 Marion
1868 3335 2022 3394 Comtutt·

1103 3419 1196 3492 tinop.
1204 3409 1265 3494 (t)
1286 3420 1327 3476 D
1348 3419 1521 3478 λυιιλνιλσιισ
1540 3435 1594 3494 pp.
1614 3417 1692 3494 Αιιγ
1712 3419 1762 3480 Π.
1783 3433 1843 3478 0⁰⁸·

237 3602 499 3678 Ἰσυστινιανοῦ
505 3601 535 3685 ¹)
561 3597 672 3698 νόμος
697 3598 936 3702 ἀπαγορεύων
960 3593 1054 3676 εἶναι
1182 3598 1404 3698 (Consti.)
1430 3601 1614 3677 Iustiniani
1627 3601 1700 3694 lert,
1716 3623 1805 3700 quae
1816 3625 1971 3676 virorum
1987 3607 2024 3676 ct
2040 3627 2061 3666 ι
2072 3621 2113 3666 ⁴1
2120 3621 2174 3671 un

125 3703 374 3805 μουαστιγρια
406 3705 519 3778 διπλᾶ
549 3703 700 3832 άνδρων
721 3700 784 3778 καὶ
815 3709 997 3795 γυναικῶν
1028 3695 1054 3806 ἦ
1105 3701 1283 3779 mulierum
1303 3703 1495 3778 communia
1518 3702 1730 3778 monasterio
1756 3726 1840 3778 csse
1864 3702 2024 3804 prohibet
2039 3687 2175 3815 ff„f,f,‘,⁶{,¹'

122 3809 428 3882 συνδιαιτᾶσθαι
457 3799 642 3902 μσναχούς
670 3804 921 3906 μσναστρίαις.
1106 3805 1168 3882 vel
1192 3803 1384 3880 monachos
1409 3828 1487 3880 cum
1512 3805 1711 3882 monastriis
1737 3803 1948 3882 cohabitare.
2038 3825 2157 3884 σοντι)

210 3990 255 4138 ‘O
282 3989 397 4066 αὐτός
423 3987 600 4074 βασιλευς
626 3995 738 4073 Maponi
771 3989 919 4077 ἐπάρχῳ
945 4015 1071 4084 πραι·
1191 3995 1281 4058 iren
1299 3995 1464 4103 ιἰιιγιιιιιλοι
1484 3995 1598 4054 Menoe
1616 3991 1772 4070 praefecto
1795 3995 1962 4070 prudntia.

120 4095 202 4159 τωρ
230 4099 290 4148 ιον.

224 4213 288 4294 Τῆς
322 4234 380 4274 των
407 4204 572 4291 ἁγιωτάτων
600 4215 750 4292 ἐκκλησιων
783 4212 832 4274 καλ
863 4233 921 4316 την
947 4210 1056 4294 εόαγῶν
1169 4215 1429 4276 sanctissimarum
1450 4213 1642 4275 ecclesiarum
1663 4213 1934 4289 venerabiliumque
1955 4231 2023 4273 mo-

117 4301 337 4378 μσναστηρίων
349 4301 535 4399 προνοοῦντες
555 4293 733 4378 σεμνότητος,
754 4292 967 4378 άπαγορεύομον
981 4303 1055 4359 πᾶσι
1104 4301 1302 4358 nasteriorum
1329 4301 1430 4360 decori
1464 4301 1668 4372 consulentes,
1704 4301 1909 4376 prohibemns,
1944 4314 2023 4372 quo-

118 4395 189 4454 τοις
228 4385 340 4444 οἰκοῦσι
378 4375 557 4484 μσνασιὴρια
574 4381 604 4458 ²)
647 4382 908 4461 σννδιαιτᾶσθαιθ)
949 4379 1055 4483 γυναιξὶ
1104 4386 1203 4443 minos
1225 4389 1337 4460 ornnes,
1364 4387 1416 4459 qni
1437 4386 1468 4444 in
1489 4386 1678 4444 monasteriis
1698 4387 1842 4460 habitent,
1864 4401 1930 4442 cum
1950 4400 2023 4441 nru-

116 4470 283 4569 μονασιρί
279 4491 325 4540 αις
338 4491 355 4546 η
370 4487 518 4547 npoqucn
529 4487 591 4528 τινα
578 4465 632 4542 ⁴)
647 4471 763 4528 ἐπινοεῖν
770 4487 821 4527 του
808 4470 981 4529 κοινωνίαν
990 4489 1053 4528 τινα
1104 4470 1228 4527 llerilius
1249 4473 1417 4528 monastriis
1439 4477 1652 4529 conversentur
1680 4477 1732 4530 aut
1753 4471 1938 4530 occasionem
1960 4467 2023 4524 ali-

119 4547 206 4633 πρός
232 4548 324 4624 αότάς
354 4548 424 4632 ἔχειν
451 4549 550 4626 (τοῦτο
575 4547 674 4652 γάρ
663 4554 773 4612 δικαίαν
801 4548 930 4655 ύποιρίαν
951 4548 1056 4631 είσάγει
1105 4571 1192 4626 quam
1221 4558 1410 4632 excogitent,
1437 4557 1728 4614 communicationem
1755 4571 1821 4614 cum
1853 4553 1929 4624 ipsis
1963 4553 2024 4609 he-

119 4641 180 4699 τοῦ
206 4658 349 4740 σονεχως,
374 4635 439 4710 καί,
466 4633 547 4715 ηνίκα
567 4659 604 4698 αν
624 4633 777 4716 βούλοιντο,
796 4631 981 4737 τογγάνεινῦ)
1006 4634 1055 4698 αό-
1104 4639 1194 4698 bendi
1216 4639 1291 4714 (hoe
1312 4642 1390 4698 enirn
1412 4641 1520 4699 iustam
1542 4642 1743 4714 suspicionem
1763 4637 1937 4712 introducit,
1968 4653 2023 4694 as-

117 4720 232 4796 ταις)·
253 4717 321 4784 ἀλλ’
345 4715 421 4783 ούτα
441 4725 660 4803 κεχωρισμένοις
681 4713 809 4795 εἶναι,
784 4743 860 4784 ωστι
880 4723 1054 4804 μηδεμίανθ)
1108 4724 1196 4782 sidae
1210 4739 1273 4802 eos,
1294 4729 1325 4784 et
1345 4719 1578 4800 quandocunque
1592 4725 1756 4801 voluerint,
1777 4738 1844 4783 cum
1861 4722 1924 4782 iilis
1946 4738 2023 4780 con-

238 5034 319 5100 en‘
303 5039 353 5092 κατ’
371 5037 456 5093 odacri
472 5043 544 5092 Μαι.
584 5041 632 5102 88)
651 5035 719 5092 σύτο
736 5058 766 5092 τι
782 5043 856 5094 Μαι.
890 5043 938 5102 89)
954 5059 984 5093 τε
1000 5044 1074 5095 Mon
1113 5042 1161 5104 99)
1178 5061 1218 5097 πα
1219 5047 1325 5116 ρσυσλας
1342 5049 1424 5112 Aug,
1440 5049 1512 5098 Μαι.
1529 5042 1690 5112 meroveicae.
1731 5041 1780 5104 91)
1795 5043 1922 5108 γενέσθαι
1938 5043 2024 5104 Μαι..

112 5111 326 5234 παραγενέσθαι
327 5127 338 5158 ι
355 5111 426 5174 Aug.
506 5111 554 5168 92)
576 5105 678 5160 Vux⁴
664 5127 735 5172 ηγιοιν
760 5111 837 5160 deest
862 5112 931 5174 apttd
942 5113 1027 5193 Aug.
1111 5114 1159 5172 99)
1177 5112 1257 5166 ιόσενε
1255 5119 1365 5183 ,ηδ-ἦσαν
1351 5118 1463 5177 ν.Μοιι,
1488 5111 1681 5176 ιόσενεχθιῖσαν
1699 5114 1771 5176 Aug.
1856 5112 1905 5171 94)
1923 5111 2024 5166 Contra

187 5180 267 5229 (iet
282 5178 355 5239 Aug.
371 5180 433 5240 post
446 5173 617 5258 παρεξιόντος
634 5179 857 5239 interponendum
873 5174 952 5228 estoi
933 5197 974 5234 ινα
1025 5173 1109 5238 aa)
1091 5198 1123 5237 υς
1140 5177 1174 5230 δν
1190 5183 1264 5246 Aug.
1310 5185 1357 5243 uti)
1374 5185 1419 5232 sie
1436 5184 1518 5245 Δις..
1540 5183 1612 5231 Mon.
1630 5181 1752 5242 γνώσεως.
1793 5178 1840 5238 97)
1859 5179 1932 5230 διατι
1949 5179 2024 5259 Aug.

113 5251 195 5310 ma)
217 5248 288 5343 Leg.
299 5243 344 5294 διά
358 5261 474 5295 τνιντων
473 5245 564 5304 ,98)
581 5247 766 5344 χιιμοιθηηκι
710 5259 782 5295 ιιιοσν
798 5246 922 5309 Διςυ-
887 5245 1013 5297 -ldem
1029 5247 1058 5296 in
1075 5247 1182 5313 corrig.
1199 5249 1394 5352 μεμαθηιοισιν.
1437 5251 1483 5309 99)
1499 5251 1574 5301 Mun.
1590 5252 1621 5300 in
1638 5251 1768 5300 contextu
1783 5247 1858 5298 adiit
1873 5242 2025 5312 όξιφωνὴθνγ

111 5339 147 5385 τ’.
179 5299 280 5381 ιιαλόιν.
303 5315 395 5396 Μαόν
421 5321 488 5389 perd
513 5323 563 5392 τἠν
579 5322 709 5378 ύπατιόαν
733 5330 782 5379 τοῦ
810 5327 941 5380 δεσπότου
964 5326 1123 5380 Ἰονστινιαν
1090 5333 1156 5381 ανοῠ
1178 5329 1286 5384 αι’ωνόου
1310 5327 1471 5394 Αὐγούστου
1488 5329 1648 5402 διατόρῳ
1615 5349 1632 5382 τ
1633 5350 1665 5397 ης
1680 5326 1736 5382 ύνια
1737 5330 1808 5390 τιόας
1824 5327 2024 5382 ’incursionum

112 5401 198 5453 Post
220 5398 396 5448 consulatum
413 5398 515 5446 mentio
533 5401 593 5446 orte
611 5407 645 5445 ex
662 5395 733 5444 mele
750 5397 898 5447 intellectis
915 5397 1010 5462 siglis,
1028 5399 1124 5460 quilius
1144 5398 1395 5463 constantinopolis
1412 5399 1578 5463 designatur.
1621 5401 1692 5450 Vide
1709 5399 1820 5450 Bioneri
1836 5401 1898 5450 liat.
1915 5399 2024 5449 Neocli.

110 5483 142 5534 p.
173 5467 246 5518 503.
298 5466 369 5526 Aug.
394 5465 463 5514 lianc
485 5464 564 5513 iulet
591 5465 831 5526 subscriptionem·
870 5467 933 5517 liat.
960 5465 997 5514 X.
1022 5465 1090 5516 Kal.
1116 5466 1207 5518 Mart.
1237 5467 1286 5531 cp.
1309 5465 1524 5518 illidentium.
1552 5468 1610 5520 ΡΡ.
1637 5468 1671 5520 Α.
1699 5467 1740 5517 il.
1769 5467 1830 5518 Coe.
1874 5467 1967 5518 (lodex
1989 5465 2022 5515 (i.

111 5556 197 5606 neec
226 5549 322 5600 habet:
356 5533 390 5604 δ.
420 5548 463 5608 Χ.
490 5551 528 5607 tt.
557 5551 675 5640 (0de
688 5521 875 5611 cottsi'ai’t
894 5553 1023 5610 usrtrtt
1049 5553 1129 5642 ppA
1151 5567 1220 5630 μγ.
1246 5586 1276 5647 χ.
1309 5552 1485 5614 Reliquorum
1517 5550 1647 5603 (iudicum
1672 5553 1857 5602 testimenium
1885 5553 1938 5603 lice
1966 5554 2024 5602 eat:

110 5638 153 5711 δ.
187 5651 237 5712 x·
262 5653 302 5711 rt
325 5653 445 5709 ιιιιτ.
472 5653 610 5709 coitsi'.
627 5652 704 5707 nuo
733 5649 889 5708 (conexio
907 5638 968 5713 ιδ’)
978 5656 1199 5754 'rusrrmpp
1217 5651 1372 5711 (conexu.
1390 5655 1443 5704 ιω
1458 5655 1522 5704 roco
1538 5654 1578 5704 ιι
1595 5651 1681 5712 erait]
1667 5655 1749 5730 1st
1766 5653 1858 5729 033.
1932 5652 1963 5711 ι)
1980 5649 2024 5699 ιι

112 5737 287 5798 marginem
305 5733 414 5788 Codicis
429 5735 536 5786 Moneo.
555 5735 704 5798 adpositum
722 5748 739 5784 e
755 5736 843 5797 prima
858 5740 990 5786 ιιιιοτλ
971 5733 1041 5799 ιγ’.
1059 5735 1129 5787 diae.
1147 5734 1209 5799 γγί.
1284 5737 1316 5796 2)
1333 5755 1401 5800 μονα
1402 5736 1520 5806 στηρλοις
1533 5738 1606 5790 Μαι.
1691 5741 1723 5798 δ)
1744 5737 1864 5824 τηνδιιτα
1852 5739 1934 5788 ’σθαι
1951 5737 2023 5800 Aug.

112 5804 348 5859 συνδιαιτᾶσθαι
365 5804 439 5856 idem
455 5805 485 5855 in
504 5802 614 5870 Corrig-
684 5801 715 5862 i)
732 5799 864 5873 προφστλν
879 5821 941 5856 τινα
956 5806 1030 5868 Aug.
1098 5805 1128 5864 δ)
1145 5799 1332 5870 συντυγχάνει
1348 5809 1417 5874 Aug.
1452 5808 1548 5859 ilecto.
1617 5805 1728 5938 ἳοιιηδὲ
1745 5805 1809 5872 μίαν
1824 5807 1898 5860 Μαι.

229 5908 268 5968 ii.
