4784 7068
658 541 1440 645 novrusrrauruxrrr.
1908 577 1985 648 aaa

145 763 199 841 τόν,
224 762 300 830 mid
327 767 375 830 κα)
401 771 458 828 τῶν
486 767 601 848 άχωχιὺν
622 765 752 830 ’ἐκπίπτει
779 763 867 839 αὑτός
893 767 923 830 τὲ
951 766 1034 830 καλό
1078 765 1239 846 cessitqi),
1265 767 1339 824 nihil
1360 768 1456 826 damni
1478 767 1506 826 ei
1528 767 1632 842 interi,
1652 785 1754 828 verum
1775 771 1864 828 ctiam
1883 769 1983 828 actio-

140 849 333 934 χειροτονήσας
360 849 438 928 αὑτῷ
448 852 504 930 ⁸⁹).
547 854 769 932 σημείωσαιθθ),
797 847 841 914 ότι
863 855 907 914 ἐπ)
928 849 1036 928 ε’κάστφ
1078 857 1164 912 uibus
1195 854 1334 910 excidunt
1360 855 1474 924 etipse
1503 859 1532 909 et
1553 856 1596 926 is,
1625 856 1674 924 qui
1696 855 1725 910 ci
1753 858 1851 912 cessit.
1893 857 1983 928 Nota,

140 935 264 1018 κηδεμόνι
274 938 320 1014 ⁹¹)
341 933 421 1018 χώρα
446 942 487 1012 τῷ
508 932 594 1016 νόμῳ.
635 934 797 1018 ὁκηδεμιόν
818 936 869 998 οὑκ
890 934 1037 1016 άνιιχκιὶζε·
1078 940 1109 996 in
1131 953 1304 1008 quocunque
1332 941 1427 994 tutore
1454 939 1501 994 vel
1530 941 1663 995 curatore
1689 939 1785 996 locum
1814 956 1881 996 esse
1910 939 1982 1012 legi.

138 1045 184 1084 ται
210 1023 324 1095 δανίζειν
347 1023 387 1099 (v.
409 1020 552 1098 δανείζειν)
575 1017 612 1082 τά
631 1019 772 1102 όρφανικά
792 1017 936 1100 χρηματα,
965 1017 1037 1098 πλὴν
1079 1025 1170 1080 'l'utor
1198 1027 1352 1078 curatorve
1378 1038 1435 1078 non
1462 1023 1577 1094 cogitur
1604 1025 1745 1094 pecunias
1771 1025 1930 1095 pupillares
1951 1025 1983 1078 iu

137 1113 164 1170 εί
178 1103 217 1186 με)
239 1105 254 1184 ι)
279 1102 435 1175 ὑπόστασις
455 1109 512 1166 τῶν
531 1108 598 1166 νέων
619 1110 647 1166 ἐν
667 1109 773 1188 χρυσίῳ
796 1109 870 1166 ἐστὶν
896 1108 944 1166 κει)
973 1100 1037 1186 χρῇ·
1079 1109 1199 1162 foenore
1218 1105 1380 1178 collocare,
1406 1107 1462 1162 ruisi
1482 1107 1556 1162 siin
1574 1109 1699 1178 pecunia
1717 1113 1867 1164 numerata
1883 1107 1984 1166 mino-

138 1193 173 1266 ζιι
199 1195 370 1268 δανισθῆναε
403 1191 444 1268 (v.
471 1192 666 1268 δανεισθῆναι)
700 1187 774 1270 πρός
801 1189 954 1269 ἀναγκαίαν
981 1195 1038 1249 των
1078 1206 1142 1248 rum
1169 1191 1332 1246 substantia
1363 1192 1519 1260 consistat,
1557 1195 1586 1246 et
1613 1207 1686 1262 opns
1712 1186 1768 1264 sit,
1795 1197 1827 1248 ut
1856 1193 1984 1266 pecunia

139 1270 344 1354 δαπανημάτων
371 1277 473 1355 χρείαν.
514 1271 563 1336 ἐάν
589 1272 605 1335 ὁ
634 1273 759 1354 κηδεμών
786 1270 898 1353 cardon
926 1272 967 1345 (v.
990 1276 1037 1332 da·
1079 1277 1134 1332 sub
1156 1275 1276 1330 foenore
1297 1273 1464 1346 collocetur,
1498 1275 1535 1330 ad
1562 1276 1759 1332 necessarium
1788 1291 1981 1347 expensarum

141 1362 234 1437 τείσει)
255 1355 292 1420 τά
313 1364 363 1420 τοῦ
383 1360 445 1418 aloc
466 1353 596 1437 χρήματα
617 1355 679 1420 ἐνόν
703 1361 742 1432 (v.
764 1355 854 1432 ἑκιόν),
876 1354 926 1419 δὺο
947 1363 1036 1435 μῆνας
1079 1375 1172 1416 usum.
1203 1359 1237 1414 si
1258 1364 1336 1414 tutor
1357 1359 1543 1432 (curatorve)
1563 1359 1703 1430 pecunias
1720 1361 1839 1418 minoris
1860 1361 1891 1416 ln
1913 1361 1982 1416 l'oe-

143 1449 295 1524 irdccipcuc
316 1445 413 1524 ἐχέτω,
435 1437 484 1512 οὓς
505 1441 520 1504 ό
542 1437 629 1523 νόμος
649 1441 873 1522 saraptenae)
896 1441 1036 1514 catatu,
1080 1458 1149 1500 nore
1171 1442 1271 1499 volens
1293 1443 1454 1513 collocabit,
1475 1445 1532 1498 duo
1551 1459 1666 1502 menses
1684 1445 1866 1502 induciarum
1887 1445 1982 1502 ΙιοΙοο-

146 1531 186 1592 κα)
205 1531 247 1589 ἐπ)
267 1533 301 1606 τῇ
322 1523 556 1587 άποκαταστάσει
582 1533 637 1588 τῶν
660 1530 862 1588 δανεισθέντων
888 1523 959 1608 μετά
981 1529 1037 1586 τῶν
1080 1535 1118 1596 to,
1141 1543 1212 1598 quos
1234 1527 1283 1582 lex
1303 1527 1497 1584 laxamentum
1526 1534 1622 1600 vocat,
1644 1529 1731 1584 etde
1757 1531 1882 1602 pecunia
1913 1532 1983 1586 toe-

149 1611 281 1690 ro'snr9*)
316 1613 500 1671 κινδυνευέτω.
547 1606 600 1684 τάς
628 1607 788 1691 προσόδους
820 1617 877 1672 τῶν
904 1615 970 1672 νίων
1000 1614 1037 1680 είς
1080 1611 1145 1668 nori
1180 1612 1248 1666 data
1284 1627 1343 1668 unc
1377 1628 1443 1667 cum
1479 1614 1577 1668 usuris
1605 1614 1787 1670 restituenda
1819 1615 1981 1686 periculum

149 1693 193 1768 τάς
209 1693 359 1776 α’ναχκαίας
389 1693 482 1754 αὑτῶν
502 1707 657 1773 προχωρεῖν
685 1675 814 1766 δαπάνας
834 1699 880 1756 κα)
907 1691 940 1756 τό
962 1716 1037 1772 περι·
1081 1695 1186 1752 subito.
1236 1695 1360 1752 lleditus
1395 1703 1492 1752 autem
1524 1697 1664 1754 minorum
1693 1695 1785 1770 (Ιιαοο
1811 1699 1981 1754 constitutio
2050 1737 2053 1744 .

150 1777 283 1858 πενόμενον
319 1773 574 1856 (περιττευόμενον)
606 1777 793 1840 ἀπαιτεῖσθαι
803 1778 857 1856 9⁵).
900 1783 926 1840 εἰ
950 1773 1037 1874 μόνης
1082 1779 1169 1852 dicit]
1192 1780 1228 1834 ad
1250 1781 1433 1836 necessarias
1456 1796 1600 1852 esqrensas
1621 1783 1771 1853 prolicere.
1793 1789 1823 1838 et
1843 1783 1883 1854 id,
1905 1783 1983 1853 quod

148 1871 246 1944 κενεμης
265 1859 449 1933 ὑποστάσεως
471 1857 652 1934 δεσπόζουσιν
670 1861 675 1944 )
696 1863 740 1938 ⁹⁶)
771 1868 800 1925 οί
818 1859 958 1942 dorileum,
987 1883 1038 1940 την
1078 1870 1222 1936 superest,
1243 1861 1451 1938 reponito(i).
1494 1867 1526 1922 si
1548 1868 1577 1922 in
1599 1881 1694 1922 rerum
1709 1865 1857 1924 mobilium
1871 1873 1982 1922 tantum

149 1955 182 2021 είς
209 1945 331 2026 δαπάνην
340 1946 385 2020 ⁹²)
416 1944 615 2024 άρκοὺσανθθ)
645 1952 675 2007 ἐκ
707 1942 811 2024 ταὺτης
837 1943 985 2026 ποσότητα
1011 1951 1040 2007 ol
1079 1949 1255 2022 proprietate
1284 1951 1423 2004 minorum
1453 1951 1618 2015 substantia
1644 1953 1799 2024 consistat,
1827 1967 1890 2006 eam
1912 1957 1982 2007 tan-

149 2029 243 2095 τοόνων
262 2027 410 2111 κηδεμόνες
431 2029 614 2102 δανιζέτωσαν
637 2031 677 2108 (v.
695 2033 915 2108 δανειζέτωσαι),
937 2027 1038 2108 τηνδλ
1080 2039 1140 2088 tum
1157 2049 1194 2088 ex
1215 2033 1267 2087 illa
1291 2035 1492 2106 quantitatem,
1513 2051 1587 2104 cquae
1609 2036 1644 2088 ad
1667 2052 1812 2105 expensas
1835 2035 1983 2110 [erogan-

148 2112 266 2195 περεττην
286 2113 541 2176 άποτιθέσθωσαν.
583 2113 797 2195 άχοραζίτωσαν
823 2121 852 2176 ἐκ
872 2111 976 2193 ταὺτης
998 2113 1038 2176 εὑ-
1081 2117 1150 2190 das)
1180 2117 1307 2190 suflicit,
1334 2123 1446 2174 tutores
1468 2125 1657 2174 curatorcsve
1684 2119 1738 2174 sub
1765 2122 1865 2176 usuris
1886 2120 1983 2176 colio·
2070 2106 2080 2124 '

149 2203 225 2301 dcli,
249 2196 392 2278 πρόσοδον
421 2211 479 2269 τοῖς
512 2195 650 2276 άηὴλιξια
690 2204 748 2271 πᾶς
776 2193 849 2278 πρός
876 2202 1038 2279 κηδεμονίαν
1080 2207 1181 2268 οειιίος
1211 2217 1274 2256 eam
1295 2208 1410 2271 sutem,
1440 2219 1515 2274 quae
1543 2209 1691 2276 superest,
1722 2207 1891 2274 reponunto.
1934 2205 1982 2262 Ex

149 2287 306 2363 καλουμενος
333 2279 443 2361 όμνὺτω
468 2277 563 2343 πάντα
584 2279 716 2362 πράττειν
743 2280 817 2363 πρός
844 2281 973 2363 όηέλειαν
998 2285 1037 2362 (v.
1078 2287 1135 2342 hac
1157 2287 1338 2342 fructuosum
1355 2287 1515 2360 (aliquem)
1530 2288 1651 2344 reditum
1674 2289 1833 2344 mitioribus
1856 2295 1981 2346 emunto.
2033 2323 2039 2337 ·

149 2367 284 2446 άηελειαν)
305 2374 363 2428 τῶν
383 2369 643 2446 κηδεμονευομένων,
665 2366 842 2445 ὑποκείμενος
860 2367 937 2428 οὐδὲν
955 2357 1039 2444 ἧττον
1080 2371 1251 2440 Quicunque
1271 2369 1308 2424 ad
1330 2371 1448 2426 tutelam
1480 2387 1616 2428 curamve
1642 2379 1779 2443 vocatur,
1807 2373 1917 2444 iurato,
1948 2388 1982 2428 se

149 2464 201 2526 τοῖς
211 2455 358 2534 λοχισμοῖς.
378 2449 475 2532 Ἐχβί.
496 2446 807 2529 καλάνδοσνθθ)....
828 2449 1038 2532 ccccm).
1080 2455 1176 2511 omnia
1197 2456 1296 2510 facere
1317 2455 1354 2510 ad
1375 2456 1530 2512 utilitatem
1554 2471 1671 2528 eortina,
1692 2457 1743 2526 qui
1763 2458 1817 2512 sub
1839 2473 1909 2513 cura
1930 2461 1982 2512 tu-
2018 2482 2027 2504 ·

1078 2539 1175 2596 telave
1198 2545 1281 2610 sunt,
1310 2540 1352 2595 ite
1375 2545 1407 2594 ut
1428 2541 1616 2596 nihilominus
1639 2541 1800 2598 rationibus
1825 2541 1982 2598 reddendis

1077 2624 1221 2766 gomis
1257 2624 1305 2680 sit.
1369 2624 1491 2697 Scripta
1525 2631 1568 2682 est
1595 2625 1734 2684 Calendis
1748 2665 1756 2679 .
1845 2627 1982 2684 romans

236 2887 281 2975 β’.
332 2885 414 2988 περὶ
438 2893 505 2960 τοῦ
531 2886 719 2978 ἀκωλύτως
743 2883 811 2978 τάς
835 2891 994 2988 μητέρας
1004 2889 1033 2970 ²)
1177 2887 1303 2965 Consi.
1337 2893 1371 2963 2.
1423 2891 1480 2968 De
1513 2891 1598 2982 hoc,
1630 2901 1667 2965 ut
1698 2892 1829 2988 absque
1862 2890 1981 2994 prohi-

148 2987 382 3088 ἐπιτροπεύειν
421 2993 494 3062 τεόν
532 2990 673 3063 παίδων
711 2988 772 3064 καὶ
804 2989 896 3090 μηδὲ
930 2988 1035 3092 ὅρκον
1076 2989 1205 3066 bitione
1230 2999 1356 3064 matres
1387 2991 1532 3068 filiormn
1562 2994 1702 3068 tutelam
1732 3004 1873 3092 gerant,
1913 3015 1982 3068 neu

148 3093 312 3190 παρέχειν.
1079 3089 1314 3166 iusiurandum
1339 3093 1431 3168 deut.

220 3275 251 3340 ‘O
270 3272 357 3349 αὑτός
377 3273 510 3358 βασιλεὺς
536 3283 579 3355 τῷ
600 3277 687 3356 αὑτῷ.
735 3272 910 3362 Ἔναγχος
939 3277 1037 3362 ἐχρά-
1161 3287 1241 3344 idem
1259 3287 1415 3358 imperator
1436 3285 1537 3344 eidem.
1571 3287 1676 3358 Nuper
1694 3286 1868 3358 scripsimus
1881 3287 1980 3359 icpem.
1997 3299 2057 3345 scr.
2071 3299 2111 3345 er.

149 3379 258 3440 ψαμεν
278 3357 397 3440 νόμον.

217 3494 257 3558 Ἡ
277 3493 368 3578 μήτηρ
395 3492 573 3569 ὑπευθόνους
602 3496 705 3578 ἔχουσα
734 3491 800 3569 τοὺς
827 3500 942 3572 οἰκείους
970 3513 1033 3562 παι·-
1159 3505 1267 3578 Mater,
1282 3521 1356 3576 quae
1372 3505 1446 3562 iiiios
1462 3521 1531 3562 suos
1545 3505 1691 3580 obligatos
1706 3503 1797 3578 (sibi)
1810 3503 1907 3572 habet,
1919 3505 1981 3558 tam

147 3583 332 3661 desponsione
361 3603 392 3642 τε
414 3581 523 3660 [satim
547 3578 696 3661 φυσικούς,
723 3577 779 3661 iil)
808 3585 853 3644 καλ
874 3580 1034 3658 ὑπεύθυνος
1074 3589 1185 3664 iustos,
1207 3605 1290 3662 quam
1313 3591 1477 3662 naturales,
1499 3595 1549 3645 aut
1571 3591 1676 3662 etiam,
1697 3605 1773 3660 quae
1795 3589 1838 3647 eis
1860 3587 1980 3662 obliga-

147 3661 236 3737 αὑτοῖς
254 3659 343 3738 οὑσα,
376 3661 492 3726 δόναται
513 3665 606 3728 αὐτῶν
628 3662 828 3746 ἐπιτροπεὺειν,
858 3667 1033 3748 άποτιιξαμί-
1060 3685 1107 3742 ,ta
1129 3681 1189 3748 est,
1217 3675 1346 3746 ipsorum
1367 3689 1471 3748 gerere
1493 3675 1610 3730 tutelam
1637 3677 1747 3745 potest,
1776 3674 1802 3729 si
1825 3671 1981 3730 Velleiano

146 3748 223 3828 νηὺὓ)
249 3757 287 3826 τῷ
316 3749 509 3827 Βελλιανίῳὺ)
540 3746 657 3830 δόχματι
694 3753 740 3810 κα)
770 3757 803 3828 τῇ
835 3755 1035 3834 δεντεροχαμίιρ
1076 3761 1131 3817 SC.
1151 3767 1181 3816 ct·
1204 3759 1341 3814 secundis
1365 3761 1474 3830 nuptiis
1496 3760 1714 3814 renunciaverit
1740 3761 1769 3813 et
1790 3757 1901 3828 absque
1922 3755 1980 3812 ric-

148 3835 190 3892 καλ
208 3837 284 3914 χωρὶς
306 3828 402 3912 ὅρκου,
432 3837 480 3894 κα)
500 3833 688 3913 ὑποτιθεμένη
710 3831 747 3894 τά
767 3834 853 3914 αὑτῆς
874 3833 1035 3918 πράγματα.
1077 3845 1156 3900 tione
1183 3843 1388 3918 iurisiurandi,
1416 3851 1445 3899 el
1473 3861 1543 3899 suas
1570 3845 1664 3914 ipsius
1692 3857 1739 3898 res
1762 3841 1877 3914 pignori
1899 3840 1979 3896 obli-

148 3919 378 3998 δειτεροχαμοῦσα
410 3913 464 3998 γάρ
493 3914 627 3998 παραυτά
636 3923 666 3992 ⁶)
695 3923 745 3996 τῆς
766 3923 918 3998 ἐπιτροπῆς
938 3920 1033 3983 ἀποκι-
1076 3929 1201 4004 gaverit.
1243 3929 1318 3986 Nam
1339 3928 1365 3983 ai
1387 3927 1423 3982 ad
1445 3929 1590 3984 secundas
1612 3930 1729 3999 nuptias
1751 3929 1890 3995 transeat,
1911 3931 1980 3980 sta-

149 3997 225 4060 τεῑάαι
243 4006 286 4062 κα)
314 4014 376 4072 ταῖς
397 4015 506 4073 ποιναῖς
526 3998 715 4082 ὑποβάλλεται
742 4015 803 4075 ταῖς
825 4001 957 4084 [κατά)ἵ)
979 4011 1035 4066 τῶν
1076 4014 1128 4068 tim
1156 4013 1290 4068 aluteln
1315 4019 1494 4079 removetur,
1531 4017 1561 4068 et
1590 4014 1642 4084 iis,
1675 4029 1749 4084 quae
1779 4017 1879 4065 contra
1905 4009 1980 4066 tales

148 4082 269 4146 accirer
289 4089 508 4166 διηχορενμίναες
529 4090 574 4147 κα)
595 4082 703 4166 πρόσχε
724 4088 800 4163 τῷθ)
823 4095 873 4166 τῆς
894 4095 1035 4170 ἐπιορκίας
1076 4102 1204 4154 statutae
1225 4103 1308 4170 sunt,
1336 4099 1437 4168 poena
1459 4099 1629 4170 subiicitur,
1653 4103 1682 4152 et
1702 4098 1739 4152 ad
1761 4097 1835 4152 haec
1856 4093 1981 4166 preriurii

147 4163 297 4262 ἐχνλημιιτι,
327 4168 433 4244 desit)
456 4169 549 4251 ἔτυχεν
571 4167 620 4232 τὸν
642 4164 748 4250 όρκον)
771 4173 814 4249 ¹⁰)
837 4181 1035 4255 παρασχοῦσα.
1076 4182 1201 4252 crimini,
1222 4182 1306 4252 quasi
1327 4181 1527 4238 iusiurandum
1547 4197 1650 4237 revera
1673 4181 1877 4251 praestitisset.
1907 4179 1982 4234 Ma-

147 4257 175 4311 ci
204 4277 326 4333 αρχοντες
358 4255 579 4334 ηιροντιζέτωσαν
604 4261 655 4314 τοῦ
677 4258 773 4316 δοῦναι
805 4254 841 4316 τά
868 4257 951 4320 ι’κανά
971 4281 1035 4331 τους
1077 4267 1221 4340 gistratus
1242 4271 1379 4339 curanto,
1400 4271 1433 4321 ut
1454 4271 1564 4322 tutores
1594 4265 1739 4321 satisdeut
1760 4271 1789 4321 et
1810 4279 1857 4318 res
1878 4263 1981 4335 pupil-

144 4335 287 4414 κηδεμόνας
315 4341 360 4400 καί
388 4345 438 4400 τοῦ
459 4337 711 4420 άναχραηῆναιΗ)
738 4337 774 4400 τά
796 4339 943 4421 όρεμανικά
987 4366 1034 4424 cp·
1076 4351 1171 4406 lares,
1190 4351 1237 4424 (in
1266 4349 1447 4422 inventario)
1481 4351 1698 4424 corrsignentur.
1749 4351 1837 4420 Nota,
1872 4349 1982 4418 ubique

143 4421 320 4498 μείωσαιη),
349 4417 395 4483 ότι
419 4429 565 4502 πανταχοῦ
591 4427 651 4482 νέον
672 4420 871 4504 ἐμνημόνευσεν
899 4426 916 4505 ἦ
940 4423 1034 4490 διάτα-
1076 4436 1195 4492 minoris
1218 4435 1253 4489 ab
1275 4435 1332 4490 hac
1353 4435 1559 4492 constitutione
1581 4437 1687 4491 tactam
1710 4451 1776 4490 esse
1797 4434 1980 4500 mentionem.

144 4501 197 4575 ξες,
222 4504 306 4568 σόκίτι
327 4507 357 4567 δὲ
377 4500 480 4585 aleppiae
490 4507 548 4585 ¹³),
576 4511 623 4567 κα)
645 4501 689 4568 ὅτι
710 4505 813 4586 ronst)
836 4515 938 4592 σκρίβα
966 4513 1035 4592 λαμ·
1077 4533 1135 4578 non
1156 4519 1273 4591 pupilli,
1301 4523 1331 4574 et
1352 4519 1476 4574 scribam
1500 4519 1628 4594 (virum)
1655 4520 1846 4576 clarissimum
1867 4517 1980 4572 dictum

143 4585 278 4664 πρότατου
297 4587 484 4668 causanti).
525 4591 636 4672 Ἐχρα.
658 4587 711 4652 ιδ’.
733 4591 959 4676 Ὀκτωβρίων
979 4599 1036 4678 βα·
1078 4619 1153 4658 esse.
1196 4605 1319 4674 Scripta
1339 4610 1382 4659 est
1409 4603 1513 4660 Idibus
1536 4603 1652 4662 Octobr.
1678 4606 1798 4678 impeiri
1818 4599 1981 4662 Iustiniani

143 4675 278 4746 σιλείας
302 4675 571 4736 ’ἐουστινιανοῦ
605 4677 645 4751 (v.
675 4674 961 4758 Ἰουστινιανοῦ)
995 4675 1035 4744 τό
1078 4687 1393 4761 ann013.Appiorrc
1419 4689 1547 4746 consule.

142 4751 195 4833 ιη’.
222 4756 379 4831 ὑπατίας
401 4759 441 4833 (v.
469 4757 660 4837 ὑπατείας)
685 4759 870 4834 Ἀπίωνος.

237 4923 335 5013 μ’.)θ)
374 4922 456 5023 περὶ
480 4931 548 4999 τοῦ
573 4923 762 5002 δύνασθαι
786 4921 873 5019 τοὺς
899 4933 1036 5026 παῖδας
1180 4933 1304 5014 Consi.
1331 4934 1366 5014 3.
1418 4937 1474 5014 De
1505 4937 1590 5026 hoc,
1623 4945 1660 5014 ut
1685 4936 1783 5012 liberi
1808 4933 1982 5008 adversus

207 5158 251 5216 89)
266 5164 304 5210 Sic
321 5161 421 5211 Codex.
456 5163 610 5225 [regendum
627 5177 661 5213 ex
679 5165 744 5212 Χον.
762 5165 804 5214 72.
822 5177 879 5228 cap.
898 5169 922 5216 9.
941 5173 1035 5219 tenore
1052 5168 1202 5242 ἐκχωρήσας.
1270 5175 1317 5233 99)
1335 5175 1426 5226 Codex
1442 5175 1497 5235 ᾖ.
1516 5179 1603 5226 nabet.
1671 5176 1716 5234 91)
1736 5175 1828 5224 codex
1845 5171 1980 5238 κηδέμωνι.

137 5223 185 5281 92)
202 5225 284 5276 Codex
300 5229 467 5290 λοχαμεντον.
574 5233 620 5289 93)
638 5232 692 5280 Pro
709 5231 782 5280 καλεῖ
797 5231 886 5284 Codex
903 5237 982 5284 habel
998 5235 1070 5302 καλή.
1173 5241 1218 5300 94)
1244 5241 1308 5291 Post
1329 5242 1410 5293 τόκων
1434 5230 1476 5294 tic?
1502 5247 1540 5294 17.
1564 5251 1649 5306 potarat.
1675 5246 1700 5303 5.
1718 5247 1743 5292 5.
1767 5244 1864 5290 canent
1881 5239 1979 5292 αὑτοῖν.

136 5292 183 5348 95)
207 5293 255 5344 Ρῐῠ
276 5293 453 5350 ἀπαιτεῖσθαι
478 5297 621 5358 legendum
645 5305 686 5346 est
707 5296 891 5348 maracleae.
934 5303 1000 5352 Nov.
1023 5305 1065 5354 72.
1089 5319 1148 5370 cap.
1165 5309 1189 5356 7.
1215 5305 1239 5357 εἰ
1260 5309 1287 5358 δὲ
1310 5311 1413 5369 πλείους
1437 5312 1487 5364 εἰσ)
1502 5315 1553 5362 τῶν
1570 5311 1711 5378 αιἰτάριιων,
1729 5307 1760 5358 τό
1778 5311 1866 5358 πλεῖον
1883 5307 1980 5357 ἀποτι-

137 5359 237 5410 θὲσθν·
321 5365 368 5421 96)
393 5365 490 5436 lnotpit
508 5365 555 5413 1ο).
574 5365 632 5414 tae.
651 5367 685 5412 A·
770 5366 816 5423 97)
835 5367 924 5418 Codex
941 5369 1055 5437 δαπάνη.
1129 5378 1175 5434 98)
1193 5376 1283 5426 Codex
1300 5375 1438 5446 ἀρκομιιαν.
1512 5383 1558 5439 99)
1576 5382 1683 5441 Ιιιιοςυε
1700 5389 1793 5426 versus
1811 5391 1858 5438 per
1875 5375 1981 5426 librarii

140 5436 255 5506 errorem
271 5431 405 5480 excidisse
421 5433 536 5480 videtur.
572 5433 752 5496 supplendum
775 5432 904 5484 καλάνδνιν
927 5435 1037 5489 ’lucrinas
1053 5443 1184 5504 βασιλείας
1205 5440 1392 5496 ’1ουοτινιανοὺ
1414 5445 1445 5496 τὸ
1463 5448 1511 5512 ιβ’.
1529 5446 1609 5498 daur.
1626 5444 1752 5496 Ἰωάννου.
1787 5447 1856 5494 vide
1873 5445 1980 5492 Blenerl

140 5491 270 5546 historiam
288 5499 459 5549 Novellarum
478 5514 503 5562 p.
520 5500 580 5549 918.
681 5500 710 5558 1)
728 5501 785 5549 liae
803 5505 883 5551 notae
900 5507 942 5554 sic
959 5511 1021 5556 srrnt
1039 5511 1225 5572 explicandae:
1630 5515 1660 5574 9)
1678 5513 1769 5562 Codex
1786 5515 1905 5580 princpes.
1939 5510 1982 5560 Ad

139 5566 281 5638 marginem
297 5565 405 5616 0⁰&ssss
445 5563 481 5615 δ’·
584 5569 614 5625 3)
632 5569 691 5617 Vox
713 5567 756 5616 καὶ
779 5571 807 5617 in
826 5569 925 5620 Codice
943 5573 1026 5623 deest.
1127 5579 1156 5637 4)
1174 5581 1227 5628 Pro
1244 5575 1260 5645 ἦ
1278 5581 1368 5630 Codex
1384 5583 1465 5632 liniret
1482 5581 1512 5634 ω’,
1613 5581 1660 5639 db)
1679 5581 1770 5633 Codex
1787 5579 1982 5640 ἀποεαιιαμένη.

141 5627 635 5704 9ου.91.ςαμ.).άποταττομένιιις.
687 5637 717 5693 9)
735 5635 825 5684 Codex
843 5639 993 5705 Σελλιανίω.
1028 5643 1096 5692 l'idc
1113 5647 1180 5694 nov.
1199 5648 1240 5695 oi.
1259 5661 1315 5709 rap.
1332 5651 1358 5696 2.
1426 5653 1455 5712 a)
1474 5651 1563 5700 Codex
1581 5667 1714 5718 παραιιτα.
1781 5649 1811 5706 7)
1834 5651 1894 5698 Vox
1916 5644 1983 5696 κατα

139 5705 165 5742 ¹¹¹
183 5695 278 5747 ⁰⁰⁶¹oe
294 5701 379 5748 dee-³¹·
461 5703 492 5760 Β)
510 5703 562 5750 Pto
580 5703 614 5765 τη)
633 5701 722 5752 Codex
740 5703 873 5754 iacetani.
941 5711 970 5768 9)
989 5708 1164 5764 Οοδοκωσει.
1235 5714 1280 5774 19)
1300 5719 1395 5780 incipit
1412 5719 1458 5766 iol.
1478 5718 1534 5766 198.
1553 5719 1580 5765 Β.
1667 5717 1712 5777 11)
1729 5719 1781 5766 Pro
1799 5713 1982 5777 decreuisse

140 5759 311 5816 (meimet
327 5755 470 5836 etcorporum.
542 5770 585 5826 1²)
603 5768 694 5819 Codex
711 5769 765 5840 πῖχῖ
850 5774 894 5832 ld)
913 5774 1003 5825 Codex
1020 5775 1129 5842 ἀνήβων.
1199 5780 1244 5839 11)
1262 5783 1314 5830 Pro
1332 5782 1378 5832 τὸν
1396 5783 1488 5834 Codex
1506 5786 1585 5834 nabet
1601 5787 1658 5836 τοῦ.
1728 5786 1773 5842 io)
1791 5733 1980 5833 Ρεοὺιιάλισεν

140 5827 224 5880 Gades
239 5835 316 5884 habet
332 5833 459 5885 ἐκάλεσαι.
493 5837 534 5886 De
553 5838 603 5885 hon
618 5837 725 5886 acridae
741 5851 850 5889 mernere
867 5843 927 5894 vide
945 5845 1109 5898 lirrdort'tium
1132 5847 1164 5898 de
1183 5852 1241 5900 turc
1260 5851 1358 5902 tutelae
1377 5853 1502 5902 tom-111.
1521 5866 1546 5915 p.
1564 5851 1622 5903 199.
1708 5853 1754 5912 16)
1771 5851 1813 5902 ad
1832 5852 1980 5916 marginem

143 5893 241 5950 Codicis
256 5901 318 5971 ρλι).
337 5903 429 5956 Codex
446 5903 479 5956 Χ.
498 5907 527 5958 iu
544 5901 671 5957 coutettu
689 5906 766 5956 uacet
784 5905 850 5974 ρκ’.

1522 5999 1570 6068 19

2109 5673 2117 5703 l
