4802 7060
303 569 350 618 ω
926 543 1529 650 Ινοοεεεονεεε

304 736 384 824 cipit
405 741 433 802 εἰ
453 728 672 818 άναγνάοτης.
717 733 852 802 Desinit
872 733 1179 802 άτοκαθιστάσβω.
1224 737 1355 805 Titulus
1377 741 1447 806 est:
1471 743 1508 802 ἐκ
1528 736 1585 814 τῆς
1605 733 1649 818 μζ
1655 730 1675 801 ’.
1697 730 1884 815 διατάξεως.
1928 772 1972 818 ·.·
2015 731 2097 823 Cep.
2122 735 2192 802 50.

303 841 439 907 Nomoc.
464 835 528 902 33.
553 834 589 901 2.
612 858 644 923 p.
669 833 760 902 640.
804 836 924 924 Incipit
945 833 987 902 άν
1009 837 1132 914 δοῦλος.
1179 836 1312 903 Desinit
1333 834 1584 924 ναραδιδὸσθω.
1616 873 1659 886 -
1703 839 1786 924 Cap.
1816 835 1880 903 52.
1915 839 2050 904 Nomoc.
2082 837 2119 904 3.
2155 837 2194 904 1.

304 961 336 1028 p.
361 935 452 1005 607.
482 935 601 1023 Incipit
622 938 855 1022 πρεσβυτέρους
876 941 944 1002 καί.
987 935 1121 1004 Desinit
1144 939 1350 1021 κομίζεσθαι.
1396 938 1526 1006 Titulus
1547 944 1619 1005 estc
1662 935 1728 1004 άπὸ
1757 939 1817 1004 τοῦ
1843 933 1910 1024 νβ’.
1940 940 2197 1024 capalenensis·

305 1041 339 1107 τί
368 1037 413 1105 δ’.
436 1074 479 1088 -
501 1035 583 1125 Cap.
608 1037 671 1103 54.
699 1038 834 1104 Nnmnc.
861 1038 922 1103 15.
948 1035 983 1104 3.
1007 1059 1037 1126 p.
1063 1036 1154 1104 620.
1198 1039 1318 1126 Incipit
1339 1045 1438 1117 εἴτις
1457 1035 1545 1107 κατά
1565 1039 1664 1116 τινος.
1707 1037 1842 1106 Desinit
1857 1036 2096 1122 γυμνάζεσθαι.
2130 1039 2198 1104 Ti·

305 1142 395 1210 tulus
419 1145 484 1206 est:
507 1140 564 1218 τῆς
585 1135 632 1204 δ’.
654 1135 841 1216 διατάξεως.
886 1139 972 1204 Pars
995 1139 1129 1225 capituli
1151 1139 1259 1206 deest
1282 1177 1326 1188 -
1370 1143 1452 1228 Cap.
1477 1137 1540 1206 56.
1569 1141 1706 1207 Nomoc.
1733 1137 1794 1206 15.
1818 1138 1856 1208 4.
1880 1160 1912 1227 p.
1937 1137 2029 1206 620.
2072 1139 2199 1227 Incipit

305 1249 334 1310 εἰ
360 1244 395 1308 δὲ
415 1235 692 1320 ἐκκλησιαστικὸν.
746 1237 881 1305 Desinit
908 1236 1061 1315 κανόνας.
1105 1241 1234 1307 Titulus
1264 1247 1335 1307 est:
1371 1245 1427 1322 τῆς
1454 1238 1513 1318 νς’.
1541 1239 1727 1322 διατάξεως.
1783 1241 1867 1308 Item
1895 1241 2029 1308 Nomoc.
2059 1239 2125 1307 20.
2157 1241 2196 1308 3.

305 1367 339 1434 p.
364 1341 455 1410 628.
500 1341 619 1429 Incipit
639 1345 668 1406 εί
689 1341 734 1406 δέ.
778 1338 913 1407 Desinit
934 1337 1087 1418 κανόνας.
1132 1381 1173 1392 -
1217 1345 1298 1430 Cap.
1330 1341 1392 1408 57.
1425 1343 1563 1410 Nomoc.
1596 1341 1628 1408 1.
1662 1343 1693 1409 1.
1723 1365 1754 1432 p.
1783 1341 1875 1409 607.
1920 1341 2040 1429 Incipit
2073 1349 2200 1419 είτινες.

306 1445 441 1514 Desinit
461 1445 651 1526 δυναμένου.
676 1479 715 1492 -
760 1439 840 1528 Cep.
865 1438 927 1508 60.
951 1443 1087 1508 Nnmnc.
1108 1441 1144 1510 8.
1169 1442 1204 1509 2.
1229 1467 1260 1531 p.
1285 1441 1375 1510 613.
1414 1442 1597 1531 incipitur)
1619 1441 1747 1523 ἐξεῖναι.
1781 1443 1916 1512 Desinit
1936 1445 2199 1529 παραγίνεσθαι.

308 1546 440 1614 Titulus
462 1550 531 1611 est:
574 1545 684 1609 τίτλον
704 1539 746 1623 ζ’.
767 1545 826 1621 τῆς
852 1540 917 1627 ρλ’.
942 1545 1062 1628 νεαράς
1083 1541 1269 1626 διατάξεως.
1314 1583 1356 1595 -
1401 1547 1482 1632 Cap.
1507 1541 1572 1610 61.
1595 1545 1730 1610 Nnmnc.
1760 1541 1797 1612 8.
1822 1545 1857 1612 3.
1881 1569 1913 1634 p.
1937 1544 2029 1612 613.
2072 1545 2200 1632 Incipit

307 1655 395 1726 εἴτις.
440 1645 575 1713 Desinit
595 1642 804 1711 ὑποκεῖσθαι.
849 1645 979 1711 Titulus
1000 1652 1070 1711 est:
1090 1649 1203 1712 τίτλον
1222 1643 1289 1726 ξεί.
1312 1647 1369 1724 τῆς
1390 1644 1498 1726 αὐτῆς.
1545 1681 1584 1695 -
1629 1647 1711 1732 Gap.
1741 1642 1805 1711 65.
1833 1649 1971 1715 Nomoc.
2004 1645 2067 1712 33.
2101 1643 2139 1712 3.
2162 1667 2197 1733 p.

309 1747 403 1816 640.
446 1747 576 1833 Incipit¹
592 1753 698 1812 είποτε
725 1747 769 1812 δέ.
812 1744 949 1812 Desinit
977 1743 1241 1833 &anapauomenon
1287 1747 1415 1814 Titulus
1437 1754 1507 1814 est:
1541 1753 1600 1812 τοῦ
1621 1744 1674 1826 ξέ.
1697 1750 1892 1835 κεφαλαίων.
1939 1785 1974 1800 -
2021 1749 2104 1834 Cup.
2128 1747 2198 1813 71.

308 1851 446 1918 Nnmnc.
471 1846 534 1914 28.
559 1847 593 1914 2.
615 1869 645 1936 p.
670 1845 761 1914 635.
805 1845 924 1933 Incipit
944 1850 1025 1914 πάσι
1046 1849 1080 1914 δὲ
1101 1859 1179 1926 τοῖς.
1210 1848 1343 1916 Desinit
1364 1847 1521 1936 ἐκφεύγει.
1556 1851 1685 1916 Titulus
1707 1856 1776 1917 est:
1798 1852 1855 1928 τῆς
1876 1849 1938 1917 σά.
1950 1846 2138 1930 διατάξεως.
2153 1885 2199 1898 -

310 1950 391 2038 Cap.
416 1948 479 2016 72.
502 1949 640 2046 Nomoc.
665 1946 729 2014 27.
753 1946 788 2014 2.
811 1970 843 2035 p.
867 1944 957 2014 634.
1001 1950 1122 2036 Incipit
1141 1954 1326 2016 ἐπίσκοτον.
1372 1950 1506 2018 Desinit
1526 1952 1750 2036 ὲκβαλλέσάω.
1795 1951 1925 2018 Titulus
1948 1959 2018 2018 est:
2046 1954 2104 2030 τῆς
2126 1946 2196 2035 οβ’.

309 2048 493 2131 διατάξεως.
534 2089 568 2099 -
615 2050 696 2138 Cep.
721 2047 785 2116 74.
815 2049 950 2116 Nnmnc.
976 2047 1039 2116 20.
1065 2049 1100 2116 3.
1124 2072 1156 2136 p.
1180 2047 1272 2116 628.
1316 2053 1436 2137 incipit
1462 2059 1547 2129 εἴτις.
1593 2052 1725 2120 Desinit
1752 2051 1925 2137 ἄρχοντας.
1969 2052 2103 2118 Titulus
2124 2057 2200 2118 cett

309 2155 367 2234 τῆς
387 2149 451 2218 οδ’.
475 2150 657 2232 διατάξεως.
692 2190 726 2212 .-
779 2152 860 2236 Cap.
892 2148 954 2215 77.
986 2151 1122 2218 Nnmnc.
1152 2151 1215 2218 33.
1241 2149 1276 2217 2.
1307 2173 1339 2238 p.
1364 2150 1455 2218 639.
1501 2153 1620 2241 incipit
1646 2160 1675 2220 εί
1698 2155 1736 2220 δέ
1754 2178 1813 2231 τις.
1857 2153 1992 2222 Desinit
2012 2150 2202 2233 άξεοάσδον.

309 2289 354 2305 -
375 2257 456 2340 Cap.
481 2249 543 2318 79.
566 2254 701 2320 Nomoc.
727 2249 791 2316 34.
818 2252 850 2317 1.
874 2271 905 2337 p.
929 2249 1019 2317 641.
1063 2253 1183 2339 Incipit
1204 2259 1232 2317 εὶ
1253 2254 1288 2318 δὲ
1309 2251 1401 2341 dorio.
1444 2253 1579 2322 Desinit
1600 2253 1778 2339 κελεύομεν.
1806 2293 1840 2306 ·-
1867 2251 1947 2341 Cap.
1965 2254 2031 2321 80.
2055 2255 2199 2322 Nomoc.

311 2352 375 2422 34.
403 2353 436 2420 1.
459 2375 490 2442 p.
514 2351 606 2419 641.
650 2352 772 2440 Incipit
794 2357 822 2416 el
843 2355 877 2418 δὲ
898 2361 1059 2420 τοιοῦτον.
1103 2354 1239 2421 Desinit
1259 2357 1414 2442 διαφέρει.
1456 2394 1490 2406 -
1538 2353 1617 2444 Cap.
1641 2355 1704 2424 81.
1733 2357 1871 2424 Nomoc.
1896 2353 1960 2422 34.
1988 2356 2020 2421 1.
2044 2377 2077 2444 p.
2102 2353 2199 2423 642.

309 2457 431 2542 Incipit
451 2457 632 2539 μνηστείας.
675 2453 809 2521 Desinit
829 2455 993 2538 βουληθῇ.
1021 2493 1055 2504 -
1081 2453 1163 2542 Cap.
1188 2453 1252 2520 82.
1276 2457 1411 2523 Nnmnc.
1435 2454 1498 2523 32.
1525 2457 1559 2522 1.
1583 2479 1614 2545 p.
1638 2454 1730 2524 638.
1775 2457 1894 2545 Incipit
1915 2455 2079 2541 οὐδεμίαν.
2123 2456 2201 2526 De-

310 2559 391 2624 sinit
413 2553 768 2642 τιαρακολουθησάσης.
812 2555 841 2620 Τ
844 2555 942 2622 iiulus
965 2561 1035 2622 est:
1063 2553 1128 2623 άπὸ
1156 2559 1213 2636 τῆς
1239 2554 1312 2644 αβ.
1334 2557 1516 2638 διατάξεως.
1561 2595 1604 2612 -
1647 2560 1729 2646 Cap.
1752 2555 1817 2624 83.
1840 2559 1976 2624 Nnmnc.
2007 2556 2072 2623 32.
2101 2561 2199 2647 ΜΡ.

312 2656 404 2725 638.
448 2657 566 2742 Incipit
587 2653 839 2744 άιιαγορεάομεν.
883 2657 1017 2724 Desinit
1037 2655 1200 2746 άφελκειν.
1229 2697 1263 2708 -
1310 2647 1393 2745 Dap.
1417 2659 1484 2726 84.
1507 2660 1643 2726 Νοωου.
1668 2657 1731 2725 34.
1757 2659 1790 2724 1.
1813 2679 1846 2746 p.
1871 2655 1963 2724 642.
1996 2658 2119 2747 Incipit
2139 2659 2200 2726 triv

311 2757 466 2844 μοναχὸς.
511 2757 643 2824 Desinit
662 2759 915 2846 συναριθμείτω.
939 2795 982 2807 -
1004 2755 1084 2844 Cep.
1108 2758 1173 2826 85.
1196 2761 1332 2828 Nnmnc.
1355 2759 1419 2826 24.
1445 2759 1481 2827 2.
1504 2783 1535 2848 p.
1560 2757 1649 2826 631.
1694 2759 1813 2846 IncipIt
1834 2766 1919 2837 εἴτις.
1963 2758 2100 2828 Desinit
2121 2785 2199 2828 και-

285 2867 378 2928 1σίν.
422 2861 642 2927 Titulus⁸cstt
665 2863 720 2938 τῆς
742 2855 821 2925 μεθ’.
844 2856 1028 2940 διατάξεως.
1051 2897 1095 2909 -
1138 2859 1217 2948 Cnp.
1242 2859 1305 2928 86.
1330 2861 1556 2930 1201110024.
1586 2860 1621 2928 2.
1653 2883 1685 2949 p.
1716 2859 1808 2928 631.
1851 2860 1973 2948 Inciplt
2000 2867 2029 2926 el
2051 2864 2086 2927 δὲ
2105 2870 2198 2928 είσω.

276 2971 282 2996 ¹
313 2961 446 3029 Desinit
466 2962 803 3048 ελσιεραχθησομενον.
867 2965 977 3048 Atque
998 2961 1082 3028 haec
1104 2963 1232 3048 quidem
1253 2964 1395 3050 capitula
1423 2986 1468 3032 ex
1493 2970 1607 3032 nostra
1628 2963 1736 3048 legum
1757 2964 1950 3031 collectione
1973 2964 2006 3030 in
2028 2963 2201 3032 Nomoca-

312 3083 443 3152 nonem,
467 3069 563 3150 prout
583 3061 669 3150 apud
690 3061 878 3130 Iusiellium
898 3063 1047 3142 habetur,
1069 3064 1230 3130 translata
1251 3071 1338 3132 sunt.
1383 3065 1475 3148 Quae
1491 3065 1619 3154 quidem
1632 3064 1804 3132 translatio
1817 3072 1871 3132 est
1887 3066 2052 3132 ubitotius
2065 3066 2201 3153 capituli

311 3165 402 3232 iacta
425 3167 487 3249 sitq
508 3171 563 3231 est
583 3166 692 3252 etlam,
715 3164 768 3230 ubi
790 3169 915 3251 partem
937 3165 1070 3251 capituli
1092 3166 1194 3232 solam
1215 3167 1478 3252 comprehendat.
1505 3171 1617 3255 Atque
1638 3164 1680 3232 ad
1704 3165 1776 3252 lroc,
1798 3167 1883 3255 quod
1906 3167 2016 3234 ultimo
2037 3166 2111 3234 loco
2133 3187 2201 3256 po-

313 3269 455 3352 suimus,
476 3286 581 3352 genus
598 3266 631 3332 hi
647 3267 717 3333 lere
732 3267 1089 3332 locirevocandisunt:
1120 3285 1191 3354 cap.
1219 3267 1277 3333 10.
1301 3269 1436 3335 Νοιοοο.
1460 3267 1523 3335 34.
1550 3268 1584 3333 1.
1607 3290 1638 3356 ρ.
1663 3264 1768 3349 641,
1788 3287 1860 3356 cap.
1884 3267 1946 3335 34.
1970 3269 2108 3335 Nomoc.
2134 3266 2198 3334 14.

316 3368 351 3436 3.
374 3389 405 3456 p.
429 3365 534 3456 613,
557 3388 627 3456 cap.
653 3368 716 3432 54.
739 3369 875 3435 Nomoc.
904 3365 964 3432 15.
989 3366 1024 3432 3.
1049 3389 1079 3454 p.
1104 3366 1195 3436 620.
1231 3369 1389 3454 singulm,
1410 3370 1520 3458 quiin
1541 3372 1807 3438 Nomocanonem
1829 3369 1982 3437 translati
2003 3377 2093 3460 sont,
2114 3370 2202 3436 locis

314 3471 502 3558 plerumque
524 3470 610 3536 tituli
625 3469 736 3536 additi
758 3475 843 3536 suut.
888 3469 1062 3554 11ενεαςά
1083 3469 1229 3550 διάταξις
1259 3479 1374 3538 nostra
1395 3471 1505 3558 legum
1527 3471 1678 3538 collectio
1705 3481 1842 3540 vocatur
1870 3472 1905 3538 iu
1926 3473 1960 3537 N
1962 3489 2065 3538 omoc
2095 3470 2132 3538 8.
2161 3471 2196 3536 1.

315 3593 346 3658 p.
369 3567 474 3656 612,
511 3570 548 3637 8.
572 3568 609 3636 2.
631 3591 663 3657 p.
688 3567 793 3660 613,
830 3570 889 3638 14.
916 3571 949 3637 1.
973 3593 1004 3658 p.
1028 3567 1135 3659 617,
1175 3569 1234 3637 16.
1265 3569 1485 3660 611623,
1526 3569 1588 3638 10.
1617 3571 1651 3638 1.
1679 3595 1711 3661 p.
1741 3569 1845 3655 626,
1881 3572 1944 3638 33.
1968 3571 2004 3638 2.
2027 3593 2060 3658 p.
2085 3569 2203 3664 cen.;

315 3670 461 3754 διάταξις
485 3669 545 3738 15.
573 3671 607 3737 1.
629 3693 660 3759 p.
684 3669 787 3759 610,
811 3671 871 3738 15.
896 3673 931 3739 2.
955 3695 986 3760 p.
1010 3670 1114 3759 620.,
1139 3671 1199 3739 17.
1228 3672 1257 3739 1.
1283 3696 1313 3762 p.
1335 3671 1438 3756 625,
1462 3675 1525 3741 20.
1549 3674 1585 3740 3.
1609 3697 1640 3763 p.
1665 3673 1768 3756 628,
1800 3673 1864 3741 24.
1888 3673 1923 3740 2.
1947 3695 1978 3762 p.
2003 3670 2106 3755 631,
2128 3671 2200 3741 25.

318 3776 354 3840 1.
375 3794 407 3860 p.
432 3770 537 3860 632,
561 3772 623 3840 25.
648 3771 683 3840 2.
708 3795 739 3860 p.
763 3771 867 3863 632,
889 3771 952 3840 25.
977 3774 1011 3840 3.
1035 3796 1067 3862 p.
1091 3772 1197 3861 632,
1221 3773 1284 3842 26.
1307 3773 1345 3842 4.
1368 3797 1399 3863 p.
1425 3773 1530 3863 633,
1552 3773 1614 3842 27.
1639 3776 1675 3844 2.
1698 3799 1730 3865 p.
1754 3773 1859 3864 634,
1886 3775 1950 3844 28.
1975 3774 2012 3842 2.
2035 3795 2068 3863 p.
2091 3771 2206 3864 635,

317 3873 380 3942 32.
407 3874 439 3939 1.
463 3897 494 3961 p.
518 3872 628 3967 ceeq
662 3871 845 3961 κεφάλαιον
866 3877 922 3954 τῆς
941 3878 1060 3963 νεαρᾶς
1081 3874 1258 3956 διατάξεως
1278 3877 1429 3945 laudatur
1456 3879 1490 3944 in
1511 3877 1647 3946 Nomoc.
1674 3876 1735 3945 14.
1760 3877 1796 3945 3.
1819 3900 1851 3967 p.
1874 3875 1984 3968 cinq
2026 3873 2207 3964 κεφάλαια

315 3979 381 4043 τάν
403 3973 579 4056 διατάξεων
600 3975 774 4042 laudantur
795 3977 926 4044 Nomoc.
956 3975 1015 4044 14.
1043 3977 1075 4042 1.
1099 3999 1131 4064 p.
1156 3975 1247 4044 618.
1292 3980 1404 4067 Atque
1427 3979 1494 4062 his,
1523 3979 1637 4067 quibus
1659 3986 1775 4047 nostra
1801 3979 1909 4065 legum
1930 3978 2080 4046 collectio
2102 3977 2208 4046 desi-

314 4085 452 4169 gnatur,
478 4076 659 4144 nominibus
681 4097 850 4162 numerus,
885 4080 940 4166 qui
962 4079 1003 4146 ad
1026 4077 1089 4146 hoc
1111 4079 1217 4164 legum
1239 4099 1358 4168 corpus
1380 4080 1536 4170 retertur,
1571 4083 1642 4149 lere
1663 4099 1794 4168 semper
1814 4080 1947 4147 additus
1969 4087 2042 4168 est,
2074 4079 2106 4146 iu
2129 4099 2207 4168 quo

316 4193 426 4248 tamen
447 4179 560 4246 nescio
582 4199 644 4266 quo
667 4198 746 4246 caso
767 4178 905 4266 oceidit,
948 4186 983 4247 ut
1010 4199 1128 4267 magna
1150 4200 1228 4267 pars
1256 4201 1458 4249 numerorum
1486 4185 1519 4248 ln
1548 4184 1780 4251 Nomocarone
1808 4183 1983 4250 relatorum
2012 4200 2084 4248 enm
2110 4179 2208 4248 libro

313 4290 430 4350 nostro
451 4301 517 4348 non
539 4281 623 4346 satis
644 4281 851 4348 conveniant.
896 4281 972 4348 Nisi
1006 4282 1092 4348 torte
1114 4280 1147 4347 id
1177 4281 1321 4350 coelitum
1348 4283 1638 4370 manuscriptorum
1668 4283 1875 4370 cormptelae
1903 4282 2108 4352 tribuendum
2131 4287 2209 4348 est

314 4382 379 4467 Qui
401 4403 472 4450 cum
496 4383 578 4448 libro
601 4389 711 4449 nostro
734 4383 941 4450 consentmnt
962 4383 1105 4470 numeri,
1140 4382 1175 4448 hi
1202 4389 1297 4448 sunt:
1340 4386 1396 4462 τῆς
1423 4381 1484 4450 λα’.
1511 4383 1688 4466 διατάξεως
1708 4385 1844 4451 Νοωοο.
1877 4381 1939 4450 16.
1968 4381 2005 4450 6.
2036 4405 2067 4472 p.
2090 4379 2216 4474 623,

314 4488 371 4565 τῆς
391 4482 458 4572 λβ.
482 4482 656 4564 διατάξεως
675 4486 810 4552 Nomoc.
837 4482 897 4550 16.
922 4485 958 4551 7.
982 4505 1013 4571 p.
1038 4480 1141 4571 623,
1183 4485 1240 4562 τῆς
1260 4481 1310 4566 μ’.
1339 4483 1515 4565 διατάξεως
1541 4487 1676 4554 Nomoc.
1713 4484 1771 4551 15.
1794 4482 1830 4551 2.
1857 4507 1888 4573 p.
1911 4482 2015 4575 620.,
2050 4480 2119 4552 άνὸ
2144 4488 2216 4566 τῆς

313 4585 384 4672 μβ’.
408 4583 584 4666 διατάξεως
605 4587 738 4653 Nnmnc.
763 4585 825 4653 25.
851 4585 883 4650 1.
907 4607 938 4672 p.
962 4583 1069 4673 632,
1089 4587 1145 4664 τῆς
1165 4582 1230 4668 μγ’.
1254 4582 1429 4666 διατάξεως
1450 4587 1586 4655 Nnmnc.
1610 4585 1675 4652 25.
1702 4583 1738 4652 2.
1762 4606 1793 4673 p.
1817 4583 1921 4673 632,
1951 4589 2008 4667 τῆς
2033 4581 2094 4670 με’.
2110 4587 2216 4668 Ιδια-

313 4683 434 4768 τάξεως
452 4687 588 4754 Nomoc.
613 4685 675 4753 25.
700 4686 735 4752 3.
759 4709 792 4774 p.
815 4683 926 4773 632,
967 4695 1004 4754 ἐκ
1024 4688 1080 4765 τῆς
1099 4684 1167 4770 μζ.
1188 4687 1306 4773 νεαράς
1327 4687 1502 4768 διατάξεως
1523 4689 1658 4754 Nomoc.
1681 4683 1744 4754 26.
1768 4684 1805 4753 4.
1828 4708 1859 4774 p.
1883 4683 1975 4753 633.
1984 4735 1996 4775 ,
2036 4683 2103 4754 άπὸ
2136 4690 2216 4754 τοῦ

313 4786 380 4875 νβ’.
403 4791 586 4875 κεφαλαίου
609 4789 742 4856 Nnmnc.
767 4789 803 4854 3.
832 4790 863 4855 1.
887 4811 918 4876 p.
943 4787 1047 4876 607,
1067 4789 1124 4867 τῆς
1144 4785 1201 4862 νς.
1223 4783 1399 4867 διατάξεως
1420 4789 1555 4856 Nomoc.
1582 4787 1643 4855 15.
1666 4786 1704 4858 4.
1728 4809 1759 4876 p.
1784 4785 1889 4877 620.,
1915 4791 2029 4854 τίτλον
2049 4785 2113 4867 ξεί.
2139 4792 2218 4869 τῆς

313 4887 416 4970 αὐτῆς
436 4891 571 4958 Nomoc.
595 4888 632 4956 8.
657 4889 692 4956 3.
716 4911 747 4977 p.
772 4887 876 4970 613,
899 4892 959 4955 τοῦ
979 4888 1031 4969 ξε’.
1054 4891 1240 4976 κεφαλαίου
1261 4889 1397 4956 Nomoc.
1422 4889 1485 4956 33.
1509 4889 1546 4956 3.
1569 4911 1600 4978 p.
1623 4887 1729 4978 640,
1760 4891 1816 4968 τῆς
1837 4885 1898 4956 ον’.
1921 4886 2097 4970 διατάξεως
2119 4891 2163 4956 Ν
2166 4911 2220 4959 ο-

312 5011 395 5059 mcc.
420 4987 484 5056 28.
507 4989 543 5056 2.
566 5012 598 5078 p.
622 4989 727 5080 635,
748 4992 805 5068 τῆς
826 4989 891 5075 οβ’.
915 4988 1091 5069 διατάξεως
1112 4989 1246 5055 Nnmnc.
1270 4985 1334 5054 27.
1360 4987 1396 5055 2.
1419 5012 1450 5079 p.
1474 4987 1580 5079 634,
1603 4989 1669 5058 άπὸ
1690 4992 1747 5070 τῆς
1766 4987 1838 5077 νιβ’.
1860 4989 2035 5071 διατάξεως
2053 4991 2221 5062 Nomoc.

314 5091 377 5161 32.
404 5092 438 5158 1.
461 5113 493 5180 p.
517 5089 609 5173 638.
652 5093 691 5159 In
712 5091 835 5179 aliquot
855 5091 1097 5157 Nomocanouis
1118 5090 1220 5156 titolis
1249 5089 1411 5178 capitula,
1441 5111 1526 5180 quae
1554 5091 1697 5160 diversis
1725 5098 1860 5160 nostrae
1886 5093 1994 5178 legum
2023 5091 2225 5162 collectio-

311 5195 366 5263 nis
395 5193 478 5260 locis
512 5192 689 5282 habentur,
726 5194 773 5260 ita
806 5195 892 5260 inter
913 5211 953 5258 se
979 5192 1152 5258 coniuncta
1177 5199 1272 5280 sunt,
1307 5197 1343 5258 ut
1370 5211 1434 5259 una
1459 5212 1563 5282 eaque
1592 5194 1744 5262 contium
1772 5193 1861 5260 serie
1895 5193 2088 5261 referantur.
2140 5193 2228 5268 Sic

312 5298 347 5362 in
370 5295 473 5382 primo
494 5294 738 5362 Nomocanouis
760 5296 852 5362 titolo
874 5293 957 5360 haec
977 5293 1120 5379 capitula
1142 5314 1204 5360 uno
1235 5292 1350 5361 ordine
1377 5293 1575 5362 referuntorr
1598 5315 1669 5383 cap.
1697 5295 1742 5382 1.,
1763 5292 1840 5382 22,
1861 5291 1940 5380 23,
1962 5294 2046 5386 57,
2087 5295 2154 5366 sle
2179 5299 2232 5370 in

313 5397 438 5464 decimo
461 5401 576 5483 quarto
597 5396 691 5462 titulo
712 5415 784 5497 cap.
809 5395 872 5463 21.
896 5401 932 5462 et
953 5393 1017 5460 35.
1040 5397 1211 5462 coniuncta
1232 5401 1326 5484 sunt3
1363 5395 1414 5461 sic
1443 5397 1477 5462 in
1499 5399 1658 5482 vigesimo
1687 5395 1781 5462 titolo
1809 5413 1880 5482 cap.
1910 5394 1976 5461 74.
2005 5407 2041 5463 et
2063 5393 2139 5464 56.
2171 5401 2234 5470 acl

315 5497 452 5566 eundem
472 5497 577 5562 locum
598 5505 813 5588 revocanturq
834 5497 884 5563 sic
905 5498 938 5562 in
961 5497 1127 5582 trigesimo
1150 5495 1248 5564 tertio
1271 5496 1365 5561 tilulo
1387 5515 1457 5583 cap.
1484 5496 1544 5562 17.
1569 5512 1604 5564 et
1627 5498 1690 5564 77.
1715 5497 1885 5587 habentur,
1906 5504 1942 5564 nt
1963 5504 1999 5564 et
2020 5515 2092 5586 cap.
2109 5497 2168 5570 8.
2184 5509 2235 5572 et

315 5598 400 5690 5th
421 5600 470 5665 sic
491 5599 524 5663 in
549 5598 641 5664 titulo
663 5599 832 5686 trigesimo
856 5605 971 5685 quarto
994 5617 1065 5685 cap.
1091 5593 1140 5686 9.,
1164 5597 1237 5684 lna,
1260 5592 1335 5677 79,
1359 5594 1437 5681 80.,
1460 5597 1524 5664 81.
1549 5606 1584 5666 et
1605 5595 1671 5665 84.
1699 5597 1871 5666 coniuncta
1897 5604 1983 5664 snut.
2027 5595 2068 5664 Si
2088 5617 2239 5688 quae.

313 5701 407 5788 ritur,
430 5719 504 5766 num
525 5698 769 5767 Nomocanoms
790 5698 980 5785 compilator
1002 5717 1061 5784 ea,
1093 5717 1178 5785 quae
1204 5717 1248 5764 ex
1275 5696 1468 5766 collectione
1495 5703 1687 5765 LXXXVII
1716 5698 1927 5786 capitulorum
1949 5696 2108 5786 deduxit,
2141 5701 2237 5784 &lif

314 5801 500 5890 quantulum
521 5802 708 5890 mutaverit,
729 5799 771 5867 rle
792 5816 916 5884 suoque
939 5797 1057 5884 aliquid
1080 5798 1123 5868 ad
1144 5799 1201 5874 illa
1221 5799 1393 5888 adiecerIt,
1415 5803 1465 5870 sic
1486 5800 1615 5869 habeto.
1646 5799 1710 5890 Da,
1732 5819 1817 5888 quae
1839 5799 2081 5868 Nomocanouis
2105 5807 2236 5876 nui.
