4748 7074
454 1595 885 1674 ADBENDA
939 1602 1046 1676 M
1102 1599 1712 1676 colemannum.

239 1837 310 1910 l’ag.
337 1836 391 1892 Vl.
420 1837 472 1894 lio.
499 1838 550 1896 16.
597 1845 656 1940 Pro
680 1838 797 1950 ἐπιτομὴ
825 1846 882 1904 τῶν
908 1839 981 1923 μετά
1009 1839 1061 1906 τὸν
1110 1843 1127 1926 ἡ
1155 1847 1218 1924 περὶ
1246 1847 1302 1906 τῶν
1325 1837 1532 1942 ἐναπογράφοιν
1557 1835 1650 1916 ἄλλοις
1676 1841 1730 1923 ιῖγι
1756 1837 1825 1924 πρὸ
1848 1847 1912 1904 τοῦ
1933 1868 2008 1906 συν·

163 1911 259 1978 udone
280 1923 387 1996 νεαρῶν
408 1918 560 1994 διατάξεων
588 1923 662 1986 κατά
690 1931 799 1998 τίτλοος
831 1933 991 2006 συγκειμένη
1021 1934 1059 1988 V.
1109 1936 1269 2008 τεθῆναι
1296 1923 1335 1989 τὸ
1363 1925 1502 1998 πλάτος
1530 1934 1599 1989 τῶν
1619 1933 1771 2006 νεαρῶν,
1807 1931 1866 1988 καὶ
1887 1921 2008 2003 ἄλλως

164 2005 201 2062 Cl.
227 2007 390 2061 odoardus
422 2008 649 2088 Zachariam,
691 2013 800 2072 litteris
834 2015 871 2070 ad
899 2031 944 2107 me
972 2015 1059 2089 dotis,
1109 2009 1250 2094 ἐγράφη
1278 2017 1330 2084 εἰς
1357 2007 1395 2072 τὸ
1424 2008 1564 2085 πλάτος
1589 2016 1651 2112 acl
1678 2015 1863 2090 μετετέθη
1891 2019 1944 2086 εἰς
1965 2013 2010 2076 τά

164 2089 312 2190 legendum
342 2105 410 2146 esse
435 2091 535 2149 docuit
564 2093 681 2174 ἐπιτομιγ
706 2102 762 2156 τῶν
787 2094 860 2173 perc
881 2093 932 2158 τὸν
952 2094 1057 2159 audeca
1108 2094 1289 2198 βασιλικά.
1331 2092 1471 2196 πρότερογ
1496 2093 1595 2176 μὲν
1565 2120 1618 2178 γορ
1638 2103 1805 2196 καπνιιῶγοι·
1825 2097 2009 2196 'Mefitim

163 2177 263 2249 νεαρῶν
283 2169 436 2244 διατάξεων
455 2173 530 2236 κατὰ
548 2181 659 2250 elatave
686 2185 873 2259 συγκειμένων.
916 2185 984 2240 Νοιι
1006 2201 1058 2240 re·
1107 2177 1169 2262 ἤτοι
1198 2185 1411 2261 ιιιιγαλιτιῶνος,
1445 2173 1490 2241 ὅτι
1516 2184 1563 2242 καλ
1591 2179 1768 2252 καπίτοις’
1753 2205 1770 2259 η
1798 2175 1906 2258 aequin
1934 2179 2009 2244 κατά

163 2273 264 2332 pugno.
306 2261 391 2314 runc
411 2261 456 2316 sic
476 2262 584 2320 Latine
605 2270 666 2321 tota
686 2281 735 2321 res
750 2267 904 2324 reddetur.
931 2271 1058 2340 epitome
1107 2272 1252 2338 Λατίνους
1273 2270 1393 2364 λιγεγιιι,
1426 2268 1473 2326 καλ
1494 2264 1533 2326 δι’
1566 2261 1809 2327 ιἰποιιοταοτάτοιν
1826 2269 2008 2362 λειτουργεῖν

162 2350 223 2414 port
251 2345 388 2402 codicem
414 2347 606 2406 Novellarum
633 2353 877 2410 eonatitutionum
902 2354 935 2409 τίι
957 2355 1057 2410 titulos
1106 2349 1173 2422 τοὺς
1200 2358 1287 2413 λιαπο
1288 2345 1413 2454 γράσονς
1440 2350 1588 2448 διωρίζετο.
1645 2356 1695 2420 εἰς
1666 2350 1762 2410 roi
1797 2345 1836 2409 τὸ
1849 2349 2009 2446 ἧπλάτογ

164 2429 381 2486 mmmmm
402 2433 432 2484 θῖ
453 2435 528 2486 0821·
1105 2440 1165 2496 κοιλ
1187 2443 1236 2507 εἰς
1257 2433 1299 2498 τὰ
1327 2432 1506 2512 βασιλικά
1526 2431 1564 2496 τὸ
1588 2430 1625 2496 ἓν
1646 2373 1695 2506 ιλξς
1702 2432 1820 2494 αὐτῶν
1842 2456 1925 2512 ιγτοι
1946 2442 2009 2514 τῆς

238 2513 589 2588 Pag.XVlll.lin.15.
638 2522 682 2576 lle
709 2520 767 2576 hac
795 2521 1056 2596 accusatorie
1105 2516 1597 2599 κιφαλιτιῶνοςούκλτέθη.
1634 2515 2007 2589 Quodlroelocodcnlce

165 2597 284 2654 duitloue
305 2599 344 2653 V.
367 2598 410 2655 Cl.
431 2599 577 2657 Eduardo
598 2603 806 2679 Vacoecum,
839 2611 871 2661 ut
893 2606 1000 2662 litteris
1018 2608 1055 2662 ad
1104 2627 1170 2676 τοις
1192 2614 1296 2664 natura
1316 2605 1487 2661 Theodorus
1509 2607 1661 2662 memoriae
1683 2605 1824 2675 prodidit,
1852 2606 2010 2661 verendum

164 2683 297 2738 medatis
319 2697 364 2738 em
386 2683 501 2756 docuit,
533 2702 646 2744 mecum
668 2691 822 2761 convenit·
849 2691 886 2745 dc
907 2693 1057 2748 Mottltoei
1106 2697 1161 2762 est,
1183 2679 1532 2748 neexmalcintellectis
1550 2693 1645 2747 Photii
1661 2691 1759 2746 verbis
1776 2691 1926 2759 prtnlicrit
1958 2693 2010 2746 sic

165 2769 292 2824 ιιιοιιιισλιιΙ
319 2767 404 2840 loco,
439 2771 565 2840 queml.
586 2771 604 2826 λ.
627 2778 685 2830 not.
706 2773 735 2830 1.
763 2773 929 2846 attulimus,
960 2776 1056 2832 inter·
1106 2778 1182 2833 enim
1197 2775 1389 2834 Photiuslul
1409 2792 1435 2846 p.
1448 2773 1534 2830 8561
1527 2769 1679 2851 ·ηἰλλις.
1697 2775 1766 2832 dccc.
1787 2771 2009 2833 τοῦιιιῐτοῦτλτ.

163 2852 292 2923 pretando
313 2867 370 2908 nou
390 2852 470 2908 item.
511 2857 645 2927 Namque
672 2874 774 2915 vocem
795 2859 1057 2938 παραλελειμμένων
1107 2855 1232 2939 (rody'.
1253 2861 1321 2920 τιτλ
1343 2863 1394 2918 τοῦ
1415 2853 1456 2917 α’.
1477 2861 1550 2938 βιβλ.
1567 2864 1618 2918 τοῦ
1639 2859 1717 2934 κοιλ.)
1739 2858 1785 2916 καλ
1807 2853 1886 2935 ἡγλ.
1908 2863 1957 2917 τοῦ
1971 2853 2008 2917 α’.

164 2939 195 2992 de
215 2937 272 3007 his,
300 2952 376 3007 quae
393 2943 559 3010 praeterito
579 2947 826 3012 praeseminare
848 2951 935 3016 sunt,
960 2947 1056 3000 inter·
1105 2947 1157 3004 alr.
1178 2947 1235 3004 τῶι
1262 2949 1369 3021 νεαρῶν
1396 2944 1464 3022 (γιγσλ
1491 2939 1557 3014 τούς
1569 2939 1790 3046 ιναγιογράιγους
1816 2943 1862 3000 καλ
1883 2937 2009 3002 ἀκόντων

163 3026 291 3094 pretatur,
312 3037 434 3092 eamque
453 3024 722 3095 interpretationem
745 2986 959 3102 paratitlorum,
980 3045 1056 3100 quae
1105 3034 1162 3088 τῶν
1188 3031 1334 3089 δεσποτῶν
1360 3031 1387 3087 ἐν
1417 3039 1481 3097 ταις
1508 3026 1576 3087 κατ’
1599 3025 1703 3096 ιιύτοιις
1728 3021 1859 3102 κτήσεσιν
1886 3047 2007 3105 χειροτο-

164 3107 294 3164 Ριοσλιίτο
326 3115 414 3164 uncto
450 3108 567 3164 adiecta
599 3119 686 3186 sunt,
728 3114 861 3185 exemplo
896 3113 1055 3170 defendere
1104 3120 1234 3186 νεῖσθαι,
1264 3102 1343 3190 1φῶ
1365 3107 1411 3171 ιλιά
1432 3117 1489 3172 τῶν
1509 3115 1655 3172 ιλιοιιοτῶι
1683 3107 1733 3187 τὴν
1762 3116 1918 3170 cccccccccc
1945 3132 2008 3169 σον-

166 3196 283 3248 conatur.
337 3193 541 3252 Paratitlorum
577 3200 722 3254 notionem
758 3200 834 3254 enlm
871 3199 957 3254 alinm
986 3200 1054 3254 aliis
1104 3199 1192 3257 τελεῖν
1212 3199 1258 3258 καλ
1279 3193 1360 3258 ιλιά
1347 3193 1590 3256 νιτοιιατασιάτωι
1610 3197 1781 3273 λιιτοιργιῖι.
1821 3196 1903 3262 Quod
1927 3197 2007 3252 ΡΙιιι-

166 3277 330 3348 tcmporihus
357 3275 460 3333 ruisse.
511 3281 595 3352 ligo,
623 3283 672 3354 qui
701 3299 794 3340 meam
822 3285 1053 3354 qualemcunque
1104 3283 1166 3338 tius
1188 3284 1304 3354 utrique
1325 3282 1405 3356 legi,
1444 3283 1501 3338 hoc
1523 3289 1568 3338 est
1594 3287 1687 3338 occist.
1716 3280 1766 3334 16.
1787 3281 1857 3336 Cod.
1882 3283 1906 3336 l.
1927 3279 1956 3333 6.
1978 3287 2007 3334 et

166 3363 315 3432 opinionem
337 3363 439 3460 tueor,
452 3364 623 3438 convinco,
643 3383 734 3438 quare
755 3369 811 3424 hoc
832 3369 1054 3440 interpretatio·
1104 3367 1181 3424 Nov.
1202 3365 1272 3423 126.
1293 3368 1411 3441 tribuit,
1447 3368 1504 3422 hoc
1524 3367 1601 3422 idem
1622 3367 1793 3436 Balsemun,
1819 3365 1869 3435 qui
1892 3365 2008 3420 cunsti-

164 3447 322 3520 diogenus
349 3446 536 3517 recipiamus.
586 3453 713 3508 l’rimum
740 3453 815 3508 enim
844 3469 902 3508 vox
914 3453 1053 3530 παρολι·
1104 3453 1246 3508 tutionem
1269 3453 1387 3510 Codicis
1410 3467 1446 3507 ue
1468 3452 1543 3524 legit
1565 3450 1698 3522 quidem,
1727 3465 1792 3504 curn
1815 3465 1869 3504 uec
1891 3450 1921 3504 in
1945 3451 2006 3505 lla-

165 3529 300 3607 λιιμμένων
321 3546 400 3602 eum,
429 3547 514 3601 quarn
535 3537 638 3606 posui,
668 3538 843 3593 sententiam
865 3538 974 3592 habere
996 3553 1053 3608 po·
1103 3537 1197 3592 silicis
1218 3538 1314 3608 posita
1336 3537 1394 3607 sit,
1420 3535 1475 3591 soli
1498 3536 1642 3592 Novellae
1664 3532 1735 3588 126.
1756 3534 1884 3588 tribuere
1905 3533 2011 3588 voluit.

166 3618 229 3686 last,
268 3616 420 3672 dummodo
455 3617 492 3671 od
519 3633 570 3688 ea,
613 3637 688 3691 qnae
716 3637 754 3678 ex
782 3622 903 3694 iisdem,
945 3622 1052 3692 quibus
1101 3621 1163 3677 lam
1193 3621 1229 3676 dc
1258 3621 1436 3692 capitatione
1460 3625 1488 3676 et
1510 3621 1645 3698 γεωργίας
1666 3634 1718 3690 por
1739 3620 1915 3673 substitutas
1936 3634 2008 3688 per-

165 3701 287 3768 paratitlo
307 3701 406 3756 addita
427 3706 511 3772 sunt,
540 3702 638 3778 legum
660 3705 744 3762 libris
766 3705 802 3760 ad
826 3721 907 3778 eam,
935 3723 993 3776 qua
1015 3707 1052 3762 de
1102 3721 1192 3760 sonae
1217 3707 1370 3779 agnitione
1400 3705 1465 3776 ipsa
1487 3710 1580 3760 eutrst.
1609 3703 1657 3758 16.
1688 3704 1757 3760 (lod.
1779 3705 1801 3756 1.
1823 3703 1852 3756 6.
1879 3703 2007 3772 λοιγιιίλιιι
2084 3745 2086 3754 .

165 3785 266 3858 agitur,
292 3801 352 3841 reru
380 3787 587 3856 praetermissa
614 3801 699 3861 sunt,
734 3793 888 3847 reseratur.
939 3791 1051 3847 Deinde
1102 3784 1149 3846 lais
1172 3791 1285 3846 verbis:
1307 3787 2007 3864 „imperotorcollonorinaetl'lteo-

165 3867 506 3927 Μολλλαοιιιιιιοποολιιιι
528 3872 617 3944 haec,
645 3891 710 3930 cum
733 3876 947 3932 delustininni
970 3876 1052 3930 libris
1102 3877 1261 3948 ,‚doaioa
1295 3875 1463 3946 Αιιγιιιλλ
1495 3872 1694 3930 Αιιιλιοπιιό
1732 3873 1811 3928 111).
1867 3873 2007 3942 Quisquis

165 3961 272 4028 ageret,
291 3954 432 4012 adnotare
454 3956 554 4015 voluit.
603 3961 707 4030 ltaque
734 3961 808 4015 satis
829 3965 966 4032 apparet,
993 3961 1051 4016 λιιιιι
1102 3960 1268 4034 „censibus
1305 3959 1396 4016 luerit
1436 3959 1608 4032 adnotatus,
1651 3960 1746 4014 invito
1780 3955 1846 4029 agri
1881 3957 2010 4027 «lomina,

165 4053 213 4094 uon
232 4040 292 4096 suis
312 4041 490 4110 temporibus
517 4057 593 4112 quae
618 4043 818 4115 paratitlorum
845 4045 925 4100 notio
952 4045 1051 4113 fuerit,
1103 4049 1274 4118 „temperet
1300 4045 1337 4100 ιιΙι
1367 4045 1444 4099 omiti
1473 4044 1633 4098 clericatus
1665 4044 1738 4098 adeo
1760 4048 1809 4111 ut,
1838 4041 1953 4096 etiamsi
1976 4043 2006 4096 in

164 4123 195 4176 ιλι
219 4123 271 4180 lroc
297 4125 441 4195 scriptore
469 4126 593 4198 exponi,
626 4129 679 4184 aed
710 4133 800 4186 totam
828 4129 907 4185 λιιιιισ
931 4143 992 4185 rem
1014 4129 1052 4184 ad
1103 4144 1164 4202 „eo
1194 4129 1276 4200 vico,
1319 4129 1349 4184 in
1384 4143 1440 4199 quo
1474 4129 1604 4184 noscitur
1635 4128 1809 4193 mansitare,
1850 4127 2007 4180 clericatos

163 4207 307 4266 iustiniani
326 4215 457 4280 tempora
477 4211 635 4281 pertinere.
1101 4213 1232 4286 „tuerit,
1272 4214 1328 4269 sub
1350 4213 1405 4268 hac
1426 4213 1494 4286 lege
1516 4212 1686 4286 religiosum
1710 4211 1844 4266 adsumat
1865 4211 2009 4266 sacerdo-

235 4287 564 4370 rag.xxx1.lin.o.
593 4298 709 4353 Puellae
729 4299 761 4353 in
782 4298 907 4370 ιμλιιλολιι
927 4299 964 4354 de
985 4299 1051 4355 No·
1100 4297 1218 4372 ,,11ιιοι,
1256 4301 1289 4352 ut
1317 4301 1346 4353 et
1367 4293 1559 4368 capitatione
1580 4299 1732 4352 sarcinam
1751 4311 1808 4368 μοι·
1829 4298 1928 4365 ipsum
1949 4297 2007 4350 do-

163 4377 234 4434 ιιλλίι
263 4377 449 4454 iustiniani]
500 4382 585 4436 llune
619 4382 748 4438 libellum
776 4381 867 4439 Pselli
899 4398 955 4438 non
984 4398 1051 4438 esse
1101 4384 1239 4456 ,,ιιιλιιιινιι
1260 4397 1420 4454 σγνιοιοιινο
1439 4382 1648 4456 compellatur,
1671 4387 1700 4436 et
1721 4384 1752 4435 ιἰι
1776 4381 1927 4437 ror-attona
1948 4381 2005 4434 od-

161 4477 245 4534 uupcr
273 4463 421 4521 contendit
456 4465 495 4519 V.
525 4465 569 4522 (λλ.
605 4467 731 4524 carolos
769 4469 861 4524 Witte
897 4466 926 4522 in
963 4467 1052 4523 libro:
1101 4469 1255 4541 „aequiia,
1277 4481 1337 4540 quo
1357 4468 1517 4540 maluerit,
1544 4467 1703 4538 acoroqoto
1724 4472 1828 4522 ntotco·
1845 4465 1919 4521 -.“·
1945 4465 2008 4519 ·lla

160 4547 499 4607 Kottscocdooroucoer
516 4547 572 4618 sair·
586 4552 725 4608 declaclae
739 4549 1055 4622 lleclltatciesenacltofl
1101 4553 1284 4624 capitatione
1311 4567 1385 4607 vero
1408 4556 1438 4607 et
1464 4552 1630 4608 masticata
1655 4554 1793 4622 perronio
1822 4549 1895 4604 nilril
1917 4547 2005 4616 quie-

161 4632 199 4686 ed.
218 4635 347 4691 Richter.
368 4633 472 4689 Monet
493 4633 558 4690 Mai
581 4639 610 4692 S.
632 4634 703 4690 692.
740 4638 886 4704 caussas,
908 4651 998 4707 quare
1019 4636 1050 4692 id
1101 4651 1187 4706 quam
1208 4635 1239 4690 in
1258 4636 1337 4692 Nor.
1356 4633 1426 4690 126.
1447 4652 1510 4708 cap.
1533 4635 1582 4690 17.
1604 4635 1741 4707 habetur,
1772 4651 1825 4690 nec
1847 4647 1919 4687 sane
1941 4631 2004 4685 lieri

159 4716 196 4770 ita
220 4735 284 4776 esse
310 4719 485 4789 crediderit,
515 4734 685 4790 expromere
712 4721 841 4778 alienum
868 4727 915 4776 est
935 4722 973 4778 ab
994 4721 1052 4778 hoc
1100 4724 1216 4792 potest,
1248 4723 1282 4776 ut
1312 4719 1400 4777 huius
1428 4721 1572 4778 Novellae
1600 4726 1768 4776 contextum
1797 4718 1857 4773 ullo
1879 4731 2005 4786 unquam

158 4799 229 4878 luco,
255 4809 288 4860 ut
308 4803 385 4875 quod
406 4760 626 4860 alienissimum.
1101 4809 1232 4876 ternpore
1257 4803 1344 4860 aliter
1369 4820 1437 4861 sese
1459 4806 1599 4861 habuisse
1621 4805 1782 4862 credamus.
1824 4801 1907 4857 Nildl
1929 4801 2006 4856 enim

231 4889 350 4946 ibidem.
391 4888 442 4945 Ad
471 4888 563 4963 haec,
596 4889 731 4961 quaein
760 4887 886 4946 ιιολιιῖλ.
915 4890 952 4945 de
980 4883 1051 4949 πλά-
1101 4889 1139 4945 dc
1167 4890 1223 4944 hac
1252 4903 1284 4944 re
1313 4904 1368 4946 nee
1396 4891 1582 4948 Athanasius
1618 4891 1662 4944 tlt.
1691 4887 1718 4942 1.
1747 4891 1843 4941 const.
1869 4883 1913 4946 2.
1949 4899 2004 4940 nec

158 4991 216 5041 τοις
243 4976 360 5030 notione
393 4973 559 5046 attulimus,
601 4975 754 5030 addendus
788 4989 867 5029 nunc
899 4980 946 5029 est
974 4974 1051 5031 aliua
1101 4973 1228 5044 denique
1254 4976 1341 5030 vetus
1368 4976 1557 5030 Novellarum
1583 4975 1741 5043 interpres
1778 4985 1862 5039 quem
1889 4970 2004 5040 quidem

159 5056 296 5114 {dheodori
317 5059 505 5114 liulaootonie
527 5059 624 5130 locus,
651 5059 702 5132 qui
723 5057 760 5112 ad
782 5059 880 5114 Photii
901 5074 1053 5116 nomocan.
1100 5059 1244 5132 vulgatae
1265 5059 1412 5116 versionis
1434 5066 1582 5116 auctorem
1604 5072 1672 5111 esse
1693 5056 1853 5112 adfirmant.
1889 5056 1935 5111 llx
1958 5055 2006 5110 his

155 5141 196 5196 tit.
214 5143 237 5198 l.
257 5159 322 5214 cap.
342 5139 422 5196 61.
414 5157 445 5198 ιο
465 5141 644 5199 bibliotheca
672 5142 747 5198 iuris
774 5143 907 5198 cononici
931 5160 958 5214 p.
979 5141 1050 5198 866.
1100 5142 1276 5199 testimoniis
1298 5143 1382 5215 satia,
1405 5145 1517 5214 opinor,
1539 5142 1575 5196 de
1592 5139 1774 5196 Balsnmonis
1798 5153 1896 5194 errore
1918 5139 2004 5194 eius-

150 5226 197 5280 sic
221 5228 357 5284 habetur:
389 5221 534 5324 qotp'.
563 5222 689 5298 διάταξις
716 5229 768 5284 τοῦ
796 5219 840 5284 α’.
866 5226 961 5284 τίτλον
990 5227 1050 5287 ἐστὶ
1100 5243 1157 5298 que
1182 5229 1265 5282 sonte
1280 5229 1435 5283 constabit.
1467 5231 1570 5296 ltaque
1591 5225 1712 5280 multum
1733 5225 1826 5294 abest,
1849 5227 1881 5278 ut
1902 5225 2005 5291 Tinco-

147 5306 235 5390 νιπρά
251 5304 469 5410 ’λονστγνιάνιιογ
495 5305 568 5412 ρμγ’.
562 5353 580 5384 .,
607 5311 654 5370 acl
682 5310 768 5410 ἐτέθγ
796 5309 967 5388 ελςβιβλίον
993 5331 1051 5404 τιιγν
1100 5312 1206 5368 doro'
1199 5327 1229 5366 ιιι
1253 5311 1309 5368 hac
1330 5327 1362 5368 ru
1384 5312 1457 5368 tides
1479 5312 1609 5383 constet,
1640 5316 1674 5365 ut
1695 5309 1882 5364 manifestum
1905 5309 2003 5378 potius

141 5389 360 5498 γλασιλιιιῶιγῖ
389 5388 520 5454 τιτλ’
488 5416 529 5454 α.
557 5415 617 5471 aeq.
647 5387 703 5471 λη’.
731 5385 821 5463 οὕτως
841 5389 918 5472 ἕχον·
960 5389 1051 5468 ,τοὺς
1099 5397 1303 5470 negligentiae
1333 5411 1405 5451 suae
1433 5394 1624 5464 incuriaeque
1645 5393 1711 5464 ipse
1739 5393 1892 5463 petlriheat
1914 5393 2004 5446 testi-

140 5474 383 5586 ,λογογράφους
410 5483 439 5538 ιλιι
467 5475 567 5548 αυτοῖς
592 5472 680 5555 μόνον
700 5489 762 5548 τοις
781 5473 926 5576 reposco,
956 5482 984 5538 ἐν
1004 5473 1050 5550 οἷς
1100 5482 1237 5537 monium.
1285 5480 1367 5547 Quod
1388 5477 1481 5552 igitur
1502 5478 1656 5535 Novellam
1679 5475 1750 5532 126.
1758 5482 1950 5552 ,antequam
1972 5476 2005 5532 in

137 5567 239 5640 ,,ιλσῖι
266 5559 475 5642 ἐισπόγραφοι,
510 5557 656 5642 ιιληρικοὺς
682 5563 729 5622 καλ
755 5559 838 5666 nepti
863 5585 998 5672 yompqrae
992 5568 1050 5624 τῶν
1100 5582 1137 5622 eu
1157 5565 1347 5632 collectione,
1382 5575 1459 5632 quae
1480 5555 1513 5621 τὸ
1535 5557 1643 5630 πλάτος
1664 5567 1721 5620 τῶν
1742 5565 1849 5637 νειιοῶν
1872 5569 2003 5642 vocamur,

135 5653 314 5726 ,,ιλισπστῶν
340 5650 471 5726 γλιισιλοιι
492 5651 703 5725 συγχωροῦμεν,
736 5644 784 5724 ἐφ’
814 5637 952 5726 ᾦμιντοι
973 5643 1049 5750 οἷστε
1099 5650 1185 5704 aliter
1206 5648 1346 5704 habuisse
1368 5645 1543 5718 affirmavit,
1579 5647 1635 5702 hoc
1656 5647 1694 5701 ad
1716 5651 1842 5702 nostram
1865 5647 2003 5717 disputa-

132 5727 314 5812 ,,,λιγρικοιις
348 5728 451 5802 coecos
484 5733 641 5827 γινομένοις
674 5726 725 5809 τὴν
758 5735 926 5831 ἐπικειμένην
951 5744 1049 5804 uocate
1099 5734 1206 5790 tionem
1230 5748 1286 5787 non
1309 5731 1442 5802 pertinet.
1477 5733 1631 5788 Caeterum
1655 5737 1684 5787 el
1707 5747 1743 5790 ex
1767 5733 1821 5787 hoc
1843 5731 1907 5787 loco
1929 5730 2004 5786 satis

131 5785 302 5901 Zyrwoylao
322 5819 481 5896 cracow
523 5809 595 5893 πλιγι
615 5819 745 5894 γίνωσκε,
768 5809 812 5878 ὅτι
830 5809 901 5894 οὕτιγ
923 5813 940 5894 ἡ
961 5811 1049 5896 νεαρὰ
1099 5820 1234 5890 apparet,
1252 5809 1285 5874 τὸ
1307 5809 1415 5886 πλάτος
1435 5835 1492 5874 των
1514 5821 1620 5896 νεαρῶν
1637 5816 1722 5888 quasi
1744 5815 1887 5888 quandam
1909 5830 2008 5887 pecu-
