4864 7070
349 593 398 643 un
1048 569 1504 677 Pnonnttonnnn

352 758 547 845 ningrrlomm
573 757 733 824 titulorum
760 758 911 846 capitulis
937 757 1074 825 subiecti
1102 759 1273 851 videntur,
1300 751 1416 848 reliqui
1444 763 1552 826 antem
1573 775 1594 824 a
1614 754 1732 824 Plotio
1759 757 1945 844 patriarcba
1972 759 2120 845 proiecti
2160 759 2213 827 Ac

326 861 485 946 ‚primum
506 859 633 945 quidem
654 860 697 926 de
716 859 1072 927 Pseudo-Balsamonis
1094 879 1230 949 corpore
1250 861 1427 930 videndum
1448 865 1511 926 est.
1556 857 1624 924 Tit.
1646 855 1682 925 4.
1704 876 1776 944 cap.
1797 855 1836 924 4.
1858 879 1890 944 p.
1913 854 2026 948 007.,
2046 861 2100 946 qui
2119 861 2213 928 locus

352 961 443 1026 solus
463 961 540 1026 indc
562 959 729 1027 derivatus
750 967 814 1048 est,
834 961 904 1026 eins
924 959 971 1024 rei
992 960 1140 1028 indicium
1162 965 1314 1050 praefert.
1358 962 1438 1030 Cum
1467 960 1553 1028 enim
1574 959 1638 1026 iam
1659 959 1879 1045 superioribus
1908 959 2012 1026 titulis
2038 961 2111 1027 libri
2137 962 2212 1028 No-

280 1056 282 1060 ’
351 1061 508 1128 vellatum
533 1079 769 1147 saepenumero
796 1061 916 1126 mentio
942 1057 1029 1127 fucta
1049 1070 1157 1153 esset,
1183 1083 1241 1130 our
1268 1083 1349 1151 opus
1377 1063 1437 1129 init
1461 1061 1534 1128 libri
1554 1077 1735 1147 nnmerum,
1763 1058 1850 1126 unde
1870 1061 1953 1128 haec
1972 1060 2111 1129 deducta
2131 1065 2211 1151 sint,

352 1161 594 1250 demonstrare,
621 1161 685 1226 nisi
705 1162 746 1227 ab
767 1162 874 1228 aliena
893 1177 989 1225 manu
1010 1161 1127 1230 adsuta
1146 1183 1223 1230 esse
1245 1184 1286 1232 ea
1306 1155 1521 1231 arbitremur?
1562 1160 1693 1228 Deinde
1719 1179 1819 1247 quare
1846 1161 1909 1227 alio
1936 1159 2015 1228 libro
2045 1183 2126 1249 opus
2151 1164 2214 1230 fuit

351 1263 394 1330 ad
416 1264 496 1328 haec
516 1263 591 1348 ipsa
612 1261 833 1348 designanda,
860 1279 930 1326 cum
951 1261 1033 1329 baec
1053 1265 1184 1344 eadem,
1213 1283 1297 1352 quae
1318 1263 1474 1352 deinceps
1495 1264 1661 1349 leguntur,
1694 1267 1729 1328 et
1750 1259 1835 1346 apud
1857 1261 2072 1330 Athanasium
2093 1265 2143 1330 tit.
2166 1263 2204 1330 3.

352 1370 459 1429 const.
483 1357 519 1427 3.
541 1364 766 1450 reperiantnri
800 1361 951 1447 Denique
972 1364 1002 1427 ai
1022 1365 1158 1432 eundem
1187 1373 1222 1432 et
1249 1367 1413 1452 antiquum
1433 1362 1662 1432 nomocanonis
1683 1362 1922 1448 compilatorem
1949 1363 2073 1430 eteius
2094 1383 2213 1450 corpo-

351 1467 408 1553 ris,
429 1463 513 1550 quod
534 1463 872 1530 l'seudo-Balsamoni
892 1462 1049 1552 tribuitur,
1071 1468 1259 1554 scriptorem
1282 1485 1360 1534 esse
1381 1467 1561 1553 credamne,
1582 1465 1617 1529 in
1638 1481 1689 1548 eo,
1711 1481 1804 1548 quem
1818 1462 1903 1528 idem
1923 1464 2109 1554 coniecerit,
2129 1465 2212 1531 libro

351 1563 524 1650 laudando,
546 1565 700 1650 quomodo
722 1563 829 1630 videri
849 1563 956 1650 possit
976 1566 1097 1632 codicis
1118 1585 1292 1656 numerum,
1313 1569 1422 1654 quiin
1443 1567 1634 1636 bibliotheca
1658 1563 1919 1630 Patriarcbarum
1939 1565 2104 1654 habeatur,
2126 1567 2212 1632 satis

352 1673 442 1738 certo
463 1658 683 1750 designasse?
711 1665 744 1730 A
765 1664 881 1731 Photio
902 1663 964 1729 boo
984 1664 1054 1731 heri
1076 1667 1221 1752 potuisse
1243 1687 1337 1734 nemo
1359 1687 1424 1736 non
1446 1664 1556 1750 videt,
1582 1665 1623 1730 ab
1645 1666 1778 1750 antiquo
1800 1667 2029 1732 nomocanonis
2049 1668 2213 1753 scriptore

351 1785 417 1861 pon
440 1769 526 1833 item.
569 1767 691 1834 Verrun
711 1785 754 1834 ne
774 1769 807 1832 in
828 1767 889 1833 boc
910 1763 1036 1854 quidem
1056 1766 1127 1832 loco
1148 1757 1388 1836 subsistendum
1408 1768 1558 1836 arbitror.
1600 1765 1686 1831 Nam
1713 1772 1748 1830 et
1773 1765 1797 1830 ii
1824 1763 2034 1831 Novellarum
2054 1769 2134 1852 loci,
2156 1769 2211 1854 qui

351 1888 395 1936 ex
416 1887 550 1954 corpore
572 1866 745 1934 CLXVIII
786 1867 996 1934 Novellarum
1028 1865 1063 1929 in
1090 1886 1340 1938 nomocanonem
1368 1868 1520 1937 translati
1539 1871 1618 1932 sunt
1649 1873 1746 1952 atque
1766 1865 1942 1954 transfusi,
1969 1867 2085 1934 Photio
2106 1869 2212 1954 mame

352 1965 406 2038 est
433 1977 469 2036 ut
495 1969 725 2048 attribuantur,
747 1989 841 2056 quam
861 1967 968 2034 veteri
988 1971 1218 2036 nomocanonis
1239 1969 1399 2058 scriptori.
1443 1966 1544 2036 Cuius
1565 1966 1693 2054 quidem
1714 1966 1822 2034 indicii
1844 1973 1912 2032 tres
1933 1966 2037 2033 habeo
2061 1987 2209 2056 caussaS,

352 2072 395 2139 ad
417 2089 488 2138 cam
507 2090 576 2136 rem
597 2067 889 2144 demonstrandam,
911 2067 944 2133 ni
965 2066 1068 2149 fallor,
1089 2073 1172 2135 satis
1193 2070 1339 2136 idoneas.
1381 2072 1433 2137 Ac
1454 2071 1587 2157 primum
1600 2068 1728 2155 quidem
1738 2087 1854 2154 magna
1875 2073 1929 2134 est
1949 2067 2115 2156 dubitatio,
2135 2088 2210 2136 num

351 2173 393 2238 iis
412 2171 615 2258 temporibus,
635 2171 749 2256 quibus
768 2171 900 2255 antiqua
911 2171 1141 2235 nomocanonis
1153 2171 1252 2236 lorma
1265 2169 1453 2238 adumbrata
1473 2176 1527 2238 cst
1547 2177 1583 2236 et
1598 2170 1691 2255 quasi
1711 2169 1886 2257 delineata,
1907 2187 2024 2256 corpus
2037 2167 2209 2234 CLXVIII

352 2273 561 2340 Novellarum
582 2270 667 2358 apud
690 2269 835 2337 Graecos
856 2270 952 2336 luerit
972 2270 1078 2358 ullum,
1099 2287 1169 2336 cum
1190 2272 1382 2356 praesertim
1403 2290 1447 2338 ex
1467 2273 1528 2352 iis,
1557 2287 1640 2357 qnae
1661 2288 1760 2355 supra
1780 2269 2024 2356 disputavimus
2045 2271 2212 2356 coniicIas,

353 2391 606 2442 nomocanonem
626 2372 829 2458 imperatoris
849 2370 965 2436 Iustini
987 2372 1183 2457 temporibus
1205 2389 1283 2438 esse
1312 2373 1524 2458 compilatum.
1573 2369 1704 2436 Deinde
1718 2437 1721 2446 ,
1737 2371 1767 2435 si
1797 2370 2029 2453 nomoqanonis
2056 2371 2209 2456 scriptori

350 2477 612 2544 Athanasianum
633 2492 714 2558 opus
736 2471 777 2538 ad
798 2490 911 2537 manus
932 2471 1035 2538 inleso
1056 2471 1234 2560 credamus,
1255 2493 1349 2560 quarn
1369 2473 1444 2538 mibi
1465 2491 1580 2540 narras
1600 2470 1745 2537 elusdem
1763 2471 1931 2556 scriptoris
1944 2472 2208 2557 inconstantem,

354 2578 408 2663 qui
429 2574 561 2642 easdem
582 2574 742 2640 Novellas
763 2591 806 2639 ex
832 2571 973 2638 diversis
994 2573 1202 2640 Novellarum
1230 2574 1472 2640 collectionibus
1498 2563 1705 2639 laudaverit?
1731 2571 1882 2658 Denique
1910 2573 1992 2638 baec
2020 2573 2207 2639 coniectura

353 2678 521 2764 praeclare
534 2675 740 2756 confirmatur
760 2669 860 2741 1110.
882 2676 1111 2740 nomocanonis
1132 2693 1203 2761 cap.
1227 2672 1288 2740 30.
1302 2695 1334 2760 p.
1355 2674 1483 2763 1011,
1503 2674 1557 2739 ubi
1570 2673 1653 2739 baec
1668 2673 1833 2758 leguntur:
1855 2675 1937 2754 λέγει
1958 2674 1992 2738 δὲ
2012 2675 2083 2738 καὶ
2104 2675 2207 2738 διατ.

352 2776 394 2844 α’.
418 2779 488 2842 τοῦ
510 2773 552 2841 α’.
575 2799 646 2840 τιτ.
669 2777 745 2840 τῶν
765 2776 926 2860 νεαρῶν,
950 2771 1000 2840 ὅτι
1022 2781 1055 2840 οἱ
1075 2776 1271 2860 φθείραντες
1291 2772 1500 2841 διακόνισσαν
1526 2771 1713 2840 ὑπεύθυνοί
1736 2779 1797 2839 slot
1818 2772 1903 2860 ξίφει
1934 2775 1991 2838 καὶ
2017 2773 2077 2850 τὰς
2098 2771 2211 2850 οὐσίας

351 2876 459 2943 αὐτῶν
480 2874 639 2964 λαμβάνει
657 2873 695 2940 τὸ
717 2879 880 2958 δημόσιον.
903 2873 923 2954 ἡ
944 2879 1028 2961 περὶ
1053 2874 1256 2956 μανδατον
1276 2873 1486 2960 ἀρχόντων
1508 2876 1778 2958 διαλεγομένη
1798 2872 1924 2958 νεαροὶ
1945 2871 1996 2953 ιζ.
2018 2871 2210 2959 ἀπαγορεύει

353 2974 451 3066 ὅρους
472 2976 610 3062 ἀσυλίας
631 2975 864 3064 φυλάττεσθαι
884 2986 954 3052 τοῖς
981 2973 1099 3059 tenea
1121 2977 1184 3041 τῶν
1204 2979 1385 3063 παρθένιον.
1427 2980 1484 3042 καὶ
1503 2973 1523 3054 ἡ
1543 2973 1584 3060 β.
1607 2977 1679 3041 τοῦ
1700 2972 1828 3040 αὐτοῦ
1849 2997 1922 3038 τιτ.
1944 2975 1967 3038 δ
1971 2971 2045 3039 ια’τ.
2074 2999 2209 3062 φησιν,

351 3075 402 3144 ὅτι
423 3075 614 3164 ἀρτιάζοντες
634 3075 655 3155 ἢ
681 3074 934 3170 ὑιοονοδεύοντες
955 3081 989 3142 et
1009 3076 1142 3162 reliqna.
1185 3075 1256 3158 Quo
1280 3077 1351 3144 loco
1378 3077 1460 3144 haee
1481 3077 1582 3142 verbo
1607 3077 1664 3142 καί
1683 3073 1703 3154 ἡ
1722 3072 1763 3160 β.
1786 3075 1854 3140 τοῦ
1880 3071 2008 3140 αὐτοῦ
2035 3099 2106 3140 τιτ.
2135 3073 2207 3140 δια-

351 3178 440 3259 ταξις
459 3180 632 3245 manifesto
653 3177 888 3258 demonstrant,
909 3176 974 3242 ista
994 3174 1014 3254 ἡ
1034 3180 1103 3262 ιιερὶ
1123 3213 1166 3228 -
1186 3180 1250 3242 τῶν
1269 3178 1441 3263 παρθένων
1467 3197 1488 3243 a
1515 3177 1746 3244 nomoonnonis
1768 3175 2001 3262 interpolatore
2028 3177 2201 3242 interiecta

267 3275 274 3288 ’
351 3300 439 3350 esse.
481 3281 575 3346 Haec
588 3278 674 3346 enirn
686 3279 789 3344 verba
803 3281 860 3342 καὶ
879 3275 899 3356 ἡ
919 3275 948 3360 β
952 3329 958 3342 .
981 3280 1040 3343 τοι)
1055 3276 1158 3343 αὐτοῦ
1169 3281 1279 3343 τίτλον
1299 3280 1381 3343 διατ.
1397 3279 1439 3344 ad
1453 3279 1553 3346 verba
1566 3281 1647 3361 λέγει
1660 3280 1693 3344 δὲ·
1705 3280 1762 3342 καὶ
1774 3279 1855 3342 διαι.
1878 3273 1920 3342 α’.
1935 3278 1993 3342 τοῦ
2015 3275 2057 3342 α’.
2070 3261 2128 3342 τιτι.
2142 3279 2207 3342 τῶν

351 3383 473 3468 νεαρῶν
494 3382 692 3458 reserentur,
721 3379 763 3445 ad
786 3376 890 3458 istob
916 3382 985 3464 περὶ
1013 3377 1179 3461 μανδίττον
1200 3375 1365 3468 ἀρχόντων
1386 3380 1592 3463 διαλεγομένη
1619 3376 1718 3463 νεαρὰ
1739 3375 1786 3458 ιζ.
1817 3397 1884 3444 non
1911 3379 1998 3444 item.
2045 3379 2149 3466 Atqui
2175 3385 2212 3445 et

352 3484 528 3549 Balsamon
549 3483 632 3548 baec
652 3479 754 3546 verba
773 3481 809 3564 in
830 3482 1058 3546 nomocanonis
1085 3486 1241 3547 contextu
1269 3481 1389 3546 habuit.
1434 3479 1518 3546 Vide
1540 3481 1611 3546 eius
1633 3479 1788 3545 scholium
1810 3480 1831 3544 l.
1855 3480 1875 3544 l.
1900 3501 1931 3565 p.
1957 3477 2072 3544 1013.
2114 3480 2206 3546 Idem

352 3583 514 3668 significat
534 3585 584 3648 tit.
610 3579 671 3648 12.
694 3601 765 3668 cap.
789 3579 824 3646 2.
846 3601 878 3666 p.
904 3577 1020 3646 1062.
1049 3584 1105 3646 καὶ
1132 3579 1182 3646 ὅτι
1214 3583 1393 3666 (αίρετικοὶ)
1424 3588 1458 3646 ἐν
1486 3583 1679 3665 δικαστηρίῳ
1709 3578 1748 3646 οὐ
1773 3581 2078 3670 καταμαρτυροῦσιν
2104 3577 2208 3665 ὀρθο-

353 3683 461 3768 δόξου,
481 3689 508 3747 εί
525 3680 572 3764 ’μὴ
594 3689 638 3758 τίς
658 3677 882 3766 βουλευτήριον
902 3679 1083 3766 ὀρδόδοξος
1093 3679 1228 3762 ἕλκοιτο,
1251 3681 1293 3759 ῶς
1314 3685 1396 3749 διατ.
1416 3680 1458 3769 β.
1470 3683 1530 3747 τοι]
1549 3679 1589 3760 η’.
1611 3683 1689 3746 ccci.
1701 3682 1762 3747 τῶν
1781 3683 1909 3767 νεαρῶν.
1949 3679 2059 3746 Ἐστι
2080 3681 2119 3746 δὲ
2139 3683 2210 3746 τοῦ

353 3784 537 3871 ἀριθμοῦ
558 3785 633 3847 τῶν
656 3779 757 3847 ὅλων
777 3784 925 3867 νεαρῶν
944 3778 1018 3866 μβ.
1047 3779 1143 3873 (lege
1165 3801 1208 3848 ex
1229 3784 1279 3849 tit
1302 3781 1338 3849 9.
1362 3803 1433 3870 cap.
1456 3781 1492 3848 2.
1514 3803 1545 3868 p.
1569 3779 1659 3848 964.
1680 3787 1758 3864 με).
1806 3783 1963 3869 Numquis
1991 3801 2061 3862 non,
2085 3782 2210 3870 videat,

353 3871 445 3973 bae'o,
466 3903 551 3972 quae
569 3884 678 3950 ultimo
700 3883 769 3950 loco
791 3884 893 3971 posui,
914 3903 934 3950 a
955 3883 1098 3950 secumda
1111 3903 1205 3956 mann
1224 3885 1441 3971 superioribus
1459 3883 1578 3964 addita,
1599 3889 1646 3970 ut,
1667 3885 1721 3970 qui
1739 3903 1890 3950 nunnerns
1903 3883 1972 3949 eins
1989 3881 2150 3949 Novellae
2173 3887 2208 3948 in

353 4002 495 4073 corpore·
508 3983 681 4051 CLXVIII
698 3983 908 4052 Novellarum
928 3985 1110 4072 haberetur,
1131 3986 1215 4050 satIs
1228 3980 1421 4053 constaret?
1450 3987 1551 4072 Atqui
1565 3992 1599 4051 et
1610 3984 1785 4050 Balsamon
1798 3991 1911 4050 auctor
1923 3991 1986 4072 est,
1999 3984 2081 4050 baec
2094 3983 2208 4052 eadem

349 4090 383 4153 in
419 4085 649 4153 nomocanonis
678 4089 832 4150 contextu
852 4085 963 4150 inisse.
1007 4085 1092 4152 Vide
1113 4086 1183 4152 eius
1203 4088 1356 4154 scholium
1376 4091 1398 4155 l.
1421 4088 1442 4153 1.
1466 4109 1496 4172 ρ.
1522 4082 1638 4152 1062.
1661 4104 1732 4172 seq.

478 4187 594 4252 Nullus
623 4191 676 4250 est
703 4204 763 4272 per
790 4191 891 4250 totam
915 4187 1110 4253 Graecorum
1130 4187 1410 4274 inrisprudentiam
1431 4189 1529 4273 liber,
1557 4188 1610 4274 qni
1642 4185 1751 4252 Photii
1777 4204 1997 4253 nomocanone
2032 4185 2151 4252 diutins
2173 4189 2208 4252 in

278 4303 279 4308 ’
352 4290 498 4356 manibus
519 4283 839 4354 virorum'doctonrm
860 4287 966 4373 luerit,
987 4292 1052 4352 tum
1073 4297 1207 4373 propter
1228 4307 1380 4352 summam
1401 4291 1472 4355 eius
1492 4289 1565 4354 libri
1586 4290 1829 4375 praestantiam,
1851 4293 1916 4353 tum
1934 4295 2066 4374 propter
2094 4287 2209 4373 singu-

351 4391 453 4457 larem
473 4389 577 4474 ipsins
598 4387 707 4453 Photii
726 4389 761 4452 in
783 4388 941 4454 ecclesiae
963 4387 1112 4455 Graecae
1133 4388 1306 4474 disciplina
1327 4396 1361 4455 et
1380 4389 1547 4456 formanda
1568 4402 1602 4456 et
1623 4388 1665 4454 ud
1682 4395 1816 4454 veteres
1835 4407 1979 4456 canones
2008 4388 2209 4455 instituenda

352 4494 419 4558 vim
444 4497 478 4557 et
507 4489 742 4556 auctoritatem.
785 4488 867 4555 Inde
887 4489 1020 4568 accidit,
1047 4497 1082 4554 ut
1110 4508 1208 4564 saepe
1235 4489 1428 4577 multrunque
1454 4491 1591 4556 luerita
1617 4490 1829 4577 posteriorum
1855 4497 2030 4577 temporum
2054 4488 2209 4558 inrecon-

352 4593 446 4658 sultis
468 4597 502 4658 et
523 4590 737 4676 interpolatus
758 4597 793 4656 et
813 4590 980 4656 maximam
1002 4595 1127 4676 partem
1148 4591 1341 4656 immutatus.
1384 4593 1521 4658 AnImus
1543 4611 1608 4657 non
1630 4597 1701 4680 est,
1722 4591 1785 4658 hac
1805 4589 1883 4656 data
1904 4589 2031 4656 dicendi
2052 4597 2209 4676 opportu-

352 4694 473 4781 nitate,
494 4691 537 4758 de
558 4709 599 4756 ea
620 4709 657 4756 re
677 4691 775 4756 latius
796 4691 972 4769 disserere,
995 4709 1065 4757 curm
1085 4693 1278 4778 praesertim
1299 4693 1340 4779 is,
1361 4694 1415 4779 qui
1435 4711 1518 4758 unns
1540 4693 1676 4758 omnium
1696 4692 1791 4758 facile
1813 4698 1867 4758 est
1887 4690 2103 4780 doctissimus,
2123 4690 2210 4779 Βιζες

353 4813 456 4860 ueram
477 4793 521 4859 de
542 4792 654 4859 eadem
675 4792 776 4858 verba
798 4810 836 4857 se
857 4791 1012 4858 moturum
1031 4793 1214 4880 promiserit
1228 4788 1273 4883 ¹).
1314 4793 1398 4860 Illud
1419 4814 1514 4860 unum
1535 4793 1611 4859 mibi
1633 4793 1818 4860 sumendum
1838 4793 1967 4879 putavi,
1998 4800 2033 4856 nt
2051 4811 2094 4859 ex
2117 4790 2210 4860 tanta

278 4923 283 4936 ·
354 4903 480 4981 tumque
502 4896 595 4961 varia
617 4894 687 4960 cius
708 4894 939 4959 nomocanonis
959 4894 1241 4981 iuterpretatione,
1264 4894 1382 4982 siquid
1403 4895 1552 4961 utilitatis
1572 4893 1616 4960 ad
1636 4899 1780 4962 nostrum
1801 4894 1976 4959 Athanasii
1996 4893 2108 4958 librrun
2129 4892 2209 4958 red-

351 4996 474 5063 undare
501 4997 685 5082 videretur,
716 4993 750 5059 id
778 4993 929 5061 hocloco
951 4997 1063 5080 paucis
1091 4995 1313 5080 significarem.
1356 4996 1396 5062 In
1423 4996 1614 5063 bibliotheca
1646 4993 1685 5062 S.
1707 4995 1886 5083 Ambrosii,
1915 5011 1997 5082 quae
2032 4993 2209 5061 bledIolani

351 5103 415 5185 est,
435 5097 689 5182 antiquissimum
710 5093 845 5160 habetur
865 5097 1096 5162 nomocanonis
1117 5097 1292 5184 exemplar,
1313 5097 1355 5164 de
1376 5117 1437 5184 quo
1456 5097 1498 5162 V.
1516 5097 1564 5162 Ill.
1591 5097 1734 5163 Carolus
1764 5093 1860 5160 Witte
1870 5111 1921 5160 me
1936 5095 2014 5160 iecit
2027 5093 2208 5160 certiorem.

352 5197 388 5262 Is
409 5198 514 5262 cortex
535 5197 773 5282 manuscriptus
794 5196 854 5262 hoc
874 5196 967 5264 modo
990 5199 1138 5283 signatus
1159 5205 1230 5263 est:
1252 5197 1300 5285 „t
1321 5195 1408 5264 48.“
1449 5199 1489 5264 In
1511 5217 1550 5264 eo
1571 5198 1683 5265 codice
1704 5215 1774 5264 oum
1794 5215 2015 5262 nomocanone
2036 5196 2208 5262 corrirmcta

353 5305 407 5379 est
434 5298 558 5363 veteris
583 5296 794 5364 imeconsulti
821 5302 985 5386 ἑρμηνιια,
1021 5319 1114 5386 quam
1141 5319 1205 5366 nec
1232 5299 1453 5389 BalsamoniS,
1491 5319 1553 5366 neo
1581 5301 1745 5386 Zonaras,
1765 5316 1828 5362 nec
1849 5296 1996 5361 Aristeni
2018 5313 2096 5362 esse
2123 5295 2207 5360 idem

360 5396 459 5462 Wilte
487 5397 650 5462 iudIcavit.
693 5398 732 5462 In
762 5417 802 5476 ep
829 5403 977 5483 ἑρμηνεία
1004 5399 1058 5464 iol.
1092 5398 1180 5465 1511.
1210 5401 1380 5466 Iustiniani
1408 5401 1550 5467 Novella
1578 5397 1615 5466 6.
1643 5399 1748 5466 relata
1777 5405 1848 5483 est,
1884 5395 2118 5483 laudenturque
2141 5415 2208 5460 runa

242 5579 247 5590 ¹
353 5497 671 5583 Hermopolitani.et
697 5499 871 5566 Athanasii
899 5503 1116 5568 commentarii
1143 5503 1204 5572 hac
1232 5503 1343 5568 modo:
1370 5512 1474 5568 νεῖται
1496 5503 1530 5564 δὲ
1556 5508 1589 5566 ἐν
1611 5502 1656 5584 τῶ
1674 5497 1845 5583 Ἐρμοπολ.
1870 5495 1968 5572 οὕτως
1991 5535 2030 5545 -
2052 5504 2086 5562 ὲν
2107 5498 2140 5563 δὲ
2161 5499 2208 5577 τῴ

347 5594 542 5682 'stantano
571 5595 670 5674 οὕτως
691 5637 741 5667 -.
764 5601 904 5687 Reliqua
924 5601 958 5668 in
987 5609 1065 5668 nota
1092 5601 1134 5669 ad
1156 5603 1330 5670 Athanasii
1350 5604 1399 5669 tit.
1426 5602 1459 5666 1.
1490 5607 1594 5667 const.
1621 5601 1654 5666 1.
1684 5599 1859 5667 attulimus.
1902 5599 1947 5668 Ut
1967 5597 2104 5687 proinde
2124 5598 2208 5665 satis

453 5858 478 5922 l)
498 5859 528 5910 In
543 5859 624 5909 libro:
644 5821 773 5923 aetarnae
789 5871 845 5910 aar·
863 5859 1018 5914 nactam
1034 5861 1080 5913 des
1096 5860 1327 5914 anamarteton
1345 5859 1437 5914 cotes
1453 5873 1478 5924 p·
1494 5858 1555 5912 020.
