4790 7064
699 595 1170 669 uoulusunt.
1220 597 1463 714 nln.iv.
1777 588 1783 600 ’
1968 601 2021 670 66

174 799 254 854 demur
274 785 505 873 {indumenta
522 784 688 892 Ιθσόλονται)
719 786 772 863 τάς
793 789 917 870 ὀφειλάς.
962 793 1000 853 01
1018 782 1067 869 άρ
1111 805 1165 848 saro
1181 805 1227 864 aa,
1249 807 1326 861 onae
1344 793 1415 848 nsoo
1430 791 1582 858 debentur,
1604 790 1769 863 dependere
1788 793 1890 849 velint.
1909 793 2017 867 Magi-

173 874 310 958 χωτες99)
382 869 450 944 τοὺς
470 875 695 956 πρακτωραςὸῑ)
717 881 774 936 τῶν
795 878 937 956 δημοσίων
951 869 1069 956 γράφειν
1110 879 1221 930 stratus
1243 881 1396 932 exactores
1413 877 1592 948 publicorum
1608 877 1779 932 tributorum
1794 880 1921 952 eugunio
1937 881 2017 934 scri-

173 965 278 1030 ίιταῖς
309 957 431 1038 ἀποχαῖς
452 959 501 1032 (v.
521 956 665 1040 ἀποχαῖς)
692 955 743 1020 τόν
770 950 899 1040 ἀριθμόν
926 963 983 1020 τῶν
1012 953 1067 1020 iod·
1109 959 1179 1018 itere
1201 959 1230 1014 in
1259 961 1380 1030 apochis
1410 977 1558 1016 numerum
1588 959 1740 1034 iugorum,
1777 967 1807 1016 et
1834 961 2016 1033 praediorum

173 1042 270 1124 γων96)
293 1046 339 1102 καλ
360 1039 414 1112 τὰς
434 1047 490 1102 τῶν
510 1045 619 1122 χωρίων
645 1047 837 1124 προσηγορίας
858 1045 904 1104 καί
925 1039 976 1122 τήν
997 1041 1067 1121 ὑπὲρ
1109 1044 1237 1118 uomina,
1259 1049 1289 1099 et
1310 1061 1355 1116 ea,
1377 1061 1453 1115 quae
1474 1061 1526 1116 pro
1548 1046 1595 1100 iris
1608 1046 1809 1118 conteruntur,
1831 1050 1863 1102 nt
1876 1061 1912 1101 ue
1927 1061 2017 1116 prae-

172 1123 267 1188 arduam
288 1124 511 1200 συντίίειαν99),
533 1125 578 1186 ίνα
598 1121 637 1206 μή
659 1124 732 1206 πρὸς
753 1133 788 1205 τῇ
809 1133 963 1207 χρηματικῇ
985 1127 1068 1206 ζημίιγι
1108 1133 1155 1184 ter
1175 1143 1299 1198 picenum
1320 1129 1519 1199 pecuniariam
1537 1130 1624 1186 etiam
1636 1145 1739 1184 manus
1752 1131 1947 1200 amputandae
1959 1147 2017 1201 pe-

171 1215 210 1272 aoi
229 1213 290 1290 περὶ
311 1207 363 1290 τήν
382 1206 531 1289 ἀποκοπὴν
557 1215 608 1289 τῆς
628 1207 721 1292 χειρός
747 1207 951 1274 κινδυνεύσωσι
987 1217 1014 1272 εί
1038 1211 1068 1272 61
1110 1213 1235 1268 ticulum
1262 1212 1396 1268 subeant.
1443 1213 1496 1269 sin
1525 1219 1622 1269 auteur
1652 1227 1710 1269 nou
1739 1213 1852 1284 possint
1881 1215 2015 1287 iugorum

170 1293 202 1375 μή
223 1291 353 1356 δὺνανται
374 1290 425 1372 τήν
445 1297 503 1354 τότε
529 1290 629 1374 ίοόγων
640 1293 686 1372 99)
718 1294 881 1374 ὑποστῆσαι
909 1292 1067 1398 ποσότητα,
1110 1297 1302 1370 quantitatem
1331 1311 1493 1367 exponere,
1529 1305 1580 1353 aut
1608 1297 1695 1352 etiam
1724 1299 1804 1354 cirea
1833 1298 1892 1352 alia
1921 1313 2016 1368 quae-

171 1375 248 1458 ήκαλ
275 1381 340 1456 περὶ
361 1370 436 1439 ἄλλα
465 1373 528 1440 τινά
555 1379 771 1456 φιλονεικοῦσιν,
801 1375 838 1440 τά
865 1379 914 1460 μὲν
944 1383 1068 1458 δημοσια
1109 1382 1188 1453 piam
1211 1381 1426 1436 controversias
1455 1385 1606 1449 moveant,
1635 1383 1768 1452 publicas
1796 1381 1912 1452 quidem
1943 1385 2015 1438 iun-

170 1457 287 1524 sundri
311 1457 434 1542 σὺνηθες
454 1463 711 1542 καταβαλλόνωσαν
737 1469 765 1524 oi
793 1461 943 1536 ὑποτελεῖς.
972 1467 1067 1542 μηνοί·
1110 1467 1223 1522 ctiones
1245 1465 1405 1520 secondum
1427 1465 1470 1535 id,
1492 1466 1568 1537 quod
1591 1467 1707 1522 solitum
1730 1473 1789 1536 est,
1818 1467 1927 1522 subditi
1950 1467 2015 1522 sol-

170 1553 230 1610 odo
250 1547 279 1606 oi
299 1533 361 1618 τοῖς
385 1541 517 1628 ἐπάρχοις
546 1541 583 1607 τόι
610 1549 676 1628 περὶ
704 1544 819 1622 τοὺτου,
849 1551 896 1608 καί
923 1545 996 1628 μετόι
1022 1551 1067 1608 δο-
1109 1555 1210 1606 vunto.
1244 1550 1404 1606 Nuntiatur
1424 1556 1520 1604 autem
1543 1552 1703 1620 praelectis
1731 1551 1805 1606 haec
1835 1567 1957 1617 caussa,
1985 1557 2016 1606 ct

169 1633 293 1711 νιμασίας
322 1629 418 1691 αὑτῶν
450 1628 487 1690 τά
524 1634 652 1710 είρημίνα
688 1627 783 1692 πάντα
814 1635 976 1694 oseaeuna
1004 1645 1068 1704 ταῖς
1109 1649 1255 1690 unacum
1278 1649 1377 1690 eurum
1399 1635 1549 1690 decisione
1560 1633 1719 1707 (caussae)
1734 1635 1902 1706 supradicta
1919 1637 2016 1690 omnia

168 1713 342 1787 άποδείξεσιν.
384 1719 417 1774 ni
441 1719 610 1794 μεταθέσεις
636 1719 693 1776 τῶν
713 1712 839 1794 κτήσεων
866 1722 904 1788 είς
929 1712 1068 1794 εὐπόρως
1110 1719 1232 1789 apochis
1261 1712 1436 1774 inseruntur.
1485 1720 1705 1774 'translationes
1733 1721 1951 1790 possessionum
1977 1720 2015 1774 ad

169 1799 280 1878 άζημίως
298 1797 344 1878 99)
379 1802 559 1900 γενέσθωσαν
572 1797 628 1876 90).
664 1803 703 1871 είς
730 1800 760 1860 di
789 1796 917 1879 άπόροος
951 1797 1067 1876 κινδὺνῳ
1109 1801 1232 1858 idoneos
1253 1803 1373 1874 impune
1393 1806 1472 1858 liant.
1493 1805 1542 1858 Ad
1565 1803 1757 1860 nonidoueos
1772 1808 1867 1860 autem
1884 1805 2015 1874 periculo

166 1891 211 1944 τοῦ
239 1879 290 1964 τήν
315 1889 473 1963 μεταθεσιν
507 1886 673 1961 ποιουμένου
699 1887 943 1964 προβαινίτωσαν,
981 1891 1066 1946 τοῦτο
1110 1889 1191 1958 eius,
1213 1887 1263 1957 qui
1286 1888 1358 1942 iacit
1380 1887 1614 1958 translationem,
1644 1889 1840 1959 procedunto,
1869 1889 1911 1942 ita
1934 1889 2015 1944 ntis

167 1965 231 2030 αὑτό
252 1973 280 2028 ἐν
310 1964 508 2048 ὑπομνήμασιν
534 1970 817 2050 προσομολογοὺντος
844 1967 998 2047 aiacem).
1041 1975 1070 2030 ol
1109 1972 1165 2028 hoe
1187 1971 1282 2042 ipsum
1304 1971 1334 2028 in
1356 1973 1431 2026 arnis
1459 1975 1639 2028 confiteatur.
1689 1975 1880 2028 Possessores
1907 1974 2016 2028 triiauta

166 2049 303 2132 νεμόμενοι
343 2047 395 2124 τός
431 2053 591 2123 συντελείας
629 2043 669 2112 οὑν
688 2048 692 2132 Ι
713 2054 759 2130 99)
797 2056 925 2131 νέμονται
957 2056 1067 2134 χωρίων
1109 2071 1217 2128 eorum,
1238 2069 1313 2125 quae
1337 2055 1496 2126 possident,
1518 2057 1701 2128 praediorum
1724 2059 1793 2112 llsoo
1815 2058 1959 2113 solvunto.
1981 2058 2014 2112 si

165 2141 201 2213 τῷ
234 2139 359 2214 δημοσίῳ
392 2137 655 2216 καταβαλλέτωσαν.
704 2133 854 2216 ὑπερόρως
875 2137 921 2216 99)
956 2133 1066 2218 γενόμε·
1108 2139 1186 2196 ultra
1207 2143 1280 2196 tinas
1302 2140 1506 2214 (provinciae)
1528 2142 1719 2214 magistratus
1734 2143 1883 2212 proiectus
1896 2143 1945 2211 sit,
1965 2143 2014 2196 vel

165 2245 207 2290 νος
228 2217 243 2280 ό
267 2213 375 2300 όρχων,
405 2215 516 2300 ήμετό
544 2226 595 2298 τής
621 2216 727 2293 τάξεως
755 2221 983 2300 περινοστῶν99)
1013 2217 1065 2293 τὰς
1108 2241 1173 2280 cum
1196 2225 1294 2280 cilicio
1308 2225 1478 2296 provinciae
1495 2225 1601 2296 oppida
1617 2227 1785 2290 circumeat,
1808 2225 1913 2281 desuo
1930 2243 2014 2280 sum-

164 2313 210 2382 τῑγς
238 2308 375 2384 ἐπαρχείας
401 2300 510 2377 πόλεις,
539 2302 654 2366 οἴκοθεν
681 2303 852 2377 δαπανάτω,
882 2307 953 2384 μηδὲ
981 2305 1064 2386 άγγα-
1107 2315 1175 2380 ptus
1204 2310 1309 2373 sanilo,
1343 2325 1378 2364 ne
1408 2310 1540 2380 angariis
1568 2309 1683 2380 quidem
1706 2311 1856 2366 subiectos
1876 2325 2015 2383 gravans.

162 2394 233 2466 ρίαις
251 2385 319 2459 τοὺς
340 2387 482 2461 ὑποτελεῖς
502 2385 638 2468 βαρὺνων.
660 2387 735 2451 ἀλλὰ
755 2387 809 2451 κάν
830 2387 1007 2468 στρατιιότας
1016 2387 1063 2465 99)
1107 2394 1165 2448 sed
1188 2399 1217 2448 et
1238 2394 1265 2448 si
1287 2393 1397 2448 milites
1420 2395 1522 2465 habet,
1545 2409 1596 2450 eos
1618 2401 1737 2474 carrata,
1759 2399 1792 2449 ut
1814 2410 1851 2450 ex
1880 2395 2014 2464 annonis,

161 2471 225 2554 ἔχει,
247 2474 483 2549 παρασκευαζέτω
504 2469 621 2544 τοότους
651 2477 681 2533 ἐκ
707 2479 764 2534 τῶν
791 2478 897 2535 οίκείων
926 2471 1063 2554 σιτήσεται
1105 2491 1180 2548 quae
1202 2478 1247 2532 eis
1268 2477 1425 2548 deputatae
1446 2483 1524 2548 sunt,
1545 2483 1678 2548 surnptns
1700 2479 1821 2533 iaciant.
1864 2481 1944 2545 Quae
1959 2495 2014 2534 oe-

161 2557 210 2630 τόις
232 2554 361 2628 δαπάνας
380 2565 536 2619 ποιεῖσθαι
564 2553 617 2629 τόις
634 2557 753 2636 sentit)
773 2559 1063 2638 opponaaopocvffl)
1105 2563 1225 2617 eaaiune
1252 2562 1406 2634 religionis
1427 2567 1580 2618 moventur
1601 2562 1839 2636 (quaestiones),
1869 2578 1920 2616 eas
1948 2579 2014 2618 ma-

159 2646 318 2720 κινουμένας
326 2641 373 2718 99)
395 2640 411 2703 ό
434 2635 528 2722 όρχων
548 2639 695 2715 ἐξεταζέτω
715 2638 835 2721 πρόςτὸ
848 2648 999 2722 συμφέρων
1021 2645 1064 2718 (ν.
1106 2647 1250 2720 gistratus
1272 2646 1437 2702 examinato
1460 2645 1497 2700 ad
1518 2648 1674 2702 utilitatem
1697 2647 1779 2716 naci,
1808 2647 1915 2702 neruini
1939 2663 2014 2703 con-

160 2723 315 2806 συμφέρον)
335 2731 386 2787 τοὺ
398 2729 543 2805 δημοσίου,
564 2729 658 2806 μηδενί
666 2727 713 2804 ⁶⁹)
736 2733 888 2808 συγχωρῶν
908 2735 1000 2788 ταῦτα
1022 2728 1064 2806 ζη·
1107 2731 1232 2799 cedens,
1269 2735 1302 2785 ut
1329 2729 1366 2786 de
1399 2731 1507 2786 talibus
1537 2732 1625 2786 rebus
1655 2733 1855 2802 quaestionem
1889 2737 2014 2800 moveat,

157 2824 220 2884 πεῖν,
241 2816 270 2872 εί
286 2812 334 2870 καί
355 2805 512 2890 πρόσταξιν
533 2815 692 2891 ἐπιφέρεται
712 2811 837 2890 μείζονος
858 2805 995 2892 ἄρχοντος
1010 2811 1065 2889 ⁷⁰).
1107 2815 1223 2870 etiamsi
1264 2815 1380 2870 adierat
1422 2822 1607 2886 praeceptum
1649 2816 1768 2872 maioris
1813 2817 2014 2890 magistratus.

154 2893 207 2966 τὰς
242 2889 451 2972 sumansu)
487 2890 612 2976 ζητήσεις
649 2888 711 2974 ἅμα
726 2897 772 2972 79)
807 2903 848 2973 τῷ
876 2903 928 2976 τῆς
955 2893 1065 2968 πόλεως
1107 2899 1301 2968 Οαεεείίοαοε
1323 2901 1480 2956 canonicas
1502 2915 1561 2956 una
1583 2917 1648 2956 eum
1669 2901 1751 2956 urbis
1782 2901 1920 2971 episcopo
1947 2917 2013 2956 ma-

153 2974 303 3055 daroadrtor
338 2981 498 3059 διακρινίτω
535 2978 551 3040 ό
581 2973 682 3060 ἄρχων.
733 2985 761 3040 οἱ
792 2977 1003 3060 ἁμαρτάνοντες
1017 2979 1063 3057 ⁷³)
1105 2985 1249 3058 gistratus
1270 2981 1408 3040 iudicato.
1459 2985 1513 3052 Qui
1536 2984 1725 3055 delinquunt,
1748 2987 1915 3057 puniuntor,
1937 2985 2013 3040 sub-

151 3063 394 3137 κολιιζέσθωσαν,
430 3067 567 3144 μηδεμίαν
595 3069 652 3124 τῶν
679 3061 854 3144 πραγμάτων
871 3063 933 3141 999)
968 3064 1064 3126 αὑτῶν
1105 3069 1214 3124 stantia
1253 3083 1351 3134 eorum
1387 3069 1460 3124 niiril
1497 3068 1661 3124 detrimenti
1698 3069 1876 3139 accipiente,
1910 3085 2012 3125 verum

150 3145 287 3228 ἐπήρειαν
305 3147 352 3226 ⁷⁴)
385 3145 597 3227 ὑφισταμένου,
630 3145 704 3210 άλλόι
730 3162 790 3221 ταῖς
817 3153 943 3230 νομίμοις
970 3149 1064 3212 αὑτῶν
1105 3153 1246 3229 legitimis
1268 3153 1491 3209 successoribus
1512 3153 1723 3208 conservanda.
1758 3154 1849 3210 Omne
1870 3155 2012 3209 iniustum

149 3229 420 3311 pavineaopdnmr'ii)
436 3227 581 3312 διαδόχοις.
604 3237 702 3294 πᾶσαν
713 3225 809 3295 άδειιον
821 3237 1001 3314 προστασίαν
1011 3257 1070 3316 κω-Ι
1105 3237 1298 3309 patrocinium
1333 3238 1505 3309 prohibento
1532 3237 1738 3311 magistratus,
1771 3254 1848 3294 neve
1875 3239 2011 3310 cuiquam

148 3320 300 3378 λυέτωσαν
314 3321 343 3377 oi
352 3309 486 3398 άρχοντες
500 3319 547 3378 καί
559 3319 654 3396 μηδενί
669 3319 888 3397 συγχωρίτωσαν
901 3318 943 3398 (r.
958 3341 1063 3398 σογγω-
1105 3322 1304 3396 eoncedente,
1333 3327 1366 3378 ut
1388 3321 1518 3397 (aliena)
1539 3321 1662 3393 peraedia
1682 3337 1736 3378 suo
1764 3323 1926 3393 patrocinio
1954 3321 2011 3378 de-

146 3399 309 3480 ρείτωσαν)
325 3397 547 3482 ἐργωλαμβάνειν
564 3401 607 3480 (v.
622 3399 902 3482 ἐργολαμβάνειν)79)
925 3399 1062 3484 papien)
1105 3405 1225 3478 tendat,
1259 3407 1391 3476 haecque
1418 3407 1475 3462 sibl
1504 3405 1624 3479 babeat,
1666 3421 1741 3476 quae
1770 3407 1844 3462 uilril
1880 3407 1917 3462 ad
1945 3421 2011 3462 euru

145 3487 198 3545 καὶ
210 3491 304 3545 ταῦτα
316 3489 500 3558 οἰκειοῦσθαι,
512 3481 680 3565 μηδαμόθεν
699 3484 704 3563 Ι
724 3483 772 3564 99)
784 3485 862 3562 αὑτῷ
875 3483 1063 3565 προσήκοντα
1104 3492 1259 3564 pertinent.
1309 3489 1506 3560 Providento,
1550 3495 1583 3546 ut
1618 3491 1708 3546 alieni
1752 3491 1847 3547 coloni
1885 3491 2011 3562 propriis

145 3571 364 3646 προνοείτωσαν
378 3565 445 3644 τοὺς
458 3569 606 3648 άλοτρίους
620 3569 663 3650 (v.
678 3567 857 3650 ἀλλοτρίους)
867 3570 913 3650 i⁹)
926 3567 1064 3652 γεωργοὺς
1104 3575 1229 3630 dominis
1243 3575 1444 3648 restituantur,
1465 3579 1637 3646 potestatem
1651 3575 1792 3632 habentes
1808 3575 1846 3640 ei,
1868 3575 1918 3646 qui
1932 3575 2011 3630 dicto

146 3665 214 3724 τοῖς
250 3656 361 3724 οἰκείοις
402 3651 665 3715 ἀποκαθίστασθαι
699 3650 868 3729 δεσπόταις,
904 3648 1001 3717 όδειαν
1015 3653 1062 3728 99)
1104 3659 1228 3716 audieus
1271 3674 1328 3715 non
1367 3659 1427 3732 sit,
1477 3659 1636 3715 adiiciendi
1679 3659 1844 3733 (praedia)
1889 3659 2011 3714 sterilia.

147 3733 264 3816 ἔχοντες
289 3734 364 3800 κατά
394 3735 445 3800 τόν
465 3737 645 3800 ἀπειθοῦντα
659 3737 706 3818 99)
728 3745 778 3815 τῆς
806 3744 942 3820 ἐπαρχίας
968 3733 1062 3820 snaed·
1104 3744 1158 3800 sin
1194 3747 1290 3800 autem
1325 3757 1450 3818 preregre
1487 3745 1599 3818 degunt
1640 3743 1715 3799 tales
1749 3743 1868 3818 coloni,
1910 3743 2013 3814 publi-

68 3861 70 3873 .
150 3821 212 3880 λειν
236 3825 278 3896 (ν.
299 3818 470 3904 ἐνιβάλλεο)
493 3815 597 3903 άπορα
620 3828 648 3884 εί
665 3822 749 3902 6199)
778 3827 807 3884 ἐν
834 3823 894 3902 ξένρ
922 3819 1063 3905 διάγουσιν
1104 3829 1149 3883 cis
1176 3833 1296 3884 utuntor
1333 3827 1439 3884 litteris
1475 3829 1513 3884 ad
1546 3829 1736 3902 magistratus
1772 3829 1853 3884 illius
1888 3827 2013 3899 provin-

153 3909 183 3964 oi
213 3911 331 3966 τοιοῦτον
358 3909 488 3986 γεωργοί,
522 3903 617 3986 [μετὰ]
631 3907 679 3988 99)
707 3910 851 3987 δημοσίοις
878 3911 942 3988 περὶ
969 3906 1064 3970 αὑτῶν
1104 3914 1169 3970 eloe
1204 3911 1406 3987 (mittendis)
1439 3913 1476 3968 de
1516 3914 1576 3968 illis
1610 3911 1849 3986 (retrahendis).
1899 3911 2018 3969 Nemini

155 3984 362 4068 κεχρήσίίωσαν
383 3989 548 4072 γράμμασιν
568 3988 642 4070 πρὸς
663 3987 728 4063 τοὺς
748 3984 888 4072 άρχοντας
908 3997 959 4070 τῆς
978 3998 1062 4070 ε’παρ-
1104 3997 1288 4053 concedunto
1319 3997 1425 4053 alienis
1452 3997 1586 4054 domibus
1618 3997 1666 4052 vel
1698 3999 1779 4071 agris
1801 3997 1850 4052 vel
1879 4001 2018 4070 ergaste-

161 4075 226 4150 χίας
250 4077 355 4152 ὑαίνης.
396 4078 492 4154 μηδενί
508 4073 555 4152 99)
586 4079 818 4180 σογχωρείτωσαν
843 4075 985 4158 άλοτρίοις
1013 4079 1063 4151 (v.
1107 4081 1160 4138 riis
1200 4081 1249 4136 vel
1282 4083 1371 4137 relius
1407 4083 1508 4138 titulos
1545 4083 1693 4153 imponere
1730 4097 1768 4138 ex
1804 4081 1922 4152 propria
1959 4097 2018 4136 vo-

164 4153 326 4248 όίάοτρίοις)
342 4157 428 4231 οὑτως
442 4160 484 4238 (v.
493 4158 597 4234 πότοις)
619 4183 637 4236 η
659 4157 756 4240 ἀγροῖς
777 4155 795 4240 ἢ
816 4163 1008 4241 ἐργαστηρίοις
1016 4160 1063 4238 99)
1106 4166 1235 4240 luntate,
1270 4167 1497 4240 publicationem
1527 4166 1651 4240 (aarum
1677 4165 1791 4238 rerum)
1820 4167 1865 4238 ei,
1896 4165 1947 4236 qui
1975 4165 2019 4220 iia

163 4239 357 4320 οπράγμασιν
378 4248 497 4317 σανίδας
526 4245 720 4322 ἐπιθεῖναι99)
750 4243 781 4316 ἐξ
801 4249 904 4316 οἰκείας
925 4267 1065 4325 προσηγο-
1107 4250 1273 4322 delinquit,
1316 4251 1491 4323 irrogantes.
1550 4251 1644 4308 Nemo
1680 4251 1713 4308 iu
1751 4251 1903 4322 provincia
1938 4265 2019 4306 arma

164 4325 284 4404 ρίας97),
305 4321 440 4406 δήμευσιν
467 4324 624 4407 ἐπάγοντες
646 4327 690 4406 (v.
711 4323 873 4431 ἐπάγοντες)
904 4335 945 4406 τῷ
973 4336 1065 4390 ταῦτα
1107 4337 1206 4408 ierto,
1248 4333 1308 4391 uisi
1353 4335 1485 4392 militiam
1524 4340 1662 4391 armatam
1704 4335 1847 4406 sequitur.
1911 4333 2018 4407 Magi·
2114 4377 2118 4382 .

160 4408 368 4486 πλημμελοῦντι
390 4412 540 4492 μηδείς99)
570 4417 598 4473 ἐν
618 4415 739 4494 ἐπαρχία
756 4415 960 4494 οπλοφορείτω,
982 4418 1009 4475 εί
1025 4409 1065 4493 μή
1107 4423 1218 4476 stratus
1258 4419 1395 4476 mandata
1435 4419 1621 4492 imperatoria
1668 4419 1838 4476 insinuante
1878 4423 1908 4474 ei
1949 4419 2018 4491 epi-

160 4487 272 4553 ἔνοπλον
283 4499 446 4576 μετέρχεται
461 4499 620 4577 στρατείαν.
639 4493 645 4579 Ι
664 4497 713 4576 99)
734 4492 772 4559 τά
786 4495 935 4579 βασιλεικά
960 4497 1002 4576 (v.
1015 4501 1066 4577 βα-

161 4573 324 4656 aduraim)
345 4575 479 4658 μανδάτα
509 4581 734 4662 ἐμφανιζέτωσαν
755 4587 784 4643 oi
808 4575 943 4664 άρχοντες
972 4587 1013 4660 τῷ
1035 4605 1065 4644 τε

155 4851 183 4874 ᾖ
226 4797 271 4854 dd)
286 4797 325 4846 Ad
342 4810 428 4862 marg.
446 4796 466 4847 ῖ.
484 4797 546 4869 περὶ
562 4797 689 4864 δημοσίων
705 4795 819 4863 ἀνοχῶν.
855 4800 928 4860 Quae
946 4805 1006 4863 post
1022 4795 1146 4884 ἄρχοντες
1162 4807 1206 4851 est
1221 4801 1330 4860 lacuna,
1352 4805 1380 4854 in
1397 4803 1495 4855 codiee
1509 4775 1566 4854 ¹uun
1583 4809 1701 4868 apparet.
1735 4803 1887 4868 [regendum
1904 4797 2019 4862 ἄναγνα·
2057 4800 2058 4806 ’

153 4875 265 4942 unauna
279 4857 340 4921 τοὺς
355 4865 515 4938 πράκτορας.
533 4867 601 4918 Nou.
622 4869 661 4918 17.
679 4881 736 4930 cap.
754 4872 780 4920 6.
797 4865 951 4928 ἀναγκάσεις
967 4867 994 4917 di
1010 4885 1072 4925 τους
1084 4867 1221 4932 δημοσίους
1234 4868 1334 4940 πράκτο
1382 4906 1390 4922 .
1407 4871 1549 4922 Caeterum
1559 4871 1714 4941 πράκτορας
1723 4873 1806 4936 dieas,
1818 4885 1851 4921 an
1862 4867 2018 4938 πράκτορας,

155 4928 226 4976 niun
242 4931 358 4982 interest.
394 4935 438 4983 dle
453 4935 530 4995 plane
548 4937 616 4985 huuc
631 4935 720 4986 lucum
737 4937 862 4986 exhibent
879 4943 906 4984 et
923 4940 963 4986 tit.
980 4935 1025 4986 20.
1044 4943 1129 4999 parat
1148 4939 1173 4998 1).
1192 4941 1219 4987 6.
1270 4937 1318 5019 di)
1335 4889 1391 4990 ffi

155 4992 210 5042 17.
226 5008 275 5060 dap.
290 5003 315 5050 8.
335 4995 353 5064 ἢ
371 4997 468 5062 ιὀὑγων
485 5000 501 5066 ἢ
521 4999 664 5064 ιὀυγαλίιον.
716 5006 764 5062 67)
781 5004 871 5054 Codex
889 5001 1045 5053 συντιλείαν.
1097 5002 1144 5067 68)
1162 5005 1252 5054 Codex
1270 5002 1371 5062 ιὀυςων.
1423 5009 1472 5066 aa)
1493 5009 1547 5057 Pru
1569 5004 1681 5072 ἀζημίοις
1704 5009 1741 5056 111.
1767 5007 1811 5056 66.
1835 5010 1919 5067 parat.
1944 5001 1970 5062 S·
1989 5005 2016 5052 ³·

153 5060 405 5142 Μῦξδῐνίέιγτήτως.
456 5069 502 5131 nti)
520 5071 561 5121 Ad
579 5083 664 5132 marg.
682 5071 714 5126 εἷ
732 5071 792 5139 περί
808 5071 981 5131 μεταθίσεως.
1034 5069 1079 5131 61)
1097 5063 1271 5142 θοάενίπρός
1289 5075 1482 5135 ναυλοχοῦντος.
1517 5075 1619 5133 ouillo
1638 5073 1768 5144 1111115.ἷῇ
1786 5069 2017 5140 septemtrion.

149 5127 257 5190 Incipit
268 5133 311 5182 iol.
329 5135 375 5184 66.
394 5137 422 5184 ii.
474 5136 518 5196 66)
535 5137 577 5186 Ad
594 5151 677 5201 marg.
695 5135 727 5208 2¹7⁸,
742 5137 804 5222 περὶ
820 5135 969 5200 ἀποδημίας
986 5135 1125 5207 ἀρχόντων.
1166 5140 1213 5199 64)
1230 5139 1321 5190 Codex
1338 5155 1386 5204 pro
1403 5143 1563 5210 περινοστεῖν
1587 5145 1664 5193 nabet
1687 5140 1746 5209 περί
1769 5136 1824 5195 ίνὸς
1845 5139 1905 5188 τῶν.
1947 5138 2016 5186 Nou.

151 5195 207 5244 17.
224 5205 314 5277 napi.
333 5199 477 5268 stivedai]
496 5200 577 5274 ὑπιρό
595 5207 750 5268 nocrimen,
769 5201 836 5254 alini
854 5202 902 5261 τάς
918 5207 965 5268 τῆς
980 5203 1107 5271 ἐπαρχίας
1126 5235 1153 5246 -
1172 5207 1352 5276 περινοστοίης
1376 5209 1473 5267 πόλεις.
1524 5209 1569 5272 66)
1593 5211 1685 5260 Codex
1709 5223 1859 5272 στρατιωας.
1910 5202 1953 5268 66)
1976 5205 2018 5253 Ari

149 5275 284 5350 mig-*nt
300 5269 360 5337 περὶ
378 5265 552 5338 όρνσνενντικῆς
570 5223 634 5336 (λος.
655 5273 675 5320 6
693 5272 863 5336 ησνευτιιιῆτ).
898 5270 944 5330 67)
962 5273 1014 5322 Pro
1031 5277 1245 5344 &apostatandum
1261 5279 1302 5324 tit.
1321 5279 1346 5326 6.
1362 5287 1444 5340 parat.
1463 5278 1490 5338 S.
1503 5280 1530 5328 5.
1548 5279 1643 5328 liabent
1659 5275 1858 5344 donnatmtw'tr·
1893 5269 2015 5333 “Sicim-

148 5333 572 5456 ξὸριιόζᾶθχλὲδοωχὺιρρρέρειςὲο
598 5289 721 5456 „diffie
738 5341 763 5388 6.
775 5339 955 5466 {affati-mnf
972 5341 1068 5421 hadent
1085 5342 1128 5424 κμὶ
1144 5341 1242 5424 μηδενί.
1271 5344 1337 5424 ξορρ
1351 5345 1441 5410 μηδενὶ
1458 5351 1497 5462 ivit.
1511 5347 1639 5462 dbparat.
1658 5337 2015 5457 ςορᾱὲιρῑαρρορρρρῑίτήρῳ.

149 5465 206 5528 τε)
222 5467 309 5519 corea
326 5421 405 5522 οίόει
420 5421 640 5542 suasioni?
674 5423 741 5533 τόν)
758 5473 848 5525 σοι..
867 5419 1427 5546 αραγίήὑὺπλήὺήόὺὑὺῗωὺεὑὺὑηωὺό)
1451 5415 1794 5540 csia‘id‘el‘apa..
1818 5442 1826 5458 '
1853 5477 1902 5534 τε)
1924 5425 2017 5524 ciiii
2064 5456 2068 5467 “

148 5529 311 5598 &vincendi
364 5541 412 5599 76)
429 5540 521 5591 Codex
538 5541 602 5612 ίργον
620 5539 767 5606 λαμβάνειν.
818 5541 1082 5613 77)0011111χεὺριοι.
1132 5544 1177 5605 78)
1195 5546 1289 5609 incipit
1311 5547 1357 5597 iol.
1380 5550 1424 5598 66.
1442 5551 1474 5598 Δ.
1529 5545 1576 5610 76)
1598 5547 1636 5596 ad
1662 5545 1807 5604 marginem
1830 5541 2016 5612 0061011περί

145 5603 206 5677 tud
220 5599 460 5682 εἰποιιμθίστασθαν
477 5611 522 5657 τοῖ
537 5607 600 5672 (leg.
619 5611 683 5671 τοῖς)
702 5607 778 5666 ίδίοις
795 5611 860 5674 (leg.
879 5607 963 5670 ἰδίοις)
982 5609 1121 5668 δεσπόταις
1137 5609 1199 5670 τοὺς
1222 5611 1338 5674 perndie
1360 5617 1425 5679 (leg.
1449 5611 1576 5678 φυγάδας)
1601 5607 1733 5678 γεωργούς·
1755 5613 1784 5673 {ii
1802 5609 1827 5659 ἆ·
1857 5613 1937 5660 ei...
1965 5609 2014 5658 1οῧ

145 5667 212 5718 mei.
229 5675 265 5734 γιῖ.
281 5691 301 5722 ι.
318 5677 354 5723 ai.
371 5674 395 5724 εἰ.
414 5675 440 5724 ἀ.
475 5677 770 5739 οα11οαιιεοοτεσμ1ιιε
788 5685 839 5728 est.
873 5679 924 5736 ao)
942 5677 1034 5729 cnuex
1051 5677 1150 5729 ἀδιίαν.
1184 5679 1361 5743 sl)nn.ao.
1380 5673 2013 5746 ρει-10111166.Ιναοεοτνατάτῶναπειθοιίι-

145 5749 206 5784 am
222 5751 270 5798 ora
286 5739 353 5791 κατὰ
370 5739 417 5792 τὸν
433 5740 614 5793 ἀπειθοῦντα.
665 5747 712 5803 66)
730 5744 822 5794 Codex
839 5745 864 5796 εί
879 5745 907 5794 di
924 5746 1003 5800 nabet
1018 5759 1067 5809 pro
1085 5743 1109 5795 εί
1124 5746 1161 5796 di.
1207 5747 1253 5812 66)
1270 5749 1363 5800 Codex
1379 5747 1453 5810 μετά.
1479 5749 1552 5808 Quod
1569 5759 1628 5796 euru
1644 5745 1769 5810 abundet,
1788 5753 1815 5796 et
1831 5749 1896 5808 ipsis
1913 5745 2014 5794 Novel—
2064 5754 2072 5763 ·

149 5801 201 5851 iae
217 5805 259 5856 17.
275 5821 331 5871 unp.
351 5811 394 5860 14.
412 5811 507 5860 vernis
525 5820 666 5874 repugnet,
683 5816 758 5862 uncia
775 5814 878 5862 inclusi.
929 5814 977 5872 64)
1000 5814 1092 5864 codex
1112 5813 1211 5879 μηδίιι.
1246 5818 1288 5865 Ad
1312 5821 1456 5880 marginem
1479 5815 1585 5866 Codicis
1611 5813 1671 5883 περί
1693 5813 1742 5862 τοῦ
1764 5813 1861 5878 μηδένα
1885 5809 2014 5879 ἀλιτρίας

145 5867 217 5932 fleg·
235 5869 393 5945 diiorpioae)
409 5895 431 5928 π
446 5876 547 5940 άγματι
564 5880 628 5943 (leg.
647 5877 793 5948 πράγμασι)
816 5878 921 5936 σανίδας
943 5877 1104 5932 interdiana.
1162 5882 1207 5943 86)
1231 5885 1322 5932 Voeea
1344 5881 1361 5946 ἢ
1385 5881 1562 5950 ἐργαστηρίοις
1583 5881 1677 5932 desunt
1701 5883 1740 5930 tlt.
1763 5881 1807 5930 66.
1832 5888 1916 5944 parat.
1942 5882 1968 5940 S.
1987 5883 2013 5930 6.

148 5937 205 5993 86)
220 5939 273 5991 i’ro
293 5958 359 5994 eoae
376 5895 514 5995 ίιειιίεῐναι
532 5949 571 5995 111.
589 5949 633 5997 22.
654 5953 735 6010 parnt.
754 5947 780 6006 s.
798 5949 824 5996 6.
843 5947 940 5997 habeut
955 5950 1072 5998 τιθίναι.
1125 5951 1173 6008 61)
1189 5951 1316 6000 Paratitia
1339 5951 1380 5998 tit.
1397 5950 1441 5997 20.
1459 5951 1485 6009 S.
1502 5953 1527 5998 6.
1547 5963 1648 6000 comma
1671 5955 1732 6011 post
1755 5965 1775 5998 π
1791 5948 1928 6018 ασηγορίας
1949 5951 2012 6010 paui

150 6009 280 6067 sraadeut,
297 6025 349 6062 uou
367 6021 428 6074 post
445 6012 591 6064 ἐπιθεῖναι.
627 6015 695 6064 Vide
712 6021 740 6064 et
756 6018 842 6064 coust.
862 6015 905 6064 10.
957 6013 1059 6078 61611
1082 6021 1228 6080 marginem
1245 6033 1277 6065 πε
1296 6017 1305 6064 i
1321 6015 1369 6063 τοῦ
1386 6035 1416 6074 μι
1440 6017 1505 6080 (leg.
1524 6013 1571 6082 μή)
1597 6019 1743 6085 ωιλοφορεῑ
1764 6015 1827 6081 (og.
1847 6012 2011 6082 ὁπλοαορεῐν)

148 6071 279 6158 πάγων.
296 6079 359 6142 prid.
372 6084 407 6130 τί.
426 6079 450 6153 i:
466 6083 515 6131 τοῦ
531 6081 588 6133 aad.
606 6085 642 6148 βί.
661 6083 699 6140 a'e'z·
717 6085 751 6132 τί.
771 6081 795 6151 μ’,
814 6078 833 6135 ζ.
851 6084 917 6141 (ain)
940 6084 988 6132 τοὺ
1006 6083 1115 6141 κιὺδικος.
1166 6083 1213 6146 66)
1238 6034 1302 6134 (iod.
1320 6081 1452 6134 στατείαν.
1487 6085 1750 6152 reciperandae.
1808 6083 1854 6146 66)
1872 6085 1911 6133 Ad
1927 6095 2011 6145 marg.

143 6144 414 6213 neocaesaream
434 6167 458 6198 α.
477 6153 510 6200 εἲ.
530 6150 550 6201 i.
568 6153 616 6202 τοῦ
633 6151 689 6202 add.
708 6151 805 6201 Postea
822 6149 914 6201 codex
930 6150 1051 6210 μανδατα
1068 6153 1154 6202 hauet.

1392 4953 1426 4989 err
1443 4955 1604 5008 πρακτιιρατ.
1655 4938 1701 5004 nd)
1719 4939 1810 4989 Codex
1833 4935 1913 4996 ίιίςον.
1949 4937 2017 4984 Nos.
2103 4944 2104 4948 ¹
