<?xml version="1.0" encoding="UTF-8"?>
<!DOCTYPE html PUBLIC "-//W3C//DTD XHTML 1.0 Transitional//EN"
    "http://www.w3.org/TR/xhtml1/DTD/xhtml1-transitional.dtd">
<html xmlns="http://www.w3.org/1999/xhtml" xml:lang="en" lang="en">
 <head>
  <title>
</title>
<meta http-equiv="Content-Type" content="text/html;charset=utf-8" />
  <meta name='ocr-system' content='tesseract 3.04.00' />
  <meta name='ocr-capabilities' content='ocr_page ocr_carea ocr_par ocr_line ocrx_word'/>
</head>
<body>
  <div class='ocr_page' id='page_1' title='image "./anekdotaexcodic00theogoog_0434.png"; bbox 0 0 4802 7060; ppageno 0'>
   <div class='ocr_carea' id='block_1_1' title="bbox 914 535 2023 604">
    <p class='ocr_par' dir='ltr' id='par_1_1' title="bbox 914 535 2023 604">
     <span class='ocr_line' id='line_1_1' title="bbox 914 535 2023 604; baseline 0.001 -2"><span class='ocrx_word' id='word_1_1' title='bbox 914 535 1153 604; x_wconf 82' lang='lat' dir='ltr'>CAPUT</span> <span class='ocrx_word' id='word_1_2' title='bbox 1219 541 1266 604; x_wconf 92' lang='lat'><strong>11.</strong></span> <span class='ocrx_word' id='word_1_3' title='bbox 1937 557 2023 604; x_wconf 78' lang='lat' dir='ltr'><strong>xxxi</strong></span> 
     </span>
    </p>
   </div>
   <div class='ocr_carea' id='block_1_2' title="bbox 106 719 2029 5656">
    <p class='ocr_par' dir='ltr' id='par_1_2' title="bbox 117 719 2029 4643">
     <span class='ocr_line' id='line_1_2' title="bbox 289 719 2020 812; baseline -0.001 -20"><span class='ocrx_word' id='word_1_4' title='bbox 289 724 361 792; x_wconf 89' lang='lat' dir='ltr'><strong>Sed</strong></span> <span class='ocrx_word' id='word_1_5' title='bbox 376 725 440 792; x_wconf 89' lang='lat' dir='ltr'><strong>iam</strong></span> <span class='ocrx_word' id='word_1_6' title='bbox 454 731 582 810; x_wconf 87' lang='lat' dir='ltr'><strong>tempus</strong></span> <span class='ocrx_word' id='word_1_7' title='bbox 596 727 659 809; x_wconf 90' lang='lat' dir='ltr'><strong>est,</strong></span> <span class='ocrx_word' id='word_1_8' title='bbox 679 727 715 786; x_wconf 89' lang='lat' dir='ltr'><strong>ut</strong></span> <span class='ocrx_word' id='word_1_9' title='bbox 730 722 772 790; x_wconf 94' lang='lat' dir='ltr'><strong>ad</strong></span> <span class='ocrx_word' id='word_1_10' title='bbox 788 722 904 808; x_wconf 88' lang='lat' dir='ltr'><strong>ipsum,</strong></span> <span class='ocrx_word' id='word_1_11' title='bbox 921 719 1005 810; x_wconf 90' lang='lat' dir='ltr'><strong>quod</strong></span> <span class='ocrx_word' id='word_1_12' title='bbox 1020 721 1156 807; x_wconf 88' lang='lat' dir='ltr'><strong>edimus,</strong></span> <span class='ocrx_word' id='word_1_13' title='bbox 1170 723 1505 810; x_wconf 82' lang='lat' dir='ltr'><strong>opus&#39;perveuiamus.</strong></span> <span class='ocrx_word' id='word_1_14' title='bbox 1530 719 1568 790; x_wconf 92' lang='lat' dir='ltr'><strong>ld</strong></span> <span class='ocrx_word' id='word_1_15' title='bbox 1585 740 1628 789; x_wconf 88' lang='lat' dir='ltr'><strong>ex</strong></span> <span class='ocrx_word' id='word_1_16' title='bbox 1645 722 1763 808; x_wconf 79' lang='lat' dir='ltr'><strong>viginti</strong></span> <span class='ocrx_word' id='word_1_17' title='bbox 1781 725 1921 812; x_wconf 89' lang='lat' dir='ltr'><strong>quinque</strong></span> <span class='ocrx_word' id='word_1_18' title='bbox 1937 744 2020 792; x_wconf 91' lang='lat' dir='ltr'><strong>cun-</strong></span> 
     </span>
     <span class='ocr_line' id='line_1_3' title="bbox 140 822 2020 913; baseline -0.002 -18"><span class='ocrx_word' id='word_1_19' title='bbox 140 827 351 910; x_wconf 89' lang='lat' dir='ltr'><strong>litutionibus,</strong></span> <span class='ocrx_word' id='word_1_20' title='bbox 364 844 447 912; x_wconf 88' lang='lat' dir='ltr'><strong>quae</strong></span> <span class='ocrx_word' id='word_1_21' title='bbox 461 825 579 907; x_wconf 87' lang='lat' dir='ltr'><strong>partim</strong></span> <span class='ocrx_word' id='word_1_22' title='bbox 591 844 634 891; x_wconf 85' lang='lat' dir='ltr'><strong>ex</strong></span> <span class='ocrx_word' id='word_1_23' title='bbox 650 823 831 889; x_wconf 90' lang='lat' dir='ltr'><strong>lustiniuno</strong></span> <span class='ocrx_word' id='word_1_24' title='bbox 846 822 979 913; x_wconf 81' lang='lat' dir='ltr'><strong>Codice,</strong></span> <span class='ocrx_word' id='word_1_25' title='bbox 995 824 1113 910; x_wconf 86' lang='lat' dir='ltr'><strong>partim</strong></span> <span class='ocrx_word' id='word_1_26' title='bbox 1129 841 1170 888; x_wconf 83' lang='lat' dir='ltr'><strong>ex</strong></span> <span class='ocrx_word' id='word_1_27' title='bbox 1182 825 1216 888; x_wconf 88' lang='lat' dir='ltr'>N</span> <span class='ocrx_word' id='word_1_28' title='bbox 1218 824 1336 890; x_wconf 87' lang='lat' dir='ltr'><strong>evellis</strong></span> <span class='ocrx_word' id='word_1_29' title='bbox 1349 823 1517 890; x_wconf 88' lang='lat' dir='ltr'><strong>desumtae</strong></span> <span class='ocrx_word' id='word_1_30' title='bbox 1530 831 1619 910; x_wconf 88' lang='lat' dir='ltr'><strong>sunt,</strong></span> <span class='ocrx_word' id='word_1_31' title='bbox 1640 831 1780 891; x_wconf 83' lang='lat' dir='ltr'><strong>constat.</strong></span> <span class='ocrx_word' id='word_1_32' title='bbox 1804 825 1934 892; x_wconf 81' lang='lat' dir='ltr'><strong>&#39;l&#39;itulus</strong></span> <span class='ocrx_word' id='word_1_33' title='bbox 1949 825 2020 892; x_wconf 80' lang='lat' dir='ltr'>libri</span> 
     </span>
     <span class='ocr_line' id='line_1_4' title="bbox 139 923 2020 1012; baseline -0.002 -17"><span class='ocrx_word' id='word_1_34' title='bbox 139 931 189 996; x_wconf 86' lang='lat' dir='ltr'><strong>hic</strong></span> <span class='ocrx_word' id='word_1_35' title='bbox 206 934 275 994; x_wconf 85' lang='lat' dir='ltr'><strong>est:</strong></span> <span class='ocrx_word' id='word_1_36' title='bbox 298 923 458 1006; x_wconf 74' lang='grc' dir='ltr'><em>διατάξεις</em></span> <span class='ocrx_word' id='word_1_37' title='bbox 471 923 579 1006; x_wconf 84' lang='grc' dir='ltr'><strong><em>νόμιον</em></strong></span> <span class='ocrx_word' id='word_1_38' title='bbox 599 925 772 989; x_wconf 74' lang='grc' dir='ltr'><strong><em>πολιτικῶν</em></strong></span> <span class='ocrx_word' id='word_1_39' title='bbox 786 930 822 988; x_wconf 77' lang='grc' dir='ltr'><strong><em>ἐκ</em></strong></span> <span class='ocrx_word' id='word_1_40' title='bbox 835 929 878 1005; x_wconf 77' lang='lat'><strong>¹²)</strong></span> <span class='ocrx_word' id='word_1_41' title='bbox 901 927 966 990; x_wconf 79' lang='grc' dir='ltr'><strong><em>τῶν</em></strong></span> <span class='ocrx_word' id='word_1_42' title='bbox 979 927 1101 1012; x_wconf 79' lang='grc' dir='ltr'><strong><em>νεαρῶν</em></strong></span> <span class='ocrx_word' id='word_1_43' title='bbox 1115 923 1346 990; x_wconf 79' lang='grc' dir='ltr'><strong><em>Ἰοοστινιανοῡ</em></strong></span> <span class='ocrx_word' id='word_1_44' title='bbox 1358 926 1516 1008; x_wconf 80' lang='grc' dir='ltr'><strong><em>βασιλέως</em></strong></span> <span class='ocrx_word' id='word_1_45' title='bbox 1531 926 1771 1009; x_wconf 71' lang='grc' dir='ltr'><strong><em>σννηνοροῖισαι</em></strong></span> <span class='ocrx_word' id='word_1_46' title='bbox 1783 928 1839 990; x_wconf 76' lang='grc' dir='ltr'><strong>καὶ</strong></span> <span class='ocrx_word' id='word_1_47' title='bbox 1851 927 2020 1010; x_wconf 78' lang='grc' dir='ltr'><strong><em>ἐπικυροῦ-</em></strong></span> 
     </span>
     <span class='ocr_line' id='line_1_5' title="bbox 139 1022 2021 1113; baseline -0.002 -17"><span class='ocrx_word' id='word_1_48' title='bbox 139 1055 195 1096; x_wconf 93' lang='grc' dir='ltr'><strong>σαι</strong></span> <span class='ocrx_word' id='word_1_49' title='bbox 217 1026 293 1105; x_wconf 82' lang='grc' dir='ltr'><strong><em>τοὺς</em></strong></span> <span class='ocrx_word' id='word_1_50' title='bbox 313 1029 378 1092; x_wconf 84' lang='grc' dir='ltr'><strong><em>τῶν</em></strong></span> <span class='ocrx_word' id='word_1_51' title='bbox 399 1024 501 1110; x_wconf 78' lang='grc' dir='ltr'><strong><em>ἁγίων</em></strong></span> <span class='ocrx_word' id='word_1_52' title='bbox 522 1033 669 1107; x_wconf 78' lang='grc' dir='ltr'><strong><em>πατέρων</em></strong></span> <span class='ocrx_word' id='word_1_53' title='bbox 687 1025 973 1103; x_wconf 79' lang='grc' dir='ltr'><strong><em>ἐκκλησιαστικοὺς</em></strong></span> <span class='ocrx_word' id='word_1_54' title='bbox 993 1022 1142 1100; x_wconf 86' lang='grc' dir='ltr'><strong><em>κανόνας.</em></strong></span> <span class='ocrx_word' id='word_1_55' title='bbox 1173 1024 1232 1092; x_wconf 88' lang='lat' dir='ltr'><strong>Sic</strong></span> <span class='ocrx_word' id='word_1_56' title='bbox 1254 1026 1365 1111; x_wconf 90' lang='lat' dir='ltr'><strong>opllrui</strong></span> <span class='ocrx_word' id='word_1_57' title='bbox 1387 1025 1504 1112; x_wconf 89' lang='lat' dir='ltr'><strong>quique</strong></span> <span class='ocrx_word' id='word_1_58' title='bbox 1526 1025 1659 1093; x_wconf 88' lang='lat' dir='ltr'><strong>codices</strong></span> <span class='ocrx_word' id='word_1_59' title='bbox 1674 1047 1765 1113; x_wconf 82' lang='lat' dir='ltr'><strong>mss,</strong></span> <span class='ocrx_word' id='word_1_60' title='bbox 1788 1025 1902 1113; x_wconf 90' lang='lat' dir='ltr'><strong>idest,</strong></span> <span class='ocrx_word' id='word_1_61' title='bbox 1921 1025 2021 1092; x_wconf 86' lang='lat' dir='ltr'><strong>Pari-</strong></span> 
     </span>
     <span class='ocr_line' id='line_1_6' title="bbox 138 1123 2021 1214; baseline -0.001 -19"><span class='ocrx_word' id='word_1_62' title='bbox 138 1133 269 1196; x_wconf 90' lang='lat' dir='ltr'><strong>sieuses</strong></span> <span class='ocrx_word' id='word_1_63' title='bbox 293 1125 422 1214; x_wconf 85' lang='grc'><strong>1320,</strong></span> <span class='ocrx_word' id='word_1_64' title='bbox 445 1123 721 1214; x_wconf 77' lang='grc'><strong>1321,1326.,</strong></span> <span class='ocrx_word' id='word_1_65' title='bbox 746 1123 874 1211; x_wconf 76' lang='grc'><strong>1334,</strong></span> <span class='ocrx_word' id='word_1_66' title='bbox 895 1123 1234 1212; x_wconf 74' lang='grc' dir='ltr'><strong>ΰοίεΙ111111111112119,</strong></span> <span class='ocrx_word' id='word_1_67' title='bbox 1254 1124 1466 1192; x_wconf 83' lang='lat' dir='ltr'><strong>Monacensis</strong></span> <span class='ocrx_word' id='word_1_68' title='bbox 1480 1123 1583 1214; x_wconf 77' lang='lat'><strong>380,</strong></span> <span class='ocrx_word' id='word_1_69' title='bbox 1597 1127 1766 1194; x_wconf 88' lang='lat' dir='ltr'><strong>Mediceus</strong></span> <span class='ocrx_word' id='word_1_70' title='bbox 1781 1127 2021 1194; x_wconf 77' lang='lat' dir='ltr'><strong>Laurentianus</strong></span> 
     </span>
     <span class='ocr_line' id='line_1_7' title="bbox 139 1222 2022 1318; baseline -0.001 -24"><span class='ocrx_word' id='word_1_71' title='bbox 139 1231 238 1318; x_wconf 90' lang='lat' dir='ltr'><strong>plutei</strong></span> <span class='ocrx_word' id='word_1_72' title='bbox 260 1229 302 1295; x_wconf 82' lang='lat' dir='ltr'><strong>X.</strong></span> <span class='ocrx_word' id='word_1_73' title='bbox 335 1247 465 1294; x_wconf 84' lang='lat' dir='ltr'><strong>nurnero</strong></span> <span class='ocrx_word' id='word_1_74' title='bbox 493 1227 565 1305; x_wconf 78' lang='grc'><strong>10,</strong></span> <span class='ocrx_word' id='word_1_75' title='bbox 595 1227 809 1294; x_wconf 80' lang='lat' dir='ltr'><strong>Tourrinensis</strong></span> <span class='ocrx_word' id='word_1_76' title='bbox 831 1223 900 1292; x_wconf 87' lang='lat' dir='ltr'><strong>CV.</strong></span> <span class='ocrx_word' id='word_1_77' title='bbox 924 1247 953 1292; x_wconf 91' lang='lat' dir='ltr'><strong>c.</strong></span> <span class='ocrx_word' id='word_1_78' title='bbox 976 1227 1036 1294; x_wconf 87' lang='lat' dir='ltr'><strong>lV.</strong></span> <span class='ocrx_word' id='word_1_79' title='bbox 1060 1222 1136 1304; x_wconf 84' lang='grc'><strong>21,</strong></span> <span class='ocrx_word' id='word_1_80' title='bbox 1159 1226 1439 1314; x_wconf 81' lang='lat' dir='ltr'><strong>vindobonensis,</strong></span> <span class='ocrx_word' id='word_1_81' title='bbox 1462 1247 1557 1314; x_wconf 88' lang='lat' dir='ltr'><strong>quem</strong></span> <span class='ocrx_word' id='word_1_82' title='bbox 1579 1225 1780 1293; x_wconf 77' lang='lat' dir='ltr'><strong>Luculecius</strong></span> <span class='ocrx_word' id='word_1_83' title='bbox 1802 1228 1834 1294; x_wconf 93' lang='lat' dir='ltr'><strong>in</strong></span> <span class='ocrx_word' id='word_1_84' title='bbox 1856 1246 2022 1294; x_wconf 89' lang='lat' dir='ltr'><strong>cummen-</strong></span> 
     </span>
     <span class='ocr_line' id='line_1_8' title="bbox 139 1323 2019 1416; baseline -0.004 -18"><span class='ocrx_word' id='word_1_85' title='bbox 139 1333 293 1400; x_wconf 88' lang='lat' dir='ltr'><strong>lariorum</strong></span> <span class='ocrx_word' id='word_1_86' title='bbox 308 1329 389 1394; x_wconf 89' lang='lat' dir='ltr'><strong>libro</strong></span> <span class='ocrx_word' id='word_1_87' title='bbox 403 1328 459 1393; x_wconf 88' lang='lat' dir='ltr'><strong>Vl.</strong></span> <span class='ocrx_word' id='word_1_88' title='bbox 474 1347 505 1413; x_wconf 89' lang='lat' dir='ltr'><strong>p.</strong></span> <span class='ocrx_word' id='word_1_89' title='bbox 521 1323 609 1392; x_wconf 90' lang='grc'><strong>121.</strong></span> <span class='ocrx_word' id='word_1_90' title='bbox 629 1327 681 1394; x_wconf 91' lang='lat' dir='ltr'><strong>ed.</strong></span> <span class='ocrx_word' id='word_1_91' title='bbox 696 1326 821 1393; x_wconf 86' lang='lat' dir='ltr'><strong>Kollari</strong></span> <span class='ocrx_word' id='word_1_92' title='bbox 834 1327 1020 1414; x_wconf 82' lang='lat' dir='ltr'><strong>descripsit.</strong></span> <span class='ocrx_word' id='word_1_93' title='bbox 1059 1327 1126 1392; x_wconf 85' lang='lat' dir='ltr'><strong>Alii</strong></span> <span class='ocrx_word' id='word_1_94' title='bbox 1141 1333 1249 1394; x_wconf 90' lang='lat' dir='ltr'><strong>lamen</strong></span> <span class='ocrx_word' id='word_1_95' title='bbox 1265 1327 1337 1394; x_wconf 90' lang='lat' dir='ltr'><strong>libri</strong></span> <span class='ocrx_word' id='word_1_96' title='bbox 1350 1330 1392 1395; x_wconf 85' lang='lat' dir='ltr'><strong>ab</strong></span> <span class='ocrx_word' id='word_1_97' title='bbox 1406 1329 1467 1394; x_wconf 88' lang='lat' dir='ltr'><strong>trac</strong></span> <span class='ocrx_word' id='word_1_98' title='bbox 1480 1329 1641 1416; x_wconf 85' lang='lat' dir='ltr'><strong>scriptura</strong></span> <span class='ocrx_word' id='word_1_99' title='bbox 1657 1328 1831 1414; x_wconf 75' lang='lat' dir='ltr'><strong>paullulum</strong></span> <span class='ocrx_word' id='word_1_100' title='bbox 1851 1326 2019 1394; x_wconf 88' lang='lat' dir='ltr'><strong>recedunt.</strong></span> 
     </span>
     <span class='ocr_line' id='line_1_9' title="bbox 140 1421 2022 1512; baseline -0.003 -13"><span class='ocrx_word' id='word_1_101' title='bbox 140 1433 206 1498; x_wconf 89' lang='lat' dir='ltr'><strong>Pru</strong></span> <span class='ocrx_word' id='word_1_102' title='bbox 228 1432 341 1498; x_wconf 89' lang='lat' dir='ltr'><strong>verbis</strong></span> <span class='ocrx_word' id='word_1_103' title='bbox 363 1430 427 1494; x_wconf 80' lang='grc' dir='ltr'><strong><em>τῶν</em></strong></span> <span class='ocrx_word' id='word_1_104' title='bbox 448 1430 570 1512; x_wconf 77' lang='grc' dir='ltr'><strong><em>νεαρῶν</em></strong></span> <span class='ocrx_word' id='word_1_105' title='bbox 589 1425 822 1494; x_wconf 83' lang='grc' dir='ltr'><strong><em>Ἰοοστινιανοῑι</em></strong></span> <span class='ocrx_word' id='word_1_106' title='bbox 844 1429 1002 1510; x_wconf 73' lang='grc' dir='ltr'><strong><em>βασιλέως</em></strong></span> <span class='ocrx_word' id='word_1_107' title='bbox 1023 1421 1139 1494; x_wconf 84' lang='lat' dir='ltr'><strong>Codex</strong></span> <span class='ocrx_word' id='word_1_108' title='bbox 1156 1426 1357 1496; x_wconf 87' lang='lat' dir='ltr'><strong>Parisiensis</strong></span> <span class='ocrx_word' id='word_1_109' title='bbox 1380 1427 1495 1494; x_wconf 89' lang='grc'><strong>1355.</strong></span> <span class='ocrx_word' id='word_1_110' title='bbox 1519 1435 1554 1496; x_wconf 90' lang='lat' dir='ltr'><strong>et</strong></span> <span class='ocrx_word' id='word_1_111' title='bbox 1571 1427 1842 1496; x_wconf 81' lang='lat' dir='ltr'><strong>l&#39;ratislaviensis</strong></span> <span class='ocrx_word' id='word_1_112' title='bbox 1864 1430 1927 1494; x_wconf 80' lang='grc' dir='ltr'><strong><em>τῶν</em></strong></span> <span class='ocrx_word' id='word_1_113' title='bbox 1948 1452 2022 1494; x_wconf 79' lang='grc' dir='ltr'><strong><em>νεα-</em></strong></span> 
     </span>
     <span class='ocr_line' id='line_1_10' title="bbox 139 1525 2020 1622; baseline -0.003 -24"><span class='ocrx_word' id='word_1_114' title='bbox 139 1535 204 1622; x_wconf 81' lang='grc' dir='ltr'><strong><em>ριόν</em></strong></span> <span class='ocrx_word' id='word_1_115' title='bbox 222 1529 455 1596; x_wconf 76' lang='grc' dir='ltr'><strong><em>’1οιιστινιανοῡ</em></strong></span> <span class='ocrx_word' id='word_1_116' title='bbox 475 1529 634 1612; x_wconf 80' lang='grc' dir='ltr'><strong><em>βασιλέως</em></strong></span> <span class='ocrx_word' id='word_1_117' title='bbox 663 1530 721 1592; x_wconf 88' lang='grc' dir='ltr'><strong>καὶ</strong></span> <span class='ocrx_word' id='word_1_118' title='bbox 742 1533 856 1612; x_wconf 77' lang='grc' dir='ltr'><strong><em>ἑτέρων</em></strong></span> <span class='ocrx_word' id='word_1_119' title='bbox 881 1530 1041 1612; x_wconf 75' lang='grc' dir='ltr'><strong><em>βασιλέων</em></strong></span> <span class='ocrx_word' id='word_1_120' title='bbox 1070 1529 1206 1607; x_wconf 83' lang='lat' dir='ltr'><strong>trabem,</strong></span> <span class='ocrx_word' id='word_1_121' title='bbox 1243 1531 1460 1596; x_wconf 83' lang='lat' dir='ltr'><strong>Teuriuensis</strong></span> <span class='ocrx_word' id='word_1_122' title='bbox 1487 1529 1612 1596; x_wconf 78' lang='lat' dir='ltr'><strong>xxvi.</strong></span> <span class='ocrx_word' id='word_1_123' title='bbox 1642 1531 1671 1595; x_wconf 93' lang='grc'><strong>11.</strong></span> <span class='ocrx_word' id='word_1_124' title='bbox 1695 1529 1735 1594; x_wconf 87' lang='lat' dir='ltr'><strong>V.</strong></span> <span class='ocrx_word' id='word_1_125' title='bbox 1759 1525 1795 1594; x_wconf 86' lang='grc'><strong>6.</strong></span> <span class='ocrx_word' id='word_1_126' title='bbox 1819 1537 1924 1596; x_wconf 88' lang='lat' dir='ltr'><strong>antem</strong></span> <span class='ocrx_word' id='word_1_127' title='bbox 1947 1553 2020 1594; x_wconf 90' lang='grc' dir='ltr'><strong><em>νεα-</em></strong></span> 
     </span>
     <span class='ocr_line' id='line_1_11' title="bbox 139 1625 2023 1720; baseline -0.001 -22"><span class='ocrx_word' id='word_1_128' title='bbox 139 1635 203 1720; x_wconf 74' lang='grc' dir='ltr'><strong><em>ρῶν</em></strong></span> <span class='ocrx_word' id='word_1_129' title='bbox 222 1629 454 1696; x_wconf 83' lang='grc' dir='ltr'><strong><em>Ἰσοστινιανοῦ</em></strong></span> <span class='ocrx_word' id='word_1_130' title='bbox 476 1625 653 1708; x_wconf 75' lang='grc' dir='ltr'><strong><em>διατάξεων</em></strong></span> <span class='ocrx_word' id='word_1_131' title='bbox 674 1631 730 1694; x_wconf 84' lang='grc' dir='ltr'><strong>καὶ</strong></span> <span class='ocrx_word' id='word_1_132' title='bbox 752 1633 867 1713; x_wconf 77' lang='grc' dir='ltr'><strong><em>ἑτέρων</em></strong></span> <span class='ocrx_word' id='word_1_133' title='bbox 888 1631 1055 1714; x_wconf 77' lang='grc' dir='ltr'><strong><em>βασιλέων.</em></strong></span> <span class='ocrx_word' id='word_1_134' title='bbox 1101 1629 1152 1695; x_wconf 87' lang='lat' dir='ltr'><strong>lta</strong></span> <span class='ocrx_word' id='word_1_135' title='bbox 1174 1629 1323 1698; x_wconf 85' lang='lat' dir='ltr'><strong>librarius</strong></span> <span class='ocrx_word' id='word_1_136' title='bbox 1345 1631 1471 1719; x_wconf 87' lang='lat' dir='ltr'><strong>scriba,</strong></span> <span class='ocrx_word' id='word_1_137' title='bbox 1504 1650 1575 1697; x_wconf 85' lang='lat' dir='ltr'><strong>cum</strong></span> <span class='ocrx_word' id='word_1_138' title='bbox 1605 1630 1667 1696; x_wconf 90' lang='lat' dir='ltr'><strong>hoc</strong></span> <span class='ocrx_word' id='word_1_139' title='bbox 1688 1629 1795 1715; x_wconf 83' lang='lat' dir='ltr'><strong>legum</strong></span> <span class='ocrx_word' id='word_1_140' title='bbox 1818 1650 1935 1716; x_wconf 84' lang='lat' dir='ltr'><strong>corpus</strong></span> <span class='ocrx_word' id='word_1_141' title='bbox 1957 1649 2023 1696; x_wconf 89' lang='lat' dir='ltr'><strong>nun</strong></span> 
     </span>
     <span class='ocr_line' id='line_1_12' title="bbox 140 1730 2023 1818; baseline -0.002 -18"><span class='ocrx_word' id='word_1_142' title='bbox 140 1741 263 1800; x_wconf 89' lang='lat' dir='ltr'><strong>tantum</strong></span> <span class='ocrx_word' id='word_1_143' title='bbox 293 1752 336 1798; x_wconf 89' lang='lat' dir='ltr'><strong>ex</strong></span> <span class='ocrx_word' id='word_1_144' title='bbox 365 1732 572 1816; x_wconf 89' lang='lat' dir='ltr'><strong>imperatoris</strong></span> <span class='ocrx_word' id='word_1_145' title='bbox 601 1730 773 1796; x_wconf 88' lang='lat' dir='ltr'><strong>Iustiniani</strong></span> <span class='ocrx_word' id='word_1_146' title='bbox 802 1730 1109 1818; x_wconf 87' lang='lat' dir='ltr'><strong>constitutionibus,</strong></span> <span class='ocrx_word' id='word_1_147' title='bbox 1136 1750 1249 1798; x_wconf 87' lang='lat' dir='ltr'><strong>verum</strong></span> <span class='ocrx_word' id='word_1_148' title='bbox 1281 1731 1379 1800; x_wconf 89' lang='lat' dir='ltr'><strong>etiam</strong></span> <span class='ocrx_word' id='word_1_149' title='bbox 1407 1751 1451 1798; x_wconf 87' lang='lat' dir='ltr'><strong>ex</strong></span> <span class='ocrx_word' id='word_1_150' title='bbox 1479 1731 1611 1798; x_wconf 89' lang='lat' dir='ltr'><strong>aliorum</strong></span> <span class='ocrx_word' id='word_1_151' title='bbox 1640 1731 1868 1816; x_wconf 90' lang='lat' dir='ltr'><strong>imperatorum</strong></span> <span class='ocrx_word' id='word_1_152' title='bbox 1895 1731 2023 1816; x_wconf 86' lang='lat' dir='ltr'><strong>legibus</strong></span> 
     </span>
     <span class='ocr_line' id='line_1_13' title="bbox 140 1831 2022 1920; baseline -0.003 -18"><span class='ocrx_word' id='word_1_153' title='bbox 140 1833 312 1902; x_wconf 91' lang='lat' dir='ltr'><strong>deductum</strong></span> <span class='ocrx_word' id='word_1_154' title='bbox 345 1850 440 1917; x_wconf 89' lang='lat' dir='ltr'><strong>esse,</strong></span> <span class='ocrx_word' id='word_1_155' title='bbox 482 1832 516 1898; x_wconf 94' lang='lat' dir='ltr'><strong>id</strong></span> <span class='ocrx_word' id='word_1_156' title='bbox 552 1831 635 1918; x_wconf 89' lang='lat' dir='ltr'><strong>quod</strong></span> <span class='ocrx_word' id='word_1_157' title='bbox 665 1831 914 1917; x_wconf 90' lang='lat' dir='ltr'><strong>uniuscuiusque</strong></span> <span class='ocrx_word' id='word_1_158' title='bbox 952 1831 1085 1917; x_wconf 88' lang='lat' dir='ltr'><strong>capituli</strong></span> <span class='ocrx_word' id='word_1_159' title='bbox 1120 1833 1290 1920; x_wconf 75' lang='lat' dir='ltr'><strong>inscriptio</strong></span> <span class='ocrx_word' id='word_1_160' title='bbox 1329 1833 1442 1910; x_wconf 90' lang='lat' dir='ltr'><strong>docet,</strong></span> <span class='ocrx_word' id='word_1_161' title='bbox 1484 1831 1792 1918; x_wconf 88' lang='lat' dir='ltr'><strong>animadvertisset,</strong></span> <span class='ocrx_word' id='word_1_162' title='bbox 1824 1832 1865 1898; x_wconf 91' lang='lat' dir='ltr'><strong>ad</strong></span> <span class='ocrx_word' id='word_1_163' title='bbox 1908 1837 2022 1917; x_wconf 78' lang='grc' dir='ltr'><strong><em>ἑτέρων</em></strong></span> 
     </span>
     <span class='ocr_line' id='line_1_14' title="bbox 139 1931 2023 2022; baseline -0.002 -22"><span class='ocrx_word' id='word_1_164' title='bbox 139 1937 299 2020; x_wconf 78' lang='grc' dir='ltr'><strong><em>βασιλέων</em></strong></span> <span class='ocrx_word' id='word_1_165' title='bbox 334 1933 529 1999; x_wconf 88' lang='lat' dir='ltr'><strong>mentionem</strong></span> <span class='ocrx_word' id='word_1_166' title='bbox 557 1933 733 2018; x_wconf 79' lang='lat' dir='ltr'><strong>confugere</strong></span> <span class='ocrx_word' id='word_1_167' title='bbox 758 1933 871 1998; x_wconf 86' lang='lat' dir='ltr'><strong>uoluit.</strong></span> <span class='ocrx_word' id='word_1_168' title='bbox 937 1934 990 1998; x_wconf 87' lang='lat' dir='ltr'><strong>Ac</strong></span> <span class='ocrx_word' id='word_1_169' title='bbox 1018 1951 1060 1997; x_wconf 90' lang='lat' dir='ltr'><strong>ue</strong></span> <span class='ocrx_word' id='word_1_170' title='bbox 1091 1932 1169 1998; x_wconf 82' lang='lat' dir='ltr'><strong>ferri</strong></span> <span class='ocrx_word' id='word_1_171' title='bbox 1196 1933 1324 2020; x_wconf 92' lang='lat' dir='ltr'><strong>quidem</strong></span> <span class='ocrx_word' id='word_1_172' title='bbox 1352 1939 1481 2020; x_wconf 91' lang='lat' dir='ltr'><strong>potest,</strong></span> <span class='ocrx_word' id='word_1_173' title='bbox 1517 1933 1601 2022; x_wconf 89' lang='lat' dir='ltr'><strong>quud</strong></span> <span class='ocrx_word' id='word_1_174' title='bbox 1633 1931 1766 1998; x_wconf 86' lang='lat' dir='ltr'><strong>addidit.</strong></span> <span class='ocrx_word' id='word_1_175' title='bbox 1833 1931 1909 1997; x_wconf 81' lang='lat' dir='ltr'><strong>Etsi</strong></span> <span class='ocrx_word' id='word_1_176' title='bbox 1936 1933 2023 1998; x_wconf 91' lang='lat' dir='ltr'><strong>enim</strong></span> 
     </span>
     <span class='ocr_line' id='line_1_15' title="bbox 138 2033 2023 2123; baseline -0.003 -21"><span class='ocrx_word' id='word_1_177' title='bbox 138 2055 188 2123; x_wconf 90' lang='lat' dir='ltr'><strong>ea,</strong></span> <span class='ocrx_word' id='word_1_178' title='bbox 211 2053 295 2122; x_wconf 85' lang='lat' dir='ltr'><strong>quse</strong></span> <span class='ocrx_word' id='word_1_179' title='bbox 318 2033 359 2100; x_wconf 91' lang='lat' dir='ltr'><strong>ad</strong></span> <span class='ocrx_word' id='word_1_180' title='bbox 381 2033 486 2099; x_wconf 81' lang='lat' dir='ltr'><strong>nostri</strong></span> <span class='ocrx_word' id='word_1_181' title='bbox 507 2033 580 2098; x_wconf 90' lang='lat' dir='ltr'><strong>libri</strong></span> <span class='ocrx_word' id='word_1_182' title='bbox 602 2033 698 2100; x_wconf 91' lang='lat' dir='ltr'><strong>tinem</strong></span> <span class='ocrx_word' id='word_1_183' title='bbox 719 2035 825 2100; x_wconf 90' lang='lat' dir='ltr'><strong>relata</strong></span> <span class='ocrx_word' id='word_1_184' title='bbox 847 2039 940 2119; x_wconf 90' lang='lat' dir='ltr'><strong>sunt,</strong></span> <span class='ocrx_word' id='word_1_185' title='bbox 981 2039 1134 2120; x_wconf 89' lang='lat' dir='ltr'><strong>quattuor</strong></span> <span class='ocrx_word' id='word_1_186' title='bbox 1156 2035 1299 2120; x_wconf 83' lang='lat' dir='ltr'><strong>capitula</strong></span> <span class='ocrx_word' id='word_1_187' title='bbox 1326 2053 1368 2100; x_wconf 80' lang='lat' dir='ltr'><strong>ex</strong></span> <span class='ocrx_word' id='word_1_188' title='bbox 1398 2033 1571 2099; x_wconf 86' lang='lat' dir='ltr'><strong>Iustiniani</strong></span> <span class='ocrx_word' id='word_1_189' title='bbox 1600 2033 1751 2100; x_wconf 90' lang='lat' dir='ltr'><strong>Novellis</strong></span> <span class='ocrx_word' id='word_1_190' title='bbox 1780 2033 1899 2100; x_wconf 89' lang='lat' dir='ltr'><strong>hausta</strong></span> <span class='ocrx_word' id='word_1_191' title='bbox 1935 2039 2023 2118; x_wconf 90' lang='lat' dir='ltr'><strong>sunt,</strong></span> 
     </span>
     <span class='ocr_line' id='line_1_16' title="bbox 141 2131 2024 2222; baseline -0.003 -18"><span class='ocrx_word' id='word_1_192' title='bbox 141 2147 250 2204; x_wconf 86' lang='lat' dir='ltr'><strong>temen</strong></span> <span class='ocrx_word' id='word_1_193' title='bbox 272 2135 351 2202; x_wconf 90' lang='lat' dir='ltr'><strong>illud</strong></span> <span class='ocrx_word' id='word_1_194' title='bbox 373 2133 437 2201; x_wconf 91' lang='lat' dir='ltr'><strong>dici</strong></span> <span class='ocrx_word' id='word_1_195' title='bbox 459 2155 525 2200; x_wconf 89' lang='lat' dir='ltr'><strong>non</strong></span> <span class='ocrx_word' id='word_1_196' title='bbox 553 2140 680 2221; x_wconf 89' lang='lat' dir='ltr'><strong>potest,</strong></span> <span class='ocrx_word' id='word_1_197' title='bbox 701 2135 828 2221; x_wconf 90' lang='lat' dir='ltr'><strong>reliqna</strong></span> <span class='ocrx_word' id='word_1_198' title='bbox 849 2133 1002 2220; x_wconf 89' lang='lat' dir='ltr'><strong>capitula,</strong></span> <span class='ocrx_word' id='word_1_199' title='bbox 1023 2152 1107 2220; x_wconf 89' lang='lat' dir='ltr'><strong>quae</strong></span> <span class='ocrx_word' id='word_1_200' title='bbox 1131 2155 1174 2202; x_wconf 86' lang='lat' dir='ltr'><strong>ex</strong></span> <span class='ocrx_word' id='word_1_201' title='bbox 1196 2135 1376 2202; x_wconf 86' lang='lat' dir='ltr'><strong>lustiniono</strong></span> <span class='ocrx_word' id='word_1_202' title='bbox 1399 2131 1521 2200; x_wconf 85' lang='lat' dir='ltr'><strong>Codice</strong></span> <span class='ocrx_word' id='word_1_203' title='bbox 1543 2133 1698 2200; x_wconf 85' lang='lat' dir='ltr'><strong>derivata</strong></span> <span class='ocrx_word' id='word_1_204' title='bbox 1721 2141 1808 2222; x_wconf 88' lang='lat' dir='ltr'><strong>suut,</strong></span> <span class='ocrx_word' id='word_1_205' title='bbox 1830 2153 1872 2200; x_wconf 89' lang='lat' dir='ltr'><strong>ex</strong></span> <span class='ocrx_word' id='word_1_206' title='bbox 1890 2133 2024 2200; x_wconf 86' lang='lat' dir='ltr'><strong>aliorum</strong></span> 
     </span>
     <span class='ocr_line' id='line_1_17' title="bbox 140 2233 2024 2324; baseline -0.003 -20"><span class='ocrx_word' id='word_1_207' title='bbox 140 2241 368 2324; x_wconf 78' lang='lat' dir='ltr'><strong>imperatorum</strong></span> <span class='ocrx_word' id='word_1_208' title='bbox 401 2235 553 2301; x_wconf 87' lang='lat' dir='ltr'><strong>Novellis</strong></span> <span class='ocrx_word' id='word_1_209' title='bbox 581 2235 867 2303; x_wconf 88' lang='lat' dir='ltr'><strong>constitutionibus</strong></span> <span class='ocrx_word' id='word_1_210' title='bbox 904 2243 1011 2301; x_wconf 90' lang='lat' dir='ltr'><strong>sumta</strong></span> <span class='ocrx_word' id='word_1_211' title='bbox 1041 2253 1129 2300; x_wconf 87' lang='lat' dir='ltr'><strong>esse.</strong></span> <span class='ocrx_word' id='word_1_212' title='bbox 1196 2233 1358 2322; x_wconf 88' lang='lat' dir='ltr'><strong>Numquid</strong></span> <span class='ocrx_word' id='word_1_213' title='bbox 1393 2241 1501 2300; x_wconf 90' lang='lat' dir='ltr'><strong>autem</strong></span> <span class='ocrx_word' id='word_1_214' title='bbox 1533 2235 1619 2301; x_wconf 90' lang='lat' dir='ltr'><strong>aliud</strong></span> <span class='ocrx_word' id='word_1_215' title='bbox 1657 2237 1720 2302; x_wconf 91' lang='lat' dir='ltr'><strong>sibi</strong></span> <span class='ocrx_word' id='word_1_216' title='bbox 1749 2236 1835 2302; x_wconf 84' lang='lat' dir='ltr'><strong>uelle</strong></span> <span class='ocrx_word' id='word_1_217' title='bbox 1871 2251 2024 2318; x_wconf 89' lang='lat' dir='ltr'><strong>censeas,</strong></span> 
     </span>
     <span class='ocr_line' id='line_1_18' title="bbox 139 2333 2024 2422; baseline -0.003 -17"><span class='ocrx_word' id='word_1_218' title='bbox 139 2341 200 2406; x_wconf 86' lang='lat' dir='ltr'><strong>troc</strong></span> <span class='ocrx_word' id='word_1_219' title='bbox 234 2336 364 2404; x_wconf 88' lang='lat' dir='ltr'><strong>dicendi</strong></span> <span class='ocrx_word' id='word_1_220' title='bbox 392 2355 512 2420; x_wconf 88' lang='lat' dir='ltr'><strong>genus:</strong></span> <span class='ocrx_word' id='word_1_221' title='bbox 553 2342 590 2400; x_wconf 80' lang='lat' dir='ltr'><strong>tn</strong></span> <span class='ocrx_word' id='word_1_222' title='bbox 617 2337 682 2400; x_wconf 79' lang='grc' dir='ltr'><strong><em>τῶν</em></strong></span> <span class='ocrx_word' id='word_1_223' title='bbox 702 2338 829 2420; x_wconf 76' lang='grc' dir='ltr'><strong><em>νεαρῶν</em></strong></span> <span class='ocrx_word' id='word_1_224' title='bbox 846 2333 1079 2402; x_wconf 86' lang='grc' dir='ltr'><strong><em>Ἰονστινιανοῡ</em></strong></span> <span class='ocrx_word' id='word_1_225' title='bbox 1107 2337 1266 2420; x_wconf 77' lang='grc' dir='ltr'><strong><em>βασιλέως</em></strong></span> <span class='ocrx_word' id='word_1_226' title='bbox 1294 2339 1351 2402; x_wconf 80' lang='grc' dir='ltr'><strong>καὶ</strong></span> <span class='ocrx_word' id='word_1_227' title='bbox 1384 2341 1499 2420; x_wconf 79' lang='grc' dir='ltr'><strong><em>ἑτέρων</em></strong></span> <span class='ocrx_word' id='word_1_228' title='bbox 1526 2337 1707 2420; x_wconf 77' lang='grc' dir='ltr'><strong><em>βασιλέωνέ</em></strong></span> <span class='ocrx_word' id='word_1_229' title='bbox 1751 2336 1903 2422; x_wconf 87' lang='lat' dir='ltr'><strong>Denique</strong></span> <span class='ocrx_word' id='word_1_230' title='bbox 1946 2334 2024 2400; x_wconf 86' lang='lat' dir='ltr'><strong>illud</strong></span> 
     </span>
     <span class='ocr_line' id='line_1_19' title="bbox 139 2435 2023 2523; baseline -0.005 -16"><span class='ocrx_word' id='word_1_231' title='bbox 139 2439 200 2506; x_wconf 86' lang='lat' dir='ltr'><strong>boc</strong></span> <span class='ocrx_word' id='word_1_232' title='bbox 226 2438 300 2503; x_wconf 91' lang='lat' dir='ltr'><strong>loco</strong></span> <span class='ocrx_word' id='word_1_233' title='bbox 331 2435 641 2503; x_wconf 88' lang='lat' dir='ltr'><strong>commemorandum</strong></span> <span class='ocrx_word' id='word_1_234' title='bbox 669 2443 740 2523; x_wconf 92' lang='lat' dir='ltr'><strong>est,</strong></span> <span class='ocrx_word' id='word_1_235' title='bbox 762 2437 846 2502; x_wconf 91' lang='lat' dir='ltr'><strong>banc</strong></span> <span class='ocrx_word' id='word_1_236' title='bbox 868 2437 1061 2521; x_wconf 82' lang='lat' dir='ltr'><strong>scripturam</strong></span> <span class='ocrx_word' id='word_1_237' title='bbox 1083 2437 1117 2501; x_wconf 92' lang='lat' dir='ltr'><strong>in</strong></span> <span class='ocrx_word' id='word_1_238' title='bbox 1139 2435 1304 2504; x_wconf 87' lang='lat' dir='ltr'><strong>codicibus</strong></span> <span class='ocrx_word' id='word_1_239' title='bbox 1325 2437 1554 2522; x_wconf 91' lang='lat' dir='ltr'><strong>manuscriptis</strong></span> <span class='ocrx_word' id='word_1_240' title='bbox 1581 2457 1645 2503; x_wconf 93' lang='lat' dir='ltr'><strong>non</strong></span> <span class='ocrx_word' id='word_1_241' title='bbox 1667 2438 1714 2504; x_wconf 89' lang='lat' dir='ltr'><strong>ita</strong></span> <span class='ocrx_word' id='word_1_242' title='bbox 1734 2438 1877 2503; x_wconf 83' lang='lat' dir='ltr'><strong>uetustis</strong></span> <span class='ocrx_word' id='word_1_243' title='bbox 1899 2435 2023 2502; x_wconf 88' lang='lat' dir='ltr'><strong>baberi.</strong></span> 
     </span>
     <span class='ocr_line' id='line_1_20' title="bbox 141 2537 2026 2626; baseline -0.004 -18"><span class='ocrx_word' id='word_1_244' title='bbox 141 2541 184 2608; x_wconf 88' lang='lat' dir='ltr'><strong>Ut</strong></span> <span class='ocrx_word' id='word_1_245' title='bbox 207 2537 345 2625; x_wconf 87' lang='lat' dir='ltr'><strong>proinde</strong></span> <span class='ocrx_word' id='word_1_246' title='bbox 366 2539 399 2604; x_wconf 93' lang='lat' dir='ltr'><strong>iu</strong></span> <span class='ocrx_word' id='word_1_247' title='bbox 423 2538 484 2603; x_wconf 87' lang='lat' dir='ltr'><strong>boc</strong></span> <span class='ocrx_word' id='word_1_248' title='bbox 506 2538 711 2604; x_wconf 81' lang='lat' dir='ltr'><strong>diversitatis</strong></span> <span class='ocrx_word' id='word_1_249' title='bbox 733 2555 857 2622; x_wconf 86' lang='lat' dir='ltr'><strong>genere</strong></span> <span class='ocrx_word' id='word_1_250' title='bbox 892 2537 1033 2624; x_wconf 79' lang='lat' dir='ltr'><strong>aliquem</strong></span> <span class='ocrx_word' id='word_1_251' title='bbox 1064 2539 1279 2604; x_wconf 87' lang='lat' dir='ltr'><strong>recentiorum</strong></span> <span class='ocrx_word' id='word_1_252' title='bbox 1308 2543 1485 2622; x_wconf 90' lang='lat' dir='ltr'><strong>temporum</strong></span> <span class='ocrx_word' id='word_1_253' title='bbox 1514 2538 1795 2626; x_wconf 81' lang='lat' dir='ltr'><strong>interpolationem</strong></span> <span class='ocrx_word' id='word_1_254' title='bbox 1824 2539 1937 2604; x_wconf 90' lang='lat' dir='ltr'><strong>inesse</strong></span> <span class='ocrx_word' id='word_1_255' title='bbox 1967 2537 2026 2602; x_wconf 88' lang='lat' dir='ltr'><strong>vix</strong></span> 
     </span>
     <span class='ocr_line' id='line_1_21' title="bbox 138 2637 2026 2726; baseline -0.003 -18"><span class='ocrx_word' id='word_1_256' title='bbox 138 2661 176 2708; x_wconf 91' lang='lat' dir='ltr'><strong>ac</strong></span> <span class='ocrx_word' id='word_1_257' title='bbox 199 2661 244 2708; x_wconf 88' lang='lat' dir='ltr'><strong>ue</strong></span> <span class='ocrx_word' id='word_1_258' title='bbox 265 2641 324 2705; x_wconf 85' lang='lat' dir='ltr'><strong>vix</strong></span> <span class='ocrx_word' id='word_1_259' title='bbox 346 2638 475 2726; x_wconf 91' lang='lat' dir='ltr'><strong>quidem</strong></span> <span class='ocrx_word' id='word_1_260' title='bbox 497 2637 637 2706; x_wconf 86' lang='lat' dir='ltr'><strong>dubites.</strong></span> <span class='ocrx_word' id='word_1_261' title='bbox 682 2638 766 2705; x_wconf 89' lang='lat' dir='ltr'><strong>Illud</strong></span> <span class='ocrx_word' id='word_1_262' title='bbox 786 2644 907 2724; x_wconf 85' lang='lat' dir='ltr'><strong>eutem,</strong></span> <span class='ocrx_word' id='word_1_263' title='bbox 932 2639 1016 2726; x_wconf 91' lang='lat' dir='ltr'><strong>quod</strong></span> <span class='ocrx_word' id='word_1_264' title='bbox 1039 2639 1072 2706; x_wconf 94' lang='lat' dir='ltr'><strong>in</strong></span> <span class='ocrx_word' id='word_1_265' title='bbox 1094 2639 1230 2726; x_wconf 90' lang='lat' dir='ltr'><strong>reliquis</strong></span> <span class='ocrx_word' id='word_1_266' title='bbox 1252 2637 1417 2704; x_wconf 85' lang='lat' dir='ltr'><strong>codicibus</strong></span> <span class='ocrx_word' id='word_1_267' title='bbox 1439 2639 1666 2726; x_wconf 87' lang='lat' dir='ltr'><strong>manuscriptis</strong></span> <span class='ocrx_word' id='word_1_268' title='bbox 1694 2640 1736 2706; x_wconf 92' lang='lat' dir='ltr'><strong>de</strong></span> <span class='ocrx_word' id='word_1_269' title='bbox 1757 2638 1929 2704; x_wconf 80' lang='lat' dir='ltr'><strong>Iustiniani</strong></span> <span class='ocrx_word' id='word_1_270' title='bbox 1950 2637 2026 2703; x_wconf 88' lang='lat' dir='ltr'><strong>No-</strong></span> 
     </span>
     <span class='ocr_line' id='line_1_22' title="bbox 139 2737 2027 2828; baseline -0.003 -18"><span class='ocrx_word' id='word_1_271' title='bbox 139 2743 241 2810; x_wconf 86' lang='lat' dir='ltr'><strong>vellis</strong></span> <span class='ocrx_word' id='word_1_272' title='bbox 262 2739 489 2828; x_wconf 89' lang='lat' dir='ltr'><strong>praedicatur,</strong></span> <span class='ocrx_word' id='word_1_273' title='bbox 510 2747 624 2824; x_wconf 80' lang='lat' dir='ltr'><strong>gratus</strong></span> <span class='ocrx_word' id='word_1_274' title='bbox 647 2741 782 2826; x_wconf 90' lang='lat' dir='ltr'><strong>accipio.</strong></span> <span class='ocrx_word' id='word_1_275' title='bbox 828 2737 1092 2826; x_wconf 79' lang='lat' dir='ltr'><strong>Quemquamne</strong></span> <span class='ocrx_word' id='word_1_276' title='bbox 1122 2741 1320 2828; x_wconf 88' lang='lat' dir='ltr'><strong>sicquidem</strong></span> <span class='ocrx_word' id='word_1_277' title='bbox 1342 2740 1417 2804; x_wconf 89' lang='lat' dir='ltr'><strong>milri</strong></span> <span class='ocrx_word' id='word_1_278' title='bbox 1440 2739 1638 2825; x_wconf 87' lang='lat' dir='ltr'><strong>persuadeo,</strong></span> <span class='ocrx_word' id='word_1_279' title='bbox 1674 2748 1708 2806; x_wconf 93' lang='lat' dir='ltr'><strong>ut</strong></span> <span class='ocrx_word' id='word_1_280' title='bbox 1731 2746 1832 2807; x_wconf 89' lang='lat' dir='ltr'><strong>totam</strong></span> <span class='ocrx_word' id='word_1_281' title='bbox 1854 2757 1922 2804; x_wconf 93' lang='lat' dir='ltr'><strong>rem</strong></span> <span class='ocrx_word' id='word_1_282' title='bbox 1944 2755 2027 2804; x_wconf 89' lang='lat' dir='ltr'><strong>con-</strong></span> 
     </span>
     <span class='ocr_line' id='line_1_23' title="bbox 138 2837 2025 2936; baseline -0.003 -24"><span class='ocrx_word' id='word_1_283' title='bbox 138 2847 260 2936; x_wconf 86' lang='lat' dir='ltr'><strong>lectam</strong></span> <span class='ocrx_word' id='word_1_284' title='bbox 288 2859 368 2908; x_wconf 88' lang='lat' dir='ltr'><strong>esse</strong></span> <span class='ocrx_word' id='word_1_285' title='bbox 394 2839 536 2906; x_wconf 88' lang='lat' dir='ltr'><strong>credam.</strong></span> <span class='ocrx_word' id='word_1_286' title='bbox 582 2837 724 2906; x_wconf 85' lang='lat' dir='ltr'><strong>Constat</strong></span> <span class='ocrx_word' id='word_1_287' title='bbox 753 2841 839 2906; x_wconf 89' lang='lat' dir='ltr'><strong>enim</strong></span> <span class='ocrx_word' id='word_1_288' title='bbox 867 2857 911 2905; x_wconf 82' lang='lat' dir='ltr'><strong>ex</strong></span> <span class='ocrx_word' id='word_1_289' title='bbox 941 2841 1068 2928; x_wconf 84' lang='lat' dir='ltr'><strong>tabule,</strong></span> <span class='ocrx_word' id='word_1_290' title='bbox 1098 2861 1191 2929; x_wconf 91' lang='lat' dir='ltr'><strong>qnam</strong></span> <span class='ocrx_word' id='word_1_291' title='bbox 1219 2842 1371 2906; x_wconf 84' lang='lat' dir='ltr'><strong>interiore</strong></span> <span class='ocrx_word' id='word_1_292' title='bbox 1398 2841 1471 2906; x_wconf 92' lang='lat' dir='ltr'><strong>loco</strong></span> <span class='ocrx_word' id='word_1_293' title='bbox 1493 2858 1669 2928; x_wconf 89' lang='lat' dir='ltr'><strong>ponemus,</strong></span> <span class='ocrx_word' id='word_1_294' title='bbox 1696 2842 1795 2929; x_wconf 92' lang='lat' dir='ltr'><strong>haec,</strong></span> <span class='ocrx_word' id='word_1_295' title='bbox 1817 2859 1900 2928; x_wconf 90' lang='lat' dir='ltr'><strong>qnae</strong></span> <span class='ocrx_word' id='word_1_296' title='bbox 1922 2839 2025 2927; x_wconf 89' lang='lat' dir='ltr'><strong>primo</strong></span> 
     </span>
     <span class='ocr_line' id='line_1_24' title="bbox 136 2935 2026 3031; baseline -0.004 -18"><span class='ocrx_word' id='word_1_297' title='bbox 136 2947 209 3012; x_wconf 93' lang='lat' dir='ltr'><strong>loco</strong></span> <span class='ocrx_word' id='word_1_298' title='bbox 232 2944 319 3031; x_wconf 90' lang='lat' dir='ltr'><strong>apud</strong></span> <span class='ocrx_word' id='word_1_299' title='bbox 340 2949 486 3009; x_wconf 91' lang='lat' dir='ltr'><strong>nostrum</strong></span> <span class='ocrx_word' id='word_1_300' title='bbox 508 2942 699 3028; x_wconf 88' lang='lat' dir='ltr'><strong>scriptorem</strong></span> <span class='ocrx_word' id='word_1_301' title='bbox 720 2943 825 3008; x_wconf 87' lang='lat' dir='ltr'><strong>relata</strong></span> <span class='ocrx_word' id='word_1_302' title='bbox 846 2949 941 3030; x_wconf 86' lang='lat' dir='ltr'><strong>sunt,</strong></span> <span class='ocrx_word' id='word_1_303' title='bbox 973 2941 1055 3008; x_wconf 83' lang='lat' dir='ltr'><strong>XXI</strong></span> <span class='ocrx_word' id='word_1_304' title='bbox 1077 2943 1219 3028; x_wconf 86' lang='lat' dir='ltr'><strong>capitula</strong></span> <span class='ocrx_word' id='word_1_305' title='bbox 1248 2961 1292 3009; x_wconf 87' lang='lat' dir='ltr'><strong>err</strong></span> <span class='ocrx_word' id='word_1_306' title='bbox 1313 2941 1494 3008; x_wconf 84' lang='lat' dir='ltr'><strong>lustiuiunu</strong></span> <span class='ocrx_word' id='word_1_307' title='bbox 1517 2935 1639 3006; x_wconf 86' lang='lat' dir='ltr'><strong>Codice</strong></span> <span class='ocrx_word' id='word_1_308' title='bbox 1661 2943 1839 3008; x_wconf 88' lang='lat' dir='ltr'><strong>secundum</strong></span> <span class='ocrx_word' id='word_1_309' title='bbox 1861 2941 2026 3007; x_wconf 91' lang='lat' dir='ltr'><strong>titulorum</strong></span> 
     </span>
     <span class='ocr_line' id='line_1_25' title="bbox 135 3037 2025 3132; baseline -0.003 -18"><span class='ocrx_word' id='word_1_310' title='bbox 135 3045 406 3132; x_wconf 85' lang='lat' dir='ltr'><strong>consequentiam</strong></span> <span class='ocrx_word' id='word_1_311' title='bbox 418 3045 451 3108; x_wconf 89' lang='lat' dir='ltr'><strong>in</strong></span> <span class='ocrx_word' id='word_1_312' title='bbox 464 3049 608 3108; x_wconf 91' lang='lat' dir='ltr'><strong>nostrum</strong></span> <span class='ocrx_word' id='word_1_313' title='bbox 622 3043 734 3110; x_wconf 92' lang='lat' dir='ltr'><strong>librum</strong></span> <span class='ocrx_word' id='word_1_314' title='bbox 749 3061 828 3109; x_wconf 90' lang='lat' dir='ltr'><strong>esse</strong></span> <span class='ocrx_word' id='word_1_315' title='bbox 844 3041 1014 3109; x_wconf 84' lang='lat' dir='ltr'><strong>translato.</strong></span> <span class='ocrx_word' id='word_1_316' title='bbox 1058 3041 1176 3130; x_wconf 87' lang='lat' dir='ltr'><strong>ltaque</strong></span> <span class='ocrx_word' id='word_1_317' title='bbox 1194 3043 1290 3110; x_wconf 81' lang='lat' dir='ltr'><strong>focile</strong></span> <span class='ocrx_word' id='word_1_318' title='bbox 1311 3049 1364 3110; x_wconf 89' lang='lat' dir='ltr'><strong>est</strong></span> <span class='ocrx_word' id='word_1_319' title='bbox 1384 3041 1426 3108; x_wconf 86' lang='lat' dir='ltr'><strong>ad</strong></span> <span class='ocrx_word' id='word_1_320' title='bbox 1450 3037 1696 3125; x_wconf 83' lang='lat' dir='ltr'><strong>intelligendum</strong></span> <span class='ocrx_word' id='word_1_321' title='bbox 1702 3091 1712 3130; x_wconf 93' lang='lat'><strong>,</strong></span> <span class='ocrx_word' id='word_1_322' title='bbox 1735 3063 1830 3130; x_wconf 90' lang='lat' dir='ltr'><strong>quam</strong></span> <span class='ocrx_word' id='word_1_323' title='bbox 1846 3061 1911 3110; x_wconf 90' lang='lat' dir='ltr'><strong>uon</strong></span> <span class='ocrx_word' id='word_1_324' title='bbox 1931 3045 2025 3108; x_wconf 90' lang='lat' dir='ltr'><strong>recte</strong></span> 
     </span>
     <span class='ocr_line' id='line_1_26' title="bbox 134 3141 2027 3230; baseline -0.003 -17"><span class='ocrx_word' id='word_1_325' title='bbox 134 3147 352 3216; x_wconf 86' lang='lat' dir='ltr'><strong>Novellarum</strong></span> <span class='ocrx_word' id='word_1_326' title='bbox 380 3143 647 3212; x_wconf 90' lang='lat' dir='ltr'><strong>constitutionum</strong></span> <span class='ocrx_word' id='word_1_327' title='bbox 669 3150 793 3210; x_wconf 92' lang='lat' dir='ltr'><strong>tantum</strong></span> <span class='ocrx_word' id='word_1_328' title='bbox 814 3143 875 3209; x_wconf 90' lang='lat' dir='ltr'><strong>hoc</strong></span> <span class='ocrx_word' id='word_1_329' title='bbox 897 3143 969 3208; x_wconf 93' lang='lat' dir='ltr'><strong>loco</strong></span> <span class='ocrx_word' id='word_1_330' title='bbox 990 3145 1112 3212; x_wconf 89' lang='lat' dir='ltr'><strong>mentio</strong></span> <span class='ocrx_word' id='word_1_331' title='bbox 1141 3145 1231 3212; x_wconf 82' lang='lat' dir='ltr'><strong>facta</strong></span> <span class='ocrx_word' id='word_1_332' title='bbox 1252 3145 1308 3210; x_wconf 91' lang='lat' dir='ltr'><strong>sit.</strong></span> <span class='ocrx_word' id='word_1_333' title='bbox 1358 3141 1433 3228; x_wconf 79' lang='lat' dir='ltr'><strong>Ego</strong></span> <span class='ocrx_word' id='word_1_334' title='bbox 1462 3149 1498 3208; x_wconf 91' lang='lat' dir='ltr'><strong>ut</strong></span> <span class='ocrx_word' id='word_1_335' title='bbox 1524 3143 1665 3226; x_wconf 84' lang='lat' dir='ltr'><strong>ingenue</strong></span> <span class='ocrx_word' id='word_1_336' title='bbox 1694 3145 1815 3226; x_wconf 77' lang='lat' dir='ltr'><strong>fatear,</strong></span> <span class='ocrx_word' id='word_1_337' title='bbox 1837 3142 1922 3230; x_wconf 91' lang='lat' dir='ltr'><strong>quod</strong></span> <span class='ocrx_word' id='word_1_338' title='bbox 1944 3160 2027 3208; x_wconf 89' lang='lat' dir='ltr'><strong>seu-</strong></span> 
     </span>
     <span class='ocr_line' id='line_1_27' title="bbox 139 3243 2028 3338; baseline -0.004 -22"><span class='ocrx_word' id='word_1_339' title='bbox 139 3251 204 3338; x_wconf 92' lang='lat' dir='ltr'><strong>tio,</strong></span> <span class='ocrx_word' id='word_1_340' title='bbox 227 3249 262 3314; x_wconf 91' lang='lat' dir='ltr'><strong>in</strong></span> <span class='ocrx_word' id='word_1_341' title='bbox 283 3247 504 3334; x_wconf 89' lang='lat' dir='ltr'><strong>antiquissimo</strong></span> <span class='ocrx_word' id='word_1_342' title='bbox 527 3244 720 3332; x_wconf 81' lang='lat' dir='ltr'><strong>exemplari,</strong></span> <span class='ocrx_word' id='word_1_343' title='bbox 744 3243 829 3310; x_wconf 85' lang='lat' dir='ltr'><strong>uude</strong></span> <span class='ocrx_word' id='word_1_344' title='bbox 857 3245 962 3310; x_wconf 89' lang='lat' dir='ltr'><strong>nostri</strong></span> <span class='ocrx_word' id='word_1_345' title='bbox 990 3243 1063 3311; x_wconf 90' lang='lat' dir='ltr'><strong>libri</strong></span> <span class='ocrx_word' id='word_1_346' title='bbox 1096 3245 1309 3332; x_wconf 75' lang='lat' dir='ltr'><strong>manuscripti</strong></span> <span class='ocrx_word' id='word_1_347' title='bbox 1342 3243 1474 3311; x_wconf 89' lang='lat' dir='ltr'><strong>deducti</strong></span> <span class='ocrx_word' id='word_1_348' title='bbox 1508 3251 1602 3330; x_wconf 90' lang='lat' dir='ltr'><strong>sunt,</strong></span> <span class='ocrx_word' id='word_1_349' title='bbox 1634 3244 1782 3311; x_wconf 85' lang='lat' dir='ltr'><strong>lacunam</strong></span> <span class='ocrx_word' id='word_1_350' title='bbox 1809 3245 1897 3310; x_wconf 91' lang='lat' dir='ltr'><strong>inter</strong></span> <span class='ocrx_word' id='word_1_351' title='bbox 1927 3249 1963 3308; x_wconf 80' lang='grc' dir='ltr'><strong><em>ἐκ</em></strong></span> <span class='ocrx_word' id='word_1_352' title='bbox 1992 3248 2028 3309; x_wconf 87' lang='lat' dir='ltr'><strong>et</strong></span> 
     </span>
     <span class='ocr_line' id='line_1_28' title="bbox 135 3343 2024 3434; baseline -0.005 -17"><span class='ocrx_word' id='word_1_353' title='bbox 135 3355 203 3418; x_wconf 81' lang='grc' dir='ltr'><strong><em>τών</em></strong></span> <span class='ocrx_word' id='word_1_354' title='bbox 219 3351 323 3416; x_wconf 86' lang='lat' dir='ltr'><strong>luisse</strong></span> <span class='ocrx_word' id='word_1_355' title='bbox 338 3352 459 3434; x_wconf 88' lang='lat' dir='ltr'><strong>statuo,</strong></span> <span class='ocrx_word' id='word_1_356' title='bbox 480 3365 574 3432; x_wconf 85' lang='lat' dir='ltr'><strong>quam</strong></span> <span class='ocrx_word' id='word_1_357' title='bbox 590 3347 637 3412; x_wconf 83' lang='lat' dir='ltr'><strong>ite</strong></span> <span class='ocrx_word' id='word_1_358' title='bbox 649 3347 745 3412; x_wconf 83' lang='lat' dir='ltr'><strong>facile</strong></span> <span class='ocrx_word' id='word_1_359' title='bbox 762 3345 934 3432; x_wconf 85' lang='lat' dir='ltr'><strong>suppleas:</strong></span> <span class='ocrx_word' id='word_1_360' title='bbox 956 3348 993 3409; x_wconf 70' lang='grc' dir='ltr'><strong><em>ἔκ</em></strong></span> <span class='ocrx_word' id='word_1_361' title='bbox 1005 3369 1039 3410; x_wconf 90' lang='grc' dir='ltr'><strong>τε</strong></span> <span class='ocrx_word' id='word_1_362' title='bbox 1052 3347 1112 3410; x_wconf 85' lang='grc' dir='ltr'><strong>τοῦ</strong></span> <span class='ocrx_word' id='word_1_363' title='bbox 1125 3344 1262 3423; x_wconf 84' lang='grc' dir='ltr'><strong><em>κώὸικσς</em></strong></span> <span class='ocrx_word' id='word_1_364' title='bbox 1283 3350 1320 3412; x_wconf 78' lang='grc' dir='ltr'><strong><em>ἔκ</em></strong></span> <span class='ocrx_word' id='word_1_365' title='bbox 1340 3369 1375 3412; x_wconf 85' lang='grc' dir='ltr'><strong>τε</strong></span> <span class='ocrx_word' id='word_1_366' title='bbox 1395 3347 1461 3410; x_wconf 79' lang='grc' dir='ltr'><strong><em>τῶν</em></strong></span> <span class='ocrx_word' id='word_1_367' title='bbox 1474 3347 1600 3430; x_wconf 80' lang='grc' dir='ltr'><strong><em>νεαρῶν</em></strong></span> <span class='ocrx_word' id='word_1_368' title='bbox 1611 3343 1843 3410; x_wconf 83' lang='grc' dir='ltr'><strong><em>Ἰσοστινιανοῑι</em></strong></span> <span class='ocrx_word' id='word_1_369' title='bbox 1857 3347 2024 3429; x_wconf 79' lang='grc' dir='ltr'><strong><em>βασιλέως.</em></strong></span> 
     </span>
     <span class='ocr_line' id='line_1_29' title="bbox 131 3445 2027 3534; baseline -0.005 -16"><span class='ocrx_word' id='word_1_370' title='bbox 131 3451 243 3534; x_wconf 79' lang='lat' dir='ltr'><strong>Quam</strong></span> <span class='ocrx_word' id='word_1_371' title='bbox 271 3448 488 3516; x_wconf 92' lang='lat' dir='ltr'><strong>coniecturam</strong></span> <span class='ocrx_word' id='word_1_372' title='bbox 516 3447 547 3512; x_wconf 89' lang='lat' dir='ltr'><strong>si</strong></span> <span class='ocrx_word' id='word_1_373' title='bbox 575 3453 690 3532; x_wconf 80' lang='lat' dir='ltr'><strong>gratus</strong></span> <span class='ocrx_word' id='word_1_374' title='bbox 720 3447 883 3534; x_wconf 83' lang='lat' dir='ltr'><strong>accipies,</strong></span> <span class='ocrx_word' id='word_1_375' title='bbox 915 3465 980 3512; x_wconf 91' lang='lat' dir='ltr'><strong>non</strong></span> <span class='ocrx_word' id='word_1_376' title='bbox 1009 3451 1135 3512; x_wconf 89' lang='lat' dir='ltr'><strong>tantum</strong></span> <span class='ocrx_word' id='word_1_377' title='bbox 1161 3449 1268 3516; x_wconf 90' lang='lat' dir='ltr'><strong>nostri</strong></span> <span class='ocrx_word' id='word_1_378' title='bbox 1296 3447 1407 3534; x_wconf 89' lang='lat' dir='ltr'><strong>operis</strong></span> <span class='ocrx_word' id='word_1_379' title='bbox 1439 3447 1543 3511; x_wconf 91' lang='lat' dir='ltr'><strong>tenori</strong></span> <span class='ocrx_word' id='word_1_380' title='bbox 1572 3465 1644 3511; x_wconf 90' lang='lat' dir='ltr'><strong>cum</strong></span> <span class='ocrx_word' id='word_1_381' title='bbox 1665 3445 1738 3512; x_wconf 89' lang='lat' dir='ltr'><strong>libri</strong></span> <span class='ocrx_word' id='word_1_382' title='bbox 1760 3445 1852 3513; x_wconf 91' lang='lat' dir='ltr'><strong>titulo</strong></span> <span class='ocrx_word' id='word_1_383' title='bbox 1875 3445 1961 3511; x_wconf 91' lang='lat' dir='ltr'><strong>omni</strong></span> <span class='ocrx_word' id='word_1_384' title='bbox 1983 3461 2027 3510; x_wconf 84' lang='lat' dir='ltr'><strong>ex</strong></span> 
     </span>
     <span class='ocr_line' id='line_1_30' title="bbox 130 3545 2025 3640; baseline -0.005 -22"><span class='ocrx_word' id='word_1_385' title='bbox 130 3559 235 3640; x_wconf 85' lang='lat' dir='ltr'><strong>parte</strong></span> <span class='ocrx_word' id='word_1_386' title='bbox 256 3548 449 3626; x_wconf 87' lang='lat' dir='ltr'><strong>conveniet,</strong></span> <span class='ocrx_word' id='word_1_387' title='bbox 472 3567 584 3614; x_wconf 90' lang='lat' dir='ltr'><strong>verum</strong></span> <span class='ocrx_word' id='word_1_388' title='bbox 607 3548 706 3614; x_wconf 89' lang='lat' dir='ltr'><strong>etiam</strong></span> <span class='ocrx_word' id='word_1_389' title='bbox 727 3566 829 3612; x_wconf 86' lang='lat' dir='ltr'><strong>causa</strong></span> <span class='ocrx_word' id='word_1_390' title='bbox 850 3545 1007 3614; x_wconf 87' lang='lat' dir='ltr'><strong>reddetur</strong></span> <span class='ocrx_word' id='word_1_391' title='bbox 1028 3547 1113 3614; x_wconf 86' lang='lat' dir='ltr'><strong>satis</strong></span> <span class='ocrx_word' id='word_1_392' title='bbox 1134 3549 1268 3638; x_wconf 88' lang='lat' dir='ltr'><strong>idonea,</strong></span> <span class='ocrx_word' id='word_1_393' title='bbox 1290 3567 1391 3636; x_wconf 86' lang='lat' dir='ltr'><strong>quare</strong></span> <span class='ocrx_word' id='word_1_394' title='bbox 1413 3547 1536 3613; x_wconf 90' lang='lat' dir='ltr'><strong>librarii</strong></span> <span class='ocrx_word' id='word_1_395' title='bbox 1557 3547 1686 3612; x_wconf 88' lang='lat' dir='ltr'><strong>scribae</strong></span> <span class='ocrx_word' id='word_1_396' title='bbox 1712 3547 1816 3614; x_wconf 89' lang='lat' dir='ltr'><strong>verba</strong></span> <span class='ocrx_word' id='word_1_397' title='bbox 1844 3552 1880 3611; x_wconf 78' lang='lat' dir='ltr'><strong>tx</strong></span> <span class='ocrx_word' id='word_1_398' title='bbox 1908 3546 2025 3609; x_wconf 81' lang='grc' dir='ltr'><strong><em>τετοῦ</em></strong></span> 
     </span>
     <span class='ocr_line' id='line_1_31' title="bbox 129 3645 2025 3738; baseline -0.004 -20"><span class='ocrx_word' id='word_1_399' title='bbox 129 3651 277 3726; x_wconf 66' lang='lat' dir='ltr'><strong>xcidisse</strong></span> <span class='ocrx_word' id='word_1_400' title='bbox 297 3651 475 3715; x_wconf 91' lang='lat' dir='ltr'><strong>omiserint.</strong></span> <span class='ocrx_word' id='word_1_401' title='bbox 506 3647 572 3714; x_wconf 80' lang='lat' dir='ltr'><strong>Est</strong></span> <span class='ocrx_word' id='word_1_402' title='bbox 587 3647 736 3714; x_wconf 90' lang='lat' dir='ltr'><strong>enimhic</strong></span> <span class='ocrx_word' id='word_1_403' title='bbox 749 3647 897 3732; x_wconf 81' lang='lat' dir='ltr'><strong>vulgaris</strong></span> <span class='ocrx_word' id='word_1_404' title='bbox 918 3647 1119 3714; x_wconf 86' lang='lat' dir='ltr'><strong>librariorum</strong></span> <span class='ocrx_word' id='word_1_405' title='bbox 1141 3667 1242 3738; x_wconf 91' lang='lat' dir='ltr'><strong>error,</strong></span> <span class='ocrx_word' id='word_1_406' title='bbox 1265 3651 1298 3715; x_wconf 93' lang='grc'><strong>111</strong></span> <span class='ocrx_word' id='word_1_407' title='bbox 1320 3647 1609 3736; x_wconf 89' lang='lat' dir='ltr'><strong>homoeoteleulis,</strong></span> <span class='ocrx_word' id='word_1_408' title='bbox 1631 3647 1737 3734; x_wconf 84' lang='lat' dir='ltr'><strong>qualia</strong></span> <span class='ocrx_word' id='word_1_409' title='bbox 1760 3659 1836 3712; x_wconf 90' lang='lat' dir='ltr'><strong>sunt</strong></span> <span class='ocrx_word' id='word_1_410' title='bbox 1853 3645 1908 3712; x_wconf 89' lang='lat' dir='ltr'><strong>illa</strong></span> <span class='ocrx_word' id='word_1_411' title='bbox 1930 3651 1966 3712; x_wconf 77' lang='lat' dir='ltr'><strong>tir</strong></span> <span class='ocrx_word' id='word_1_412' title='bbox 1989 3668 2025 3710; x_wconf 85' lang='grc' dir='ltr'><strong>τε</strong></span> 
     </span>
     <span class='ocr_line' id='line_1_32' title="bbox 131 3747 2029 3840; baseline -0.006 -18"><span class='ocrx_word' id='word_1_413' title='bbox 131 3763 169 3822; x_wconf 89' lang='lat' dir='ltr'><strong>et</strong></span> <span class='ocrx_word' id='word_1_414' title='bbox 194 3757 235 3819; x_wconf 78' lang='grc' dir='ltr'><strong><em>ἔκ</em></strong></span> <span class='ocrx_word' id='word_1_415' title='bbox 256 3776 306 3840; x_wconf 82' lang='grc' dir='ltr'><strong>τε,</strong></span> <span class='ocrx_word' id='word_1_416' title='bbox 327 3751 463 3818; x_wconf 81' lang='lat' dir='ltr'><strong>alteram</strong></span> <span class='ocrx_word' id='word_1_417' title='bbox 484 3767 553 3815; x_wconf 91' lang='lat' dir='ltr'><strong>rem</strong></span> <span class='ocrx_word' id='word_1_418' title='bbox 575 3749 677 3816; x_wconf 90' lang='lat' dir='ltr'><strong>oculis</strong></span> <span class='ocrx_word' id='word_1_419' title='bbox 698 3750 740 3814; x_wconf 88' lang='lat' dir='ltr'><strong>ad</strong></span> <span class='ocrx_word' id='word_1_420' title='bbox 762 3749 898 3814; x_wconf 85' lang='lat' dir='ltr'><strong>alterum</strong></span> <span class='ocrx_word' id='word_1_421' title='bbox 919 3749 1147 3816; x_wconf 89' lang='lat' dir='ltr'><strong>aberrantibus</strong></span> <span class='ocrx_word' id='word_1_422' title='bbox 1169 3751 1443 3838; x_wconf 90' lang='lat' dir='ltr'><strong>praetermittere.</strong></span> <span class='ocrx_word' id='word_1_423' title='bbox 1470 3748 1545 3816; x_wconf 88' lang='lat' dir='ltr'><strong>Huc</strong></span> <span class='ocrx_word' id='word_1_424' title='bbox 1567 3747 1708 3833; x_wconf 90' lang='lat' dir='ltr'><strong>accedit,</strong></span> <span class='ocrx_word' id='word_1_425' title='bbox 1732 3748 1816 3835; x_wconf 92' lang='lat' dir='ltr'><strong>quod</strong></span> <span class='ocrx_word' id='word_1_426' title='bbox 1838 3749 1871 3813; x_wconf 91' lang='lat' dir='ltr'><strong>in</strong></span> <span class='ocrx_word' id='word_1_427' title='bbox 1893 3747 2029 3833; x_wconf 89' lang='lat' dir='ltr'><strong>quibus-</strong></span> 
     </span>
     <span class='ocr_line' id='line_1_33' title="bbox 129 3846 2029 3940; baseline -0.006 -18"><span class='ocrx_word' id='word_1_428' title='bbox 129 3855 215 3922; x_wconf 88' lang='lat' dir='ltr'><strong>dam</strong></span> <span class='ocrx_word' id='word_1_429' title='bbox 237 3853 331 3918; x_wconf 89' lang='lat' dir='ltr'><strong>libris</strong></span> <span class='ocrx_word' id='word_1_430' title='bbox 353 3857 389 3918; x_wconf 81' lang='lat' dir='ltr'><strong>tie</strong></span> <span class='ocrx_word' id='word_1_431' title='bbox 416 3874 457 3916; x_wconf 85' lang='grc' dir='ltr'><strong>τε</strong></span> <span class='ocrx_word' id='word_1_432' title='bbox 485 3851 549 3916; x_wconf 78' lang='grc' dir='ltr'><strong><em>τῶν</em></strong></span> <span class='ocrx_word' id='word_1_433' title='bbox 569 3850 692 3936; x_wconf 79' lang='grc' dir='ltr'><strong><em>νεαρῶν</em></strong></span> <span class='ocrx_word' id='word_1_434' title='bbox 715 3846 748 3914; x_wconf 84' lang='grc'><strong>’1.</strong></span> <span class='ocrx_word' id='word_1_435' title='bbox 769 3851 802 3935; x_wconf 74' lang='grc' dir='ltr'><strong>β.</strong></span> <span class='ocrx_word' id='word_1_436' title='bbox 831 3849 989 3940; x_wconf 83' lang='lat' dir='ltr'><strong>babetur,</strong></span> <span class='ocrx_word' id='word_1_437' title='bbox 1024 3871 1110 3939; x_wconf 89' lang='lat' dir='ltr'><strong>quae</strong></span> <span class='ocrx_word' id='word_1_438' title='bbox 1138 3871 1194 3919; x_wconf 90' lang='lat' dir='ltr'><strong>res</strong></span> <span class='ocrx_word' id='word_1_439' title='bbox 1221 3851 1394 3919; x_wconf 80' lang='lat' dir='ltr'><strong>manifesto</strong></span> <span class='ocrx_word' id='word_1_440' title='bbox 1417 3857 1471 3917; x_wconf 89' lang='lat' dir='ltr'><strong>est</strong></span> <span class='ocrx_word' id='word_1_441' title='bbox 1491 3857 1693 3936; x_wconf 85' lang='lat' dir='ltr'><strong>argumento,</strong></span> <span class='ocrx_word' id='word_1_442' title='bbox 1719 3849 1841 3936; x_wconf 90' lang='lat' dir='ltr'><strong>aliquid</strong></span> <span class='ocrx_word' id='word_1_443' title='bbox 1870 3867 1913 3914; x_wconf 81' lang='lat' dir='ltr'><strong>ex</strong></span> <span class='ocrx_word' id='word_1_444' title='bbox 1942 3847 2029 3912; x_wconf 93' lang='lat' dir='ltr'><strong>tituli</strong></span> 
     </span>
     <span class='ocr_line' id='line_1_34' title="bbox 123 3949 2029 4043; baseline -0.005 -19"><span class='ocrx_word' id='word_1_445' title='bbox 123 3964 256 4024; x_wconf 85' lang='lat' dir='ltr'><strong>tenore</strong></span> <span class='ocrx_word' id='word_1_446' title='bbox 277 3951 496 4020; x_wconf 87' lang='lat' dir='ltr'><strong>intercidisse.</strong></span> <span class='ocrx_word' id='word_1_447' title='bbox 540 3949 614 4018; x_wconf 85' lang='lat' dir='ltr'><strong>Hoc</strong></span> <span class='ocrx_word' id='word_1_448' title='bbox 635 3954 672 4015; x_wconf 78' lang='lat' dir='ltr'><strong>tir</strong></span> <span class='ocrx_word' id='word_1_449' title='bbox 691 3973 727 4014; x_wconf 84' lang='grc' dir='ltr'><strong>τε</strong></span> <span class='ocrx_word' id='word_1_450' title='bbox 747 3951 851 4038; x_wconf 90' lang='lat' dir='ltr'><strong>euim,</strong></span> <span class='ocrx_word' id='word_1_451' title='bbox 881 3970 942 4038; x_wconf 93' lang='lat' dir='ltr'><strong>quo</strong></span> <span class='ocrx_word' id='word_1_452' title='bbox 969 3951 1144 4043; x_wconf 79' lang='lat' dir='ltr'><strong>referatur,</strong></span> <span class='ocrx_word' id='word_1_453' title='bbox 1171 3953 1368 4020; x_wconf 88' lang='lat' dir='ltr'><strong>nonhabet.</strong></span> <span class='ocrx_word' id='word_1_454' title='bbox 1412 3949 1563 4037; x_wconf 88' lang='lat' dir='ltr'><strong>Denique</strong></span> <span class='ocrx_word' id='word_1_455' title='bbox 1594 3951 1679 4018; x_wconf 88' lang='lat' dir='ltr'><strong>aliae</strong></span> <span class='ocrx_word' id='word_1_456' title='bbox 1701 3969 1827 4038; x_wconf 89' lang='lat' dir='ltr'><strong>quoque</strong></span> <span class='ocrx_word' id='word_1_457' title='bbox 1857 3949 1944 4037; x_wconf 84' lang='lat' dir='ltr'><strong>opud</strong></span> <span class='ocrx_word' id='word_1_458' title='bbox 1965 3967 2029 4016; x_wconf 91' lang='lat' dir='ltr'><strong>nu-</strong></span> 
     </span>
     <span class='ocr_line' id='line_1_35' title="bbox 121 4050 2028 4142; baseline -0.004 -20"><span class='ocrx_word' id='word_1_459' title='bbox 121 4066 245 4122; x_wconf 89' lang='lat' dir='ltr'><strong>strum</strong></span> <span class='ocrx_word' id='word_1_460' title='bbox 266 4053 458 4138; x_wconf 88' lang='lat' dir='ltr'><strong>scriptorem</strong></span> <span class='ocrx_word' id='word_1_461' title='bbox 479 4052 638 4118; x_wconf 88' lang='lat' dir='ltr'><strong>habentur</strong></span> <span class='ocrx_word' id='word_1_462' title='bbox 659 4051 813 4138; x_wconf 85' lang='lat' dir='ltr'><strong>lacunae,</strong></span> <span class='ocrx_word' id='word_1_463' title='bbox 835 4071 919 4138; x_wconf 83' lang='lat' dir='ltr'><strong>quae</strong></span> <span class='ocrx_word' id='word_1_464' title='bbox 941 4053 974 4120; x_wconf 92' lang='lat' dir='ltr'><strong>in</strong></span> <span class='ocrx_word' id='word_1_465' title='bbox 996 4055 1158 4142; x_wconf 90' lang='lat' dir='ltr'><strong>omnibus,</strong></span> <span class='ocrx_word' id='word_1_466' title='bbox 1180 4075 1261 4142; x_wconf 87' lang='lat' dir='ltr'><strong>qnos</strong></span> <span class='ocrx_word' id='word_1_467' title='bbox 1283 4073 1344 4138; x_wconf 84' lang='lat' dir='ltr'><strong>ego</strong></span> <span class='ocrx_word' id='word_1_468' title='bbox 1366 4051 1521 4139; x_wconf 89' lang='lat' dir='ltr'><strong>uiderim,</strong></span> <span class='ocrx_word' id='word_1_469' title='bbox 1549 4050 1715 4118; x_wconf 85' lang='lat' dir='ltr'><strong>codicibus</strong></span> <span class='ocrx_word' id='word_1_470' title='bbox 1743 4071 1821 4118; x_wconf 89' lang='lat' dir='ltr'><strong>mss.</strong></span> <span class='ocrx_word' id='word_1_471' title='bbox 1856 4050 2028 4138; x_wconf 87' lang='lat' dir='ltr'><strong>reperiun-</strong></span> 
     </span>
     <span class='ocr_line' id='line_1_36' title="bbox 119 4149 2027 4240; baseline -0.003 -16"><span class='ocrx_word' id='word_1_472' title='bbox 119 4167 199 4236; x_wconf 88' lang='lat' dir='ltr'><strong>tur,</strong></span> <span class='ocrx_word' id='word_1_473' title='bbox 228 4151 366 4238; x_wconf 91' lang='lat' dir='ltr'><strong>ideoque</strong></span> <span class='ocrx_word' id='word_1_474' title='bbox 387 4153 485 4218; x_wconf 90' lang='lat' dir='ltr'><strong>etiam</strong></span> <span class='ocrx_word' id='word_1_475' title='bbox 505 4153 539 4216; x_wconf 91' lang='lat' dir='ltr'><strong>in</strong></span> <span class='ocrx_word' id='word_1_476' title='bbox 560 4151 739 4238; x_wconf 86' lang='lat' dir='ltr'><strong>archetypo</strong></span> <span class='ocrx_word' id='word_1_477' title='bbox 761 4149 863 4218; x_wconf 86' lang='lat' dir='ltr'><strong>luisse</strong></span> <span class='ocrx_word' id='word_1_478' title='bbox 887 4153 1124 4222; x_wconf 84' lang='lat' dir='ltr'><strong>existimandae</strong></span> <span class='ocrx_word' id='word_1_479' title='bbox 1138 4161 1224 4222; x_wconf 77' lang='lat' dir='ltr'><strong>sunt.</strong></span> <span class='ocrx_word' id='word_1_480' title='bbox 1253 4153 1313 4222; x_wconf 90' lang='lat' dir='ltr'><strong>Sic</strong></span> <span class='ocrx_word' id='word_1_481' title='bbox 1326 4173 1370 4221; x_wconf 79' lang='lat' dir='ltr'><strong>ex</strong></span> <span class='ocrx_word' id='word_1_482' title='bbox 1384 4155 1503 4240; x_wconf 92' lang='lat' dir='ltr'><strong>capitis</strong></span> <span class='ocrx_word' id='word_1_483' title='bbox 1521 4149 1584 4217; x_wconf 87' lang='grc'><strong>23.</strong></span> <span class='ocrx_word' id='word_1_484' title='bbox 1598 4152 1837 4239; x_wconf 89' lang='lat' dir='ltr'><strong>subscriptione</strong></span> <span class='ocrx_word' id='word_1_485' title='bbox 1858 4152 2027 4219; x_wconf 79' lang='lat' dir='ltr'><strong>brectan-</strong></span> 
     </span>
     <span class='ocr_line' id='line_1_37' title="bbox 119 4250 2027 4342; baseline -0.004 -18"><span class='ocrx_word' id='word_1_486' title='bbox 119 4267 201 4326; x_wconf 89' lang='lat' dir='ltr'><strong>tum</strong></span> <span class='ocrx_word' id='word_1_487' title='bbox 223 4255 258 4320; x_wconf 92' lang='lat' dir='ltr'><strong>iu</strong></span> <span class='ocrx_word' id='word_1_488' title='bbox 276 4251 399 4318; x_wconf 89' lang='lat' dir='ltr'><strong>nostris</strong></span> <span class='ocrx_word' id='word_1_489' title='bbox 419 4251 511 4318; x_wconf 92' lang='lat' dir='ltr'><strong>codd.</strong></span> <span class='ocrx_word' id='word_1_490' title='bbox 532 4272 610 4318; x_wconf 87' lang='lat' dir='ltr'><strong>mss.</strong></span> <span class='ocrx_word' id='word_1_491' title='bbox 625 4251 749 4319; x_wconf 87' lang='lat' dir='ltr'><strong>relatae</strong></span> <span class='ocrx_word' id='word_1_492' title='bbox 765 4261 859 4318; x_wconf 86' lang='lat' dir='ltr'><strong>sunt:</strong></span> <span class='ocrx_word' id='word_1_493' title='bbox 881 4256 965 4319; x_wconf 82' lang='grc' dir='ltr'><strong><em>Δατ.</em></strong></span> <span class='ocrx_word' id='word_1_494' title='bbox 987 4257 1060 4337; x_wconf 70' lang='grc' dir='ltr'><strong>,ῖῐῑ</strong></span> <span class='ocrx_word' id='word_1_495' title='bbox 1104 4257 1216 4342; x_wconf 85' lang='lat' dir='ltr'><strong>Atque</strong></span> <span class='ocrx_word' id='word_1_496' title='bbox 1236 4257 1336 4322; x_wconf 83' lang='lat' dir='ltr'><strong>etium</strong></span> <span class='ocrx_word' id='word_1_497' title='bbox 1359 4255 1467 4340; x_wconf 85' lang='lat' dir='ltr'><strong>capite</strong></span> <span class='ocrx_word' id='word_1_498' title='bbox 1491 4250 1555 4318; x_wconf 91' lang='grc'><strong>25.</strong></span> <span class='ocrx_word' id='word_1_499' title='bbox 1578 4258 1655 4340; x_wconf 90' lang='lat' dir='ltr'><strong>post</strong></span> <span class='ocrx_word' id='word_1_500' title='bbox 1676 4250 1815 4332; x_wconf 77' lang='grc' dir='ltr'><strong><em>ἀκίνητα</em></strong></span> <span class='ocrx_word' id='word_1_501' title='bbox 1836 4253 1941 4320; x_wconf 83' lang='lat' dir='ltr'><strong>verbs</strong></span> <span class='ocrx_word' id='word_1_502' title='bbox 1962 4251 2027 4316; x_wconf 87' lang='grc' dir='ltr'><strong><em>ὅσα</em></strong></span> 
     </span>
     <span class='ocr_line' id='line_1_38' title="bbox 118 4349 2027 4444; baseline -0.002 -22"><span class='ocrx_word' id='word_1_503' title='bbox 118 4353 219 4440; x_wconf 70' lang='grc' dir='ltr'><strong>μετὰ</strong></span> <span class='ocrx_word' id='word_1_504' title='bbox 244 4351 305 4430; x_wconf 82' lang='grc' dir='ltr'><strong><em>τὴν</em></strong></span> <span class='ocrx_word' id='word_1_505' title='bbox 326 4349 500 4431; x_wconf 69' lang='grc' dir='ltr'><strong><em>ἐπισκοπὴν</em></strong></span> <span class='ocrx_word' id='word_1_506' title='bbox 520 4357 565 4429; x_wconf 73' lang='grc' dir='ltr'><strong><em>εις</em></strong></span> <span class='ocrx_word' id='word_1_507' title='bbox 586 4349 705 4429; x_wconf 81' lang='grc' dir='ltr'><strong><em>αὐτοὺς</em></strong></span> <span class='ocrx_word' id='word_1_508' title='bbox 726 4353 758 4420; x_wconf 91' lang='lat' dir='ltr'><strong>iu</strong></span> <span class='ocrx_word' id='word_1_509' title='bbox 787 4354 951 4444; x_wconf 86' lang='lat' dir='ltr'><strong>omnibus,</strong></span> <span class='ocrx_word' id='word_1_510' title='bbox 974 4375 1056 4442; x_wconf 90' lang='lat' dir='ltr'><strong>quos</strong></span> <span class='ocrx_word' id='word_1_511' title='bbox 1078 4374 1140 4442; x_wconf 83' lang='lat' dir='ltr'><strong>ego</strong></span> <span class='ocrx_word' id='word_1_512' title='bbox 1163 4353 1317 4444; x_wconf 91' lang='lat' dir='ltr'><strong>viderim,</strong></span> <span class='ocrx_word' id='word_1_513' title='bbox 1345 4355 1436 4420; x_wconf 90' lang='lat' dir='ltr'><strong>libris</strong></span> <span class='ocrx_word' id='word_1_514' title='bbox 1458 4354 1670 4441; x_wconf 84' lang='lat' dir='ltr'><strong>exciderunt,</strong></span> <span class='ocrx_word' id='word_1_515' title='bbox 1698 4373 1782 4442; x_wconf 90' lang='lat' dir='ltr'><strong>quae</strong></span> <span class='ocrx_word' id='word_1_516' title='bbox 1805 4361 1914 4420; x_wconf 86' lang='lat' dir='ltr'><strong>tamen</strong></span> <span class='ocrx_word' id='word_1_517' title='bbox 1936 4357 1971 4419; x_wconf 93' lang='lat' dir='ltr'><strong>et</strong></span> <span class='ocrx_word' id='word_1_518' title='bbox 1992 4351 2027 4417; x_wconf 90' lang='lat' dir='ltr'><strong>in</strong></span> 
     </span>
     <span class='ocr_line' id='line_1_39' title="bbox 118 4451 2027 4544; baseline -0.004 -19"><span class='ocrx_word' id='word_1_519' title='bbox 118 4461 298 4525; x_wconf 83' lang='lat' dir='ltr'><strong>contextu</strong></span> <span class='ocrx_word' id='word_1_520' title='bbox 317 4451 396 4520; x_wconf 79' lang='lat'><strong>168</strong></span> <span class='ocrx_word' id='word_1_521' title='bbox 410 4453 621 4521; x_wconf 89' lang='lat' dir='ltr'><strong>Novellarum</strong></span> <span class='ocrx_word' id='word_1_522' title='bbox 643 4457 859 4544; x_wconf 88' lang='lat' dir='ltr'><strong>reperiuntur,</strong></span> <span class='ocrx_word' id='word_1_523' title='bbox 880 4463 915 4522; x_wconf 90' lang='lat' dir='ltr'><strong>ct</strong></span> <span class='ocrx_word' id='word_1_524' title='bbox 933 4457 975 4523; x_wconf 91' lang='lat' dir='ltr'><strong>ab</strong></span> <span class='ocrx_word' id='word_1_525' title='bbox 997 4456 1058 4523; x_wconf 89' lang='lat' dir='ltr'><strong>boc</strong></span> <span class='ocrx_word' id='word_1_526' title='bbox 1074 4456 1281 4544; x_wconf 34' lang='lat' dir='ltr'><strong>locoqabesse</strong></span> <span class='ocrx_word' id='word_1_527' title='bbox 1303 4459 1477 4544; x_wconf 90' lang='lat' dir='ltr'><strong>nequeunt,</strong></span> <span class='ocrx_word' id='word_1_528' title='bbox 1500 4472 1571 4522; x_wconf 88' lang='lat' dir='ltr'><strong>cum</strong></span> <span class='ocrx_word' id='word_1_529' title='bbox 1592 4454 1735 4544; x_wconf 88' lang='lat' dir='ltr'><strong>alioquin</strong></span> <span class='ocrx_word' id='word_1_530' title='bbox 1758 4454 1925 4523; x_wconf 85' lang='lat' dir='ltr'><strong>sententio</strong></span> <span class='ocrx_word' id='word_1_531' title='bbox 1946 4469 2027 4519; x_wconf 90' lang='lat' dir='ltr'><strong>con·</strong></span> 
     </span>
     <span class='ocr_line' id='line_1_40' title="bbox 117 4555 756 4643; baseline -0.009 -17"><span class='ocrx_word' id='word_1_532' title='bbox 117 4555 321 4626; x_wconf 91' lang='lat' dir='ltr'><strong>stitutionis</strong></span> <span class='ocrx_word' id='word_1_533' title='bbox 343 4555 449 4622; x_wconf 86' lang='lat' dir='ltr'><strong>lutura</strong></span> <span class='ocrx_word' id='word_1_534' title='bbox 470 4556 515 4622; x_wconf 92' lang='lat' dir='ltr'><strong>sit</strong></span> <span class='ocrx_word' id='word_1_535' title='bbox 537 4556 634 4643; x_wconf 87' lang='lat' dir='ltr'><strong>plene</strong></span> <span class='ocrx_word' id='word_1_536' title='bbox 656 4555 756 4621; x_wconf 86' lang='lat' dir='ltr'><strong>nulls.</strong></span> 
     </span>
    </p>

    <p class='ocr_par' dir='ltr' id='par_1_3' title="bbox 116 4654 2029 5049">
     <span class='ocr_line' id='line_1_41' title="bbox 293 4654 2026 4744; baseline -0.002 -24"><span class='ocrx_word' id='word_1_537' title='bbox 293 4656 501 4742; x_wconf 74' lang='lat' dir='ltr'><strong>singularum</strong></span> <span class='ocrx_word' id='word_1_538' title='bbox 523 4657 804 4742; x_wconf 87' lang='lat' dir='ltr'><strong>constitutionum,</strong></span> <span class='ocrx_word' id='word_1_539' title='bbox 825 4675 909 4744; x_wconf 90' lang='lat' dir='ltr'><strong>quae</strong></span> <span class='ocrx_word' id='word_1_540' title='bbox 931 4655 1017 4744; x_wconf 92' lang='lat' dir='ltr'><strong>apud</strong></span> <span class='ocrx_word' id='word_1_541' title='bbox 1039 4663 1185 4724; x_wconf 90' lang='lat' dir='ltr'><strong>nostrum</strong></span> <span class='ocrx_word' id='word_1_542' title='bbox 1207 4659 1401 4744; x_wconf 87' lang='lat' dir='ltr'><strong>scriptorem</strong></span> <span class='ocrx_word' id='word_1_543' title='bbox 1417 4655 1543 4724; x_wconf 88' lang='lat' dir='ltr'><strong>relatae</strong></span> <span class='ocrx_word' id='word_1_544' title='bbox 1558 4661 1646 4742; x_wconf 90' lang='lat' dir='ltr'><strong>sunt,</strong></span> <span class='ocrx_word' id='word_1_545' title='bbox 1667 4663 1701 4724; x_wconf 88' lang='lat' dir='ltr'><strong>et</strong></span> <span class='ocrx_word' id='word_1_546' title='bbox 1715 4654 1885 4742; x_wconf 87' lang='lat' dir='ltr'><strong>inscriptio</strong></span> <span class='ocrx_word' id='word_1_547' title='bbox 1898 4657 2026 4720; x_wconf 87' lang='lat' dir='ltr'><strong>elcen-</strong></span> 
     </span>
     <span class='ocr_line' id='line_1_42' title="bbox 122 4756 2029 4846; baseline -0.005 -18"><span class='ocrx_word' id='word_1_548' title='bbox 122 4762 170 4828; x_wconf 85' lang='lat' dir='ltr'><strong>bn</strong></span> <span class='ocrx_word' id='word_1_549' title='bbox 209 4763 254 4826; x_wconf 88' lang='lat' dir='ltr'><strong>ct</strong></span> <span class='ocrx_word' id='word_1_550' title='bbox 285 4757 471 4844; x_wconf 90' lang='lat' dir='ltr'><strong>plerumque</strong></span> <span class='ocrx_word' id='word_1_551' title='bbox 499 4759 598 4825; x_wconf 87' lang='lat' dir='ltr'><strong>etism</strong></span> <span class='ocrx_word' id='word_1_552' title='bbox 625 4757 821 4842; x_wconf 89' lang='lat' dir='ltr'><strong>subscriptio</strong></span> <span class='ocrx_word' id='word_1_553' title='bbox 847 4759 996 4826; x_wconf 87' lang='lat' dir='ltr'><strong>habetur.</strong></span> <span class='ocrx_word' id='word_1_554' title='bbox 1042 4759 1222 4846; x_wconf 91' lang='lat' dir='ltr'><strong>Unicuique</strong></span> <span class='ocrx_word' id='word_1_555' title='bbox 1251 4763 1360 4823; x_wconf 86' lang='lat' dir='ltr'><strong>sutem</strong></span> <span class='ocrx_word' id='word_1_556' title='bbox 1391 4756 1474 4845; x_wconf 84' lang='lat' dir='ltr'><strong>legi,</strong></span> <span class='ocrx_word' id='word_1_557' title='bbox 1496 4757 1601 4844; x_wconf 90' lang='lat' dir='ltr'><strong>prima</strong></span> <span class='ocrx_word' id='word_1_558' title='bbox 1623 4763 1781 4843; x_wconf 85' lang='lat' dir='ltr'><strong>excepta,</strong></span> <span class='ocrx_word' id='word_1_559' title='bbox 1806 4758 2029 4840; x_wconf 83' lang='lat' dir='ltr'><strong>argumentum</strong></span> 
     </span>
     <span class='ocr_line' id='line_1_43' title="bbox 116 4853 2029 4948; baseline -0.004 -20"><span class='ocrx_word' id='word_1_560' title='bbox 116 4859 373 4948; x_wconf 83' lang='lat' dir='ltr'><strong>praeponitur,</strong></span> <span class='ocrx_word' id='word_1_561' title='bbox 411 4857 496 4946; x_wconf 90' lang='lat' dir='ltr'><strong>quod</strong></span> <span class='ocrx_word' id='word_1_562' title='bbox 524 4867 560 4926; x_wconf 92' lang='lat' dir='ltr'><strong>et</strong></span> <span class='ocrx_word' id='word_1_563' title='bbox 588 4861 692 4947; x_wconf 89' lang='lat' dir='ltr'><strong>ipsius</strong></span> <span class='ocrx_word' id='word_1_564' title='bbox 720 4859 867 4946; x_wconf 86' lang='lat' dir='ltr'><strong>opusculi</strong></span> <span class='ocrx_word' id='word_1_565' title='bbox 895 4867 1022 4946; x_wconf 90' lang='lat' dir='ltr'><strong>partem</strong></span> <span class='ocrx_word' id='word_1_566' title='bbox 1049 4859 1157 4927; x_wconf 82' lang='lat' dir='ltr'><strong>eflicit.</strong></span> <span class='ocrx_word' id='word_1_567' title='bbox 1222 4855 1309 4926; x_wconf 85' lang='lat' dir='ltr'><strong>Sunt</strong></span> <span class='ocrx_word' id='word_1_568' title='bbox 1345 4859 1430 4924; x_wconf 90' lang='lat' dir='ltr'><strong>enim</strong></span> <span class='ocrx_word' id='word_1_569' title='bbox 1457 4859 1505 4926; x_wconf 89' lang='lat' dir='ltr'><strong>ita</strong></span> <span class='ocrx_word' id='word_1_570' title='bbox 1533 4865 1734 4946; x_wconf 87' lang='lat' dir='ltr'><strong>comparata,</strong></span> <span class='ocrx_word' id='word_1_571' title='bbox 1775 4860 1809 4922; x_wconf 91' lang='lat' dir='ltr'><strong>ut</strong></span> <span class='ocrx_word' id='word_1_572' title='bbox 1836 4875 1857 4922; x_wconf 88' lang='lat' dir='ltr'><strong>a</strong></span> <span class='ocrx_word' id='word_1_573' title='bbox 1886 4853 2029 4920; x_wconf 90' lang='lat' dir='ltr'><strong>librariis</strong></span> 
     </span>
     <span class='ocr_line' id='line_1_44' title="bbox 121 4957 2026 5049; baseline -0.003 -21"><span class='ocrx_word' id='word_1_574' title='bbox 121 4963 263 5030; x_wconf 88' lang='lat' dir='ltr'><strong>scribis</strong></span> <span class='ocrx_word' id='word_1_575' title='bbox 286 4958 424 5044; x_wconf 83' lang='lat' dir='ltr'><strong>contingi</strong></span> <span class='ocrx_word' id='word_1_576' title='bbox 445 4979 509 5026; x_wconf 92' lang='lat' dir='ltr'><strong>non</strong></span> <span class='ocrx_word' id='word_1_577' title='bbox 530 4961 713 5046; x_wconf 91' lang='lat' dir='ltr'><strong>potuerint,</strong></span> <span class='ocrx_word' id='word_1_578' title='bbox 742 4968 778 5026; x_wconf 90' lang='lat' dir='ltr'><strong>et</strong></span> <span class='ocrx_word' id='word_1_579' title='bbox 799 4961 832 5026; x_wconf 92' lang='lat' dir='ltr'><strong>in</strong></span> <span class='ocrx_word' id='word_1_580' title='bbox 854 4960 1017 5049; x_wconf 90' lang='lat' dir='ltr'><strong>omnibus,</strong></span> <span class='ocrx_word' id='word_1_581' title='bbox 1046 4979 1129 5048; x_wconf 90' lang='lat' dir='ltr'><strong>quos</strong></span> <span class='ocrx_word' id='word_1_582' title='bbox 1151 4979 1213 5046; x_wconf 83' lang='lat' dir='ltr'><strong>ego</strong></span> <span class='ocrx_word' id='word_1_583' title='bbox 1232 4959 1389 5048; x_wconf 91' lang='lat' dir='ltr'><strong>viderim,</strong></span> <span class='ocrx_word' id='word_1_584' title='bbox 1419 4960 1511 5026; x_wconf 91' lang='lat' dir='ltr'><strong>libris</strong></span> <span class='ocrx_word' id='word_1_585' title='bbox 1539 4957 1768 5042; x_wconf 86' lang='lat' dir='ltr'><strong>marrnscriptis</strong></span> <span class='ocrx_word' id='word_1_586' title='bbox 1796 4957 1967 5039; x_wconf 89' lang='lat' dir='ltr'><strong>babeutur,</strong></span> <span class='ocrx_word' id='word_1_587' title='bbox 1991 4961 2026 5022; x_wconf 89' lang='lat' dir='ltr'><strong>et</strong></span> 
     </span>
    </p>

    <p class='ocr_par' dir='ltr' id='par_1_4' title="bbox 106 5053 2029 5656">
     <span class='ocr_line' id='line_1_45' title="bbox 115 5053 2028 5149; baseline -0.006 -19"><span class='ocrx_word' id='word_1_588' title='bbox 115 5065 284 5149; x_wconf 87' lang='lat' dir='ltr'><strong>denique</strong></span> <span class='ocrx_word' id='word_1_589' title='bbox 311 5079 383 5126; x_wconf 81' lang='lat' dir='ltr'><strong>clim</strong></span> <span class='ocrx_word' id='word_1_590' title='bbox 411 5061 677 5128; x_wconf 90' lang='lat' dir='ltr'><strong>constitutionum</strong></span> <span class='ocrx_word' id='word_1_591' title='bbox 705 5061 819 5126; x_wconf 87' lang='lat' dir='ltr'><strong>verbis</strong></span> <span class='ocrx_word' id='word_1_592' title='bbox 847 5062 895 5126; x_wconf 82' lang='lat' dir='ltr'><strong>itu</strong></span> <span class='ocrx_word' id='word_1_593' title='bbox 922 5070 1001 5126; x_wconf 88' lang='lat' dir='ltr'><strong>sunt</strong></span> <span class='ocrx_word' id='word_1_594' title='bbox 1029 5063 1219 5149; x_wconf 82' lang='lat' dir='ltr'><strong>coniuncta,</strong></span> <span class='ocrx_word' id='word_1_595' title='bbox 1261 5069 1298 5129; x_wconf 91' lang='lat' dir='ltr'><strong>ut</strong></span> <span class='ocrx_word' id='word_1_596' title='bbox 1325 5065 1367 5128; x_wconf 89' lang='lat' dir='ltr'><strong>ab</strong></span> <span class='ocrx_word' id='word_1_597' title='bbox 1399 5065 1452 5130; x_wconf 89' lang='lat' dir='ltr'><strong>his</strong></span> <span class='ocrx_word' id='word_1_598' title='bbox 1484 5064 1580 5130; x_wconf 86' lang='lat' dir='ltr'><strong>nullis</strong></span> <span class='ocrx_word' id='word_1_599' title='bbox 1614 5077 1751 5142; x_wconf 80' lang='lat' dir='ltr'><strong>umquem</strong></span> <span class='ocrx_word' id='word_1_600' title='bbox 1780 5057 1938 5124; x_wconf 89' lang='lat' dir='ltr'><strong>machinis</strong></span> <span class='ocrx_word' id='word_1_601' title='bbox 1974 5053 2028 5122; x_wconf 92' lang='lat' dir='ltr'><strong>di-</strong></span> 
     </span>
     <span class='ocr_line' id='line_1_46' title="bbox 112 5156 2029 5250; baseline -0.006 -18"><span class='ocrx_word' id='word_1_602' title='bbox 112 5166 203 5232; x_wconf 90' lang='lat' dir='ltr'><strong>velli</strong></span> <span class='ocrx_word' id='word_1_603' title='bbox 230 5167 375 5250; x_wconf 77' lang='lat' dir='ltr'><strong>queunt.</strong></span> <span class='ocrx_word' id='word_1_604' title='bbox 420 5159 498 5249; x_wconf 85' lang='lat' dir='ltr'><strong>Sic,</strong></span> <span class='ocrx_word' id='word_1_605' title='bbox 531 5170 566 5226; x_wconf 91' lang='lat' dir='ltr'><strong>ut</strong></span> <span class='ocrx_word' id='word_1_606' title='bbox 588 5161 749 5247; x_wconf 83' lang='lat' dir='ltr'><strong>exemplis</strong></span> <span class='ocrx_word' id='word_1_607' title='bbox 770 5168 863 5248; x_wconf 91' lang='lat' dir='ltr'><strong>utar,</strong></span> <span class='ocrx_word' id='word_1_608' title='bbox 901 5181 973 5226; x_wconf 91' lang='lat' dir='ltr'><strong>cum</strong></span> <span class='ocrx_word' id='word_1_609' title='bbox 996 5165 1130 5248; x_wconf 91' lang='lat' dir='ltr'><strong>primum</strong></span> <span class='ocrx_word' id='word_1_610' title='bbox 1152 5165 1326 5250; x_wconf 89' lang='lat' dir='ltr'><strong>capitulum</strong></span> <span class='ocrx_word' id='word_1_611' title='bbox 1348 5165 1526 5232; x_wconf 78' lang='lat' dir='ltr'><strong>&#39;fbeodosii</strong></span> <span class='ocrx_word' id='word_1_612' title='bbox 1553 5157 1838 5244; x_wconf 81' lang='lat' dir='ltr'><strong>valentinianique</strong></span> <span class='ocrx_word' id='word_1_613' title='bbox 1866 5156 2029 5224; x_wconf 89' lang='lat' dir='ltr'><strong>constitu-</strong></span> 
     </span>
     <span class='ocr_line' id='line_1_47' title="bbox 111 5257 2027 5346; baseline -0.006 -14"><span class='ocrx_word' id='word_1_614' title='bbox 111 5267 255 5334; x_wconf 85' lang='lat' dir='ltr'><strong>tionem</strong></span> <span class='ocrx_word' id='word_1_615' title='bbox 284 5260 422 5339; x_wconf 80' lang='lat' dir='ltr'><strong>habeat‚</strong></span> <span class='ocrx_word' id='word_1_616' title='bbox 453 5260 589 5326; x_wconf 82' lang='lat' dir='ltr'><strong>secundi</strong></span> <span class='ocrx_word' id='word_1_617' title='bbox 610 5267 832 5346; x_wconf 82' lang='lat' dir='ltr'><strong>argumentum</strong></span> <span class='ocrx_word' id='word_1_618' title='bbox 860 5262 921 5328; x_wconf 82' lang='lat' dir='ltr'><strong>hoe</strong></span> <span class='ocrx_word' id='word_1_619' title='bbox 946 5269 1016 5327; x_wconf 72' lang='lat' dir='ltr'><strong>ests</strong></span> <span class='ocrx_word' id='word_1_620' title='bbox 1059 5260 1359 5331; x_wconf 83' lang='grc' dir='ltr'><strong><em>’1ουστινιανοῦ</em></strong></span> <span class='ocrx_word' id='word_1_621' title='bbox 1390 5268 1463 5330; x_wconf 83' lang='grc' dir='ltr'><strong>τοῦ</strong></span> <span class='ocrx_word' id='word_1_622' title='bbox 1491 5257 1797 5346; x_wconf 77' lang='grc' dir='ltr'><strong><em>εὐσεβεστάτου</em></strong></span> <span class='ocrx_word' id='word_1_623' title='bbox 1822 5257 2027 5342; x_wconf 74' lang='grc' dir='ltr'><strong><em>βασιλέως</em></strong></span> 
     </span>
     <span class='ocr_line' id='line_1_48' title="bbox 107 5355 2027 5456; baseline -0.006 -25"><span class='ocrx_word' id='word_1_624' title='bbox 107 5371 188 5456; x_wconf 78' lang='grc' dir='ltr'><strong><em>περὶ</em></strong></span> <span class='ocrx_word' id='word_1_625' title='bbox 214 5357 451 5431; x_wconf 77' lang='grc' dir='ltr'><strong><em>τελευτώντων</em></strong></span> <span class='ocrx_word' id='word_1_626' title='bbox 472 5383 504 5426; x_wconf 87' lang='grc' dir='ltr'><strong>κ.</strong></span> <span class='ocrx_word' id='word_1_627' title='bbox 525 5383 553 5424; x_wconf 89' lang='grc' dir='ltr'><strong>τ.</strong></span> <span class='ocrx_word' id='word_1_628' title='bbox 576 5364 597 5427; x_wconf 79' lang='lat' dir='ltr'><strong>t:</strong></span> <span class='ocrx_word' id='word_1_629' title='bbox 620 5361 788 5449; x_wconf 87' lang='lat' dir='ltr'><strong>ipsiusque</strong></span> <span class='ocrx_word' id='word_1_630' title='bbox 809 5361 1051 5428; x_wconf 83' lang='lat' dir='ltr'><strong>constitutionis</strong></span> <span class='ocrx_word' id='word_1_631' title='bbox 1073 5364 1242 5452; x_wconf 85' lang='lat' dir='ltr'><strong>inscriptio</strong></span> <span class='ocrx_word' id='word_1_632' title='bbox 1264 5367 1313 5432; x_wconf 89' lang='lat' dir='ltr'><strong>sic</strong></span> <span class='ocrx_word' id='word_1_633' title='bbox 1335 5365 1453 5430; x_wconf 88' lang='lat' dir='ltr'><strong>habel:</strong></span> <span class='ocrx_word' id='word_1_634' title='bbox 1483 5361 1501 5427; x_wconf 88' lang='grc' dir='ltr'><strong>ὁ</strong></span> <span class='ocrx_word' id='word_1_635' title='bbox 1524 5359 1651 5436; x_wconf 82' lang='grc' dir='ltr'><strong><em>αὐτὸς</em></strong></span> <span class='ocrx_word' id='word_1_636' title='bbox 1671 5357 1873 5444; x_wconf 77' lang='grc' dir='ltr'><strong><em>βασιλεὺς</em></strong></span> <span class='ocrx_word' id='word_1_637' title='bbox 1892 5355 2027 5424; x_wconf 80' lang='grc' dir='ltr'><strong><em>Ἰουλια-</em></strong></span> 
     </span>
     <span class='ocr_line' id='line_1_49' title="bbox 106 5457 2027 5554; baseline -0.002 -27"><span class='ocrx_word' id='word_1_638' title='bbox 106 5491 158 5554; x_wconf 75' lang='grc' dir='ltr'><strong>σῳ</strong></span> <span class='ocrx_word' id='word_1_639' title='bbox 183 5463 341 5551; x_wconf 69' lang='grc' dir='ltr'><strong><em>ἐπάρχῳ</em></strong></span> <span class='ocrx_word' id='word_1_640' title='bbox 369 5464 578 5548; x_wconf 72' lang='grc' dir='ltr'><strong><em>πραιταριων.</em></strong></span> <span class='ocrx_word' id='word_1_641' title='bbox 629 5462 723 5537; x_wconf 77' lang='lat' dir='ltr'><strong>Quae</strong></span> <span class='ocrx_word' id='word_1_642' title='bbox 751 5463 899 5551; x_wconf 87' lang='lat' dir='ltr'><strong>numquis</strong></span> <span class='ocrx_word' id='word_1_643' title='bbox 927 5483 993 5530; x_wconf 89' lang='lat' dir='ltr'><strong>uon</strong></span> <span class='ocrx_word' id='word_1_644' title='bbox 1021 5465 1137 5532; x_wconf 85' lang='lat' dir='ltr'><strong>videat</strong></span> <span class='ocrx_word' id='word_1_645' title='bbox 1162 5465 1205 5532; x_wconf 90' lang='lat' dir='ltr'><strong>ad</strong></span> <span class='ocrx_word' id='word_1_646' title='bbox 1233 5466 1288 5530; x_wconf 88' lang='lat' dir='ltr'><strong>illa</strong></span> <span class='ocrx_word' id='word_1_647' title='bbox 1310 5467 1382 5530; x_wconf 88' lang='lat' dir='ltr'><strong>sola</strong></span> <span class='ocrx_word' id='word_1_648' title='bbox 1404 5462 1710 5529; x_wconf 78' lang='grc' dir='ltr'><strong><em>Ἰοοστινιανού</em></strong></span> <span class='ocrx_word' id='word_1_649' title='bbox 1739 5485 1768 5526; x_wconf 92' lang='grc' dir='ltr'><strong>τ.</strong></span> <span class='ocrx_word' id='word_1_650' title='bbox 1799 5485 1824 5526; x_wconf 87' lang='grc' dir='ltr'><strong>ε.</strong></span> <span class='ocrx_word' id='word_1_651' title='bbox 1857 5461 1887 5544; x_wconf 81' lang='grc' dir='ltr'><strong>β.</strong></span> <span class='ocrx_word' id='word_1_652' title='bbox 1921 5457 2027 5525; x_wconf 76' lang='lat' dir='ltr'><strong>relati</strong></span> 
     </span>
     <span class='ocr_line' id='line_1_50' title="bbox 106 5555 2027 5656; baseline -0.008 -17"><span class='ocrx_word' id='word_1_653' title='bbox 106 5560 234 5638; x_wconf 72' lang='lat' dir='ltr'><strong>esset</strong></span> <span class='ocrx_word' id='word_1_654' title='bbox 290 5560 977 5654; x_wconf 78' lang='lat' dir='ltr'><strong>idemquelsctumesseuideasincap.</strong></span> <span class='ocrx_word' id='word_1_655' title='bbox 1001 5564 1049 5656; x_wconf 91' lang='grc'><strong>5.,</strong></span> <span class='ocrx_word' id='word_1_656' title='bbox 1088 5563 1137 5656; x_wconf 85' lang='lat' dir='ltr'><strong>e,</strong></span> <span class='ocrx_word' id='word_1_657' title='bbox 1177 5563 1295 5652; x_wconf 82' lang='grc'><strong>7.,8,</strong></span> <span class='ocrx_word' id='word_1_658' title='bbox 1324 5560 1373 5654; x_wconf 86' lang='grc'><strong>9,</strong></span> <span class='ocrx_word' id='word_1_659' title='bbox 1411 5564 1485 5652; x_wconf 75' lang='lat' dir='ltr'><strong>il),</strong></span> <span class='ocrx_word' id='word_1_660' title='bbox 1518 5565 1592 5652; x_wconf 91' lang='grc'><strong>11,</strong></span> <span class='ocrx_word' id='word_1_661' title='bbox 1623 5559 1694 5644; x_wconf 85' lang='grc'><strong>12,</strong></span> <span class='ocrx_word' id='word_1_662' title='bbox 1734 5560 1806 5652; x_wconf 81' lang='grc'><strong>14,</strong></span> <span class='ocrx_word' id='word_1_663' title='bbox 1844 5558 1918 5648; x_wconf 88' lang='grc'><strong>15,</strong></span> <span class='ocrx_word' id='word_1_664' title='bbox 1954 5555 2027 5646; x_wconf 87' lang='grc'><strong>16,</strong></span> 
     </span>
    </p>
   </div>
   <div class='ocr_carea' id='block_1_3' title="bbox 294 5783 1069 5854">
    <p class='ocr_par' dir='ltr' id='par_1_5' title="bbox 294 5783 1069 5854">
     <span class='ocr_line' id='line_1_51' title="bbox 294 5783 1069 5854; baseline 0 -15"><span class='ocrx_word' id='word_1_665' title='bbox 294 5785 342 5846; x_wconf 77' lang='lat' dir='ltr'><strong>te)</strong></span> <span class='ocrx_word' id='word_1_666' title='bbox 360 5785 387 5836; x_wconf 77' lang='lat' dir='ltr'><strong>ts</strong></span> <span class='ocrx_word' id='word_1_667' title='bbox 403 5800 431 5836; x_wconf 86' lang='grc' dir='ltr'><strong><em>τι</em></strong></span> <span class='ocrx_word' id='word_1_668' title='bbox 448 5785 521 5836; x_wconf 82' lang='lat' dir='ltr'><strong>nor.</strong></span> <span class='ocrx_word' id='word_1_669' title='bbox 538 5783 608 5854; x_wconf 81' lang='grc'><strong>211,</strong></span> <span class='ocrx_word' id='word_1_670' title='bbox 626 5789 712 5839; x_wconf 79' lang='lat' dir='ltr'><strong>earu.</strong></span> <span class='ocrx_word' id='word_1_671' title='bbox 731 5788 806 5842; x_wconf 75' lang='grc'><strong>1331.</strong></span> <span class='ocrx_word' id='word_1_672' title='bbox 824 5792 852 5839; x_wconf 89' lang='lat' dir='ltr'><strong>et</strong></span> <span class='ocrx_word' id='word_1_673' title='bbox 870 5789 943 5842; x_wconf 74' lang='grc'><strong>1315.</strong></span> <span class='ocrx_word' id='word_1_674' title='bbox 963 5791 1069 5840; x_wconf 78' lang='lat' dir='ltr'><strong>hebent.</strong></span> 
     </span>
    </p>
   </div>
   <div class='ocr_carea' id='block_1_4' title="bbox 0 0 2406 7060">
    <p class='ocr_par' dir='ltr' id='par_1_6' title="bbox 0 0 2406 7060">
     <span class='ocr_line' id='line_1_52' title="bbox 0 0 2406 7060; baseline 0 0"><span class='ocrx_word' id='word_1_675' title='bbox 0 0 2406 7060; x_wconf 95' lang='lat' dir='ltr'><strong> </strong></span> 
     </span>
    </p>
   </div>
  </div>
 </body>
</html>
