4864 7070
372 595 453 640 xviii
784 509 790 524 ι
1111 561 1527 658 1¹a0nliiitiliiiiiA

370 775 480 846 parum
506 758 672 824 commode
699 765 889 845 repetantur
903 754 949 848 ¹).
993 757 1109 844 ltaque
1137 775 1200 822 non
1223 755 1351 848 dubito,
1379 758 1456 844 quin
1487 755 1572 842 quod
1599 755 1632 821 in
1664 751 1849 838 Theophila
1882 751 2045 818 accidisse
2072 751 2233 838 videmos,

369 859 454 924 idem
475 855 517 923 de
538 857 600 922 hoc
623 857 795 925 Athanasii
815 859 894 926 libro
917 859 1033 924 lactum
1056 877 1134 924 esse
1155 859 1319 950 videatur,
1342 861 1402 925 hoc
1424 865 1496 946 est,
1517 863 1552 922 ut
1574 857 1634 922 hos
1657 856 1865 942 capitulorum
1887 853 1999 919 titulos
2017 874 2038 922 a
2059 855 2139 920 iuris
2161 863 2237 922 stu-

370 959 472 1024 diosis
493 957 624 1024 additos
646 979 723 1026 esse
746 960 930 1046 credamus,
961 977 1033 1024 cum
1062 961 1255 1046 praesertim
1275 964 1314 1052 ii,
1344 963 1396 1048 qui
1419 979 1462 1024 ex
1486 957 1659 1024 Athanasii
1688 958 1769 1022 libro
1792 955 1824 1019 iu
1846 955 2044 1040 tripartitam
2072 955 2237 1023 Pseudo-

369 1059 584 1127 Botromonir
605 1061 825 1128 collectionem
853 1061 958 1144 legum
980 1062 1276 1128 ecclesiasticarum
1304 1063 1481 1147 migrarunt
1508 1067 1578 1126 tres
1600 1058 1700 1145 tituli,
1727 1057 1902 1142 vestigium
1932 1058 2003 1122 eius
2025 1059 2072 1124 rei
2095 1059 2237 1126 habeant
2310 1146 2315 1157 .

369 1163 465 1248 piane
487 1161 606 1227 nullum
631 1161 769 1248 ideoque
791 1167 934 1227 nostram
948 1151 1045 1227 ¹illam
1067 1163 1284 1229 coniecturam
1313 1181 1426 1230 omnes
1447 1163 1481 1228 in
1502 1167 1616 1247 partes
1638 1158 1837 1224 coniirmeut.
1881 1155 1971 1246 Ego,
2003 1159 2055 1224 ulri
2076 1159 2238 1246 capitulo-

340 1253 437 1328 'rnm
466 1281 615 1328 numeros
643 1263 816 1348 titulosque
843 1265 876 1328 in
904 1257 1090 1349 apographo
1124 1284 1196 1332 meo
1225 1284 1268 1330 ex
1292 1263 1413 1331 Codice
1441 1261 1621 1328 Parisiensi
1656 1277 1835 1346 expressas
1869 1265 2084 1346 enotatosqne
2114 1260 2237 1347 inveni,

369 1365 523 1449 religiose
545 1382 616 1428 eam
638 1381 706 1428 rem
727 1365 759 1429 in
781 1365 868 1429 notis
889 1363 1093 1430 indicandam
1115 1367 1238 1452 putavi,
1259 1386 1322 1432 non
1342 1384 1404 1452 quo
1417 1363 1546 1428 multum
1568 1359 1719 1426 utilitatis
1739 1359 1816 1426 inde
1835 1361 1877 1426 ad
1891 1359 1976 1425 hunc
1997 1361 2109 1426 librum
2131 1361 2236 1426 casti-

368 1466 507 1552 gandum
529 1463 826 1552 emendandumque
848 1463 1098 1531 redundaturum
1121 1468 1314 1556 arbitrarer,
1342 1485 1473 1551 verum,
1501 1469 1537 1528 ut
1558 1479 1600 1528 ne
1622 1461 1794 1550 quidquam
1815 1462 2123 1547 praetermitterem,
2150 1461 2237 1548 quod

368 1566 473 1632 doctis
496 1565 607 1632 harum
628 1585 733 1630 reram
754 1565 883 1632 arbitris
905 1565 946 1632 ad
968 1573 1137 1633 externam
1158 1567 1377 1634 Athanasiani
1405 1565 1515 1653 operis
1534 1563 1669 1630 formam
1690 1561 1937 1628 describendam
1959 1561 2236 1650 definiendamque

367 1667 530 1754 prodesse
563 1673 689 1753 posset.

494 1767 674 1854 Unicuique
695 1785 738 1834 ex
760 1765 882 1832 duobus
904 1773 939 1832 et
960 1767 1090 1856 viginti,
1120 1787 1163 1834 ex
1186 1769 1300 1855 quibus
1328 1775 1473 1836 nostrum
1500 1768 1609 1854 legum
1634 1783 1752 1850 corpus
1776 1770 1921 1853 constat,
1943 1765 2062 1853 titulis,
2083 1764 2236 1851 exeeptis

369 1868 450 1934 solis
479 1867 580 1932 titulis
613 1865 673 1934 16.
710 1864 770 1932 19.
813 1865 895 1955 21,
926 1868 1105 1952 paederota
1132 1869 1243 1936 addita
1272 1877 1364 1958 sunt,
1397 1870 1460 1938 hoc
1488 1875 1542 1936 est
1568 1869 1709 1933 locorum
1737 1864 1884 1932 similium
1925 1885 1967 1933 ex
2002 1867 2136 1954 reliquis
2164 1869 2237 1932 eius

369 1970 480 2057 aperis
501 1971 602 2035 titulis
630 1969 671 2035 ad
694 1969 841 2055 quemvis
870 1969 996 2034 titulum
1017 1970 1241 2054 appositiones
1258 1966 1307 2062 ²).
1351 1969 1410 2037 Sic
1437 1975 1528 2037 certe
1555 1970 1588 2034 in
1617 1966 2017 2034 Pseudo-nouamque
2044 1969 2236 2036 collectione

369 2071 631 2136 constitutionum
654 2071 948 2136 ecclesiasticarum
971 2069 1135 2155 tripartita
1156 2071 1197 2137 ad
1219 2072 1314 2139 linem
1336 2074 1489 2158 cuiusque
1511 2070 1593 2136 tituli
1615 2068 1787 2134 Iustiniani
1809 2068 1958 2156 Codicis,
1984 2069 2236 2158 Institutionum,

368 2172 577 2258 Digestorum
605 2171 667 2236 loci
696 2171 820 2237 similes
842 2190 884 2236 ex
911 2170 1027 2236 iisdem
1048 2173 1153 2255 legum
1182 2173 1368 2260 corporibus
1396 2173 1540 2259 collecti,
1566 2171 1689 2238 additis
1716 2171 1801 2256 libri,
1832 2170 1980 2257 titulique
2008 2177 2043 2237 et
2063 2170 2236 2257 fragmenti

368 2275 526 2360 numeris,
554 2272 673 2338 adiecti
700 2279 785 2336 sunt.
831 2272 904 2337 Nec
931 2272 1005 2359 ipsa
1027 2273 1119 2338 vocis
1147 2275 1342 2360 etymologia
1364 2280 1534 2361 repugnat.
1577 2272 1679 2360 Nam,
1708 2287 1792 2356 quae
1819 2277 1951 2357 praeter
1979 2273 2063 2337 tituli
2086 2279 2235 2340 tenorem

368 2374 410 2442 ad
432 2373 568 2440 eandem
590 2375 796 2438 extrinsecus
817 2375 1024 2462 adiiciuntur,
1046 2371 1159 2440 eodem
1181 2373 1274 2442 modo
1295 2373 1480 2460 παροίτιτλα
1501 2373 1660 2463 dicentur,
1680 2391 1742 2459 quo
1758 2372 1852 2439 moda
1873 2371 2044 2461 πάρεργον,
2066 2369 2235 2459 παρυνώμ·

369 2499 460 2563 apice,
482 2471 677 2564 παραξιηιίς,
699 2471 906 2559 παράσημος,
936 2472 1122 2558 aspendio,
1145 2473 1319 2562 πάρεδρος,
1348 2474 1498 2562 πάροδος,
1521 2475 1640 2540 similia
1658 2473 1873 2559 reperiuntur.
1919 2475 2027 2560 Atque
2049 2474 2118 2558 hic,
2138 2494 2234 2560 quem

369 2576 523 2663 diximuS,
551 2573 772 2661 paratitlorum
801 2595 896 2662 usuS,
930 2593 950 2640 a
978 2575 1156 2642 lastiniauo
1182 2577 1377 2662 imperatore
1403 2578 1537 2644 disertis
1564 2575 1676 2643 verbis
1704 2575 1910 2640 confirmatus
1924 2569 1978 2665 ³),
2010 2576 2130 2640 mansit
2150 2575 2236 2662 apud

369 2675 517 2746 Graecas
544 2677 673 2762 integer
694 2683 729 2742 et
750 2678 963 2742 inconcussus
991 2677 1033 2743 ad
1055 2679 1273 2744 remotissima
1299 2698 1402 2765 usqne
1429 2689 1588 2766 tempora.
1633 2675 1833 2743 Matthaeus
1853 2676 2029 2744 monachus
2050 2684 2141 2742 certe
2163 2677 2237 2762 qui-

368 2778 441 2846 dem
463 2782 497 2845 in
518 2777 719 2864 praefatione
741 2779 958 2864 syntagmatis
980 2797 1139 2845 canonum
1155 2782 1185 2863 ⁴)
1214 2779 1328 2847 eodem
1349 2782 1443 2849 modo
1465 2799 1581 2848 vocem
1608 2776 1791 2862 ποροίκιτλιι
1811 2779 1974 2864 exposuit.
2016 2776 2109 2843 ldem
2129 2775 2236 2862 signi-

367 2880 443 2946 ticat
470 2880 667 2946 scholiastes
689 2878 903 2946 Basilicarum
918 2881 966 2967 ⁵),
1002 2881 1072 2968 qni,
1101 2879 1244 2969 cum-id,
1271 2877 1313 2946 de
1338 2901 1400 2967 qua
1427 2885 1550 2971 agitur,
1577 2882 1609 2946 in
1634 2879 1757 2968 indice,
1785 2879 1846 2944 hoc
1874 2884 1928 2970 est
1955 2879 1988 2944 in
2017 2878 2109 2945 brevi
2136 2881 2237 2946 totius

368 2981 450 3046 tituli
478 2979 719 3047 adumbratione
748 2981 924 3046 secundum
946 2981 1142 3065 singularum
1169 2982 1276 3067 legum
1304 2985 1589 3072 consequentiam,
1617 2981 1753 3066 reperiri
1781 2981 1965 3067 negaverit,
1992 2980 2128 3067 ideoque
2150 2979 2237 3045 inter

368 3081 437 3145 eius
459 3081 543 3144 tituli
572 3083 724 3168 paratitla
752 3081 917 3170 retulerit,
945 3084 1020 3169 quid
1042 3081 1149 3171 aliud,
1176 3103 1270 3170 qnam
1298 3085 1472 3152 manifesto
1494 3088 1640 3150 nostram
1672 3081 1854 3169 opinionem
1886 3072 2078 3148 confirmati
2120 3081 2236 3148 Nostri

367 3187 474 3246 autem
496 3181 566 3247 libri
588 3184 740 3268 paratitla
762 3191 840 3249 sunt
860 3185 908 3249 ita
929 3190 1132 3271 comparata,
1162 3191 1196 3249 ut
1216 3186 1259 3252 ad
1280 3185 1375 3253 tinem
1405 3187 1496 3254 unias
1518 3185 1673 3269 cuiusque
1695 3183 1797 3270 tituli,
1835 3201 1918 3269 quae
1940 3201 1983 3248 ex
2005 3181 2138 3270 reliquis
2160 3185 2233 3250 eius

366 3282 440 3348 libri
462 3282 566 3348 titulis
588 3283 631 3349 ad
653 3302 743 3373 enm,
770 3285 813 3349 de
836 3305 898 3370 quo
920 3286 1102 3373 quaeritur,
1137 3287 1260 3351 titulum
1289 3289 1426 3378 desunt,
1461 3287 1602 3353 arimeris
1633 3285 1717 3350 tituli
1753 3285 2057 3371 constitutionisque
2085 3282 2237 3371 adiectiS,

368 3384 545 3450 secundum
572 3385 673 3450 totius
708 3388 817 3471 operis
841 3388 1111 3472 ,consequentiam
1133 3395 1167 3453 et
1196 3388 1356 3454 addantur
1384 3396 1418 3455 et
1445 3387 1667 3474 suppleantur.
1709 3385 1749 3452 ln
1778 3407 1840 3472 quo
1867 3386 1945 3453 illud
1974 3407 2069 3452 unum
2096 3385 2237 3452 dubitari

367 3492 492 3578 potest,
520 3487 631 3552 sintne
651 3485 693 3551 ad
715 3484 868 3574 eundem,
897 3488 940 3554 ad
962 3509 1057 3574 quem
1078 3496 1121 3554 et.
1138 3490 1243 3575 ipsum
1265 3490 1476 3556 Novellarum
1505 3507 1623 3575 corpus
1651 3490 1811 3578 pertinet,
1840 3490 2031 3576 scriptorem
2052 3485 2237 3578 reserenda,

368 3607 409 3654 an
431 3608 507 3654 non.
549 3584 596 3651 Et
620 3586 794 3652 Athanasii
817 3590 943 3675 quidem
965 3609 1042 3656 esse
1065 3597 1100 3656 et
1120 3589 1204 3656 hacc
1223 3591 1295 3676 ipsa
1318 3591 1470 3676 paratitla
1490 3597 1526 3656 ut
1547 3589 1693 3678 credam,
1717 3591 1796 3656 facit
1817 3591 1889 3676 ipse
1911 3588 2043 3655 Codicis
2065 3587 2237 3654 Parisien-

367 3691 415 3754 sis
436 3707 568 3753 numero
594 3683 710 3752 1381.
733 3689 853 3772 signati
875 3690 918 3756 ad
939 3691 1102 3756 titulorum
1128 3691 1266 3757 indicem
1296 3691 1348 3758 iol.
1372 3689 1408 3758 9.
1430 3692 1471 3758 B.
1499 3691 1648 3758 adiectus
1674 3691 1747 3757 libri
1776 3693 1889 3757 titulus
1909 3697 1944 3756 et
1965 3688 2096 3757 Codicis
2117 3690 2241 3757 liona-

366 3789 478 3855 censis
498 3789 585 3854 inter
607 3785 754 3854 Graecos
776 3789 905 3873 Regiae
924 3789 1140 3857 bibliothecae
1162 3793 1261 3858 libros
1282 3813 1412 3860 numero
1435 3790 1527 3858 383.
1549 3793 1670 3877 signati
1690 3793 1790 3860 index
1812 3795 1866 3859 iol.
1889 3791 1926 3858 4.
1948 3793 1988 3858 Β.
2032 3794 2129 3882 Vide,
2151 3811 2236 3881 quae

367 3887 408 3955 de
430 3889 482 3954 his
504 3891 611 3975 capite
633 3889 659 3954 l.
683 3889 931 3975 disputavimus.
976 3890 1115 3958 Accedit
1135 3899 1170 3958 et
1191 3892 1384 3980 reliquorum
1406 3894 1567 3982 codicum,
1594 3893 1648 3959 ubi
1669 3896 1843 3962 Athanasii
1866 3895 2046 3980 fragmenta
2067 3895 2236 3983 habentur,

367 3989 561 4078 auctoritaS,
582 4010 666 4076 quae
687 3991 889 4055 coniunctam
912 4009 989 4058 esse
1011 4011 1083 4059 cum
1103 3995 1240 4079 singulis
1267 3994 1370 4060 titulis
1392 3996 1615 4081 paratitlorum
1636 3999 1792 4065 rationem
1814 3999 1897 4065 satis
1920 3997 2083 4064 ostendat.
2128 3995 2235 4063 Deni-

367 4110 430 4178 que
451 4092 498 4176 is,
521 4091 574 4177 qui
597 4089 732 4157 Ριιιιδο
746 4129 767 4142 -
780 4091 995 4159 Batoaoionia
1017 4093 1239 4163 collectionem
1261 4097 1522 4163 constitutionum
1544 4098 1841 4165 ecclesiasticarum
1863 4100 2057 4186 tripartitam
2079 4099 2236 4186 compila-

366 4195 432 4281 vit,
458 4202 493 4258 et
515 4194 561 4279 is,
589 4195 641 4279 qui
664 4213 735 4258 enm
759 4193 1039 4282 Nomocanonem,
1067 4197 1152 4263 unde
1175 4199 1312 4264 Photius
1342 4219 1432 4264 sunm
1461 4197 1641 4286 derivavit,
1669 4208 1866 4290 composuit,
1894 4202 1946 4288 qui
1969 4201 2009 4266 ab
2031 4200 2236 4286 imperatoris

367 4295 535 4362 iustiniani
556 4299 668 4360 aetate
683 4314 745 4360 non
766 4295 813 4359 ita
835 4297 962 4361 multum
985 4296 1167 4386 abluerunt,
1188 4299 1406 4365 Athanasiani
1427 4300 1538 4384 operis
1566 4299 1730 4366 codicibus
1752 4303 1997 4390 manuscriptis,
2025 4301 2078 4366 ubi
2098 4301 2236 4385 singulis

367 4395 545 4483 quibusque
566 4395 670 4460 titulis
692 4395 844 4480 paratitla
864 4397 1011 4463 subiecta
1033 4397 1167 4488 suerint,
1192 4401 1243 4466 usi
1265 4419 1342 4468 esse
1364 4400 1577 4487 reperiuntur.
1623 4401 1709 4468 Nam
1731 4410 1766 4469 et
1792 4404 1931 4491 priomm
1961 4403 2054 4470 trium
2074 4403 2236 4472 titulorum

366 4495 519 4584 paratitlo
545 4497 580 4562 in
608 4497 736 4563 tertiam
772 4497 857 4563 illius
884 4500 1030 4586 corporis
1058 4506 1183 4587 partem
1211 4503 1405 4588 migrarunt,
1437 4508 1473 4568 et
1499 4501 1742 4569 Nomocanonis
1775 4511 1890 4571 auctor
1923 4511 1977 4570 est
2004 4506 2057 4572 ubi
2083 4506 2235 4592 paratitla

366 4838 459 4887 verbis
476 4838 528 4894 πᾶς
544 4835 682 4894 ίπίσκοπος
699 4839 794 4908 προῖκα
810 4836 1093 4909 χειροτονείσθυ,
1116 4843 1165 4891 τοῦ
1182 4841 1338 4900 διδόντος
1355 4839 1371 4910 ἢ
1388 4840 1608 4906 λαμβάνοντος-
1624 4843 1671 4908 τῆς
1688 4839 1824 4913 ἱερωσύνης
1841 4841 2019 4900 ἐκπίπτοντος.
2054 4844 2154 4898 Ibidem
2171 4849 2235 4912 pt.

367 4925 421 4972 nai.
443 4923 487 4972 85.
509 4921 570 4992 περί
591 4919 736 4978 ἐκπτώσεως
758 4925 809 4970 καὶ·
823 4921 998 4992 λειτουργίας,
1029 4939 1095 4988 quae
1117 4927 1229 4978 conficta
1254 4933 1316 4978 stitit
1340 4941 1375 4977 ex
1396 4929 1439 4977 liis
1461 4927 1567 4976 verbis:
1595 4921 1700 4995 δπαρὰ
1722 4928 1809 4977 ταῦτα
1824 4926 2050 4997 χειροτονούμενος
2072 4925 2236 4982 ίκπίπτει

366 5005 423 5072 τῆς
442 5005 673 5076 χειροτονίας,
696 4999 711 5054 ὁ
729 5005 756 5055 ii
770 5009 925 5077 χειροτονῶν
947 5005 992 5057 ίπί
1011 5006 1132 5060 ι’νιαυτδν
1147 4995 1283 5080 χαρίζεται
1304 5013 1362 5077 τῆς
1378 5010 1599 5080 λειτουργίας.
1633 5011 1733 5061 ibidem
1751 5027 1775 5074 p.
1788 5011 1830 5060 ia.
1849 5011 1960 5061 110313.
1977 5009 2008 5061 ν’.
2026 5012 2088 5083 περὶ
2104 5014 2177 5079 λιτῆς
2193 5017 2236 5066 καί

366 5089 540 5157 λειτουργίας,
563 5103 632 5153 quae
647 5093 762 5141 conicio
777 5097 840 5141 eunt
856 5105 891 5142 ex
908 5094 950 5142 liis
969 5093 1075 5142 verbis:
1098 5087 1113 5142 δ
1131 5091 1165 5144 ίν
1186 5090 1412 5164 λειτουργίηιῆ
1435 5093 1468 5146 ίν
1492 5095 1570 5163 λιτῇ
1587 5091 1694 5166 ὑβρίζων
1710 5095 1852 5146 δπίοκοπον
1867 5092 1883 5162 ἢ
1901 5096 2019 5166 κληρικδν
2040 5093 2107 5156 μετὰ
2122 5098 2238 5162 βάσανον

366 5171 526 5243 teneritudo.
561 5177 614 5226 'l'lt
633 5177 659 5226 2.
684 5181 770 5227 coum.
787 5179 812 5224 a
830 5191 855 5237 p.
874 5179 920 5225 aa.
946 5179 1002 5226 nat.
1020 5177 1063 5228 30.
1088 5173 1116 5227 ι’.
1142 5177 1203 5246 περί
1218 5176 1361 5242 Ἰουδαίου,
1387 5193 1454 5242 quae
1471 5182 1564 5230 liaustu
1581 5187 1644 5232 sunt
1660 5195 1695 5232 ex
1715 5177 1880 5238 Ἰουδαῖος
1895 5179 2055 5250 Χριστιανὸν
2071 5177 2237 5252 ἀνδράποδον

366 5254 402 5324 μὴ
419 5257 510 5320 extra,
533 5258 597 5325 μήτε
613 5257 804 5324 κατηχούμενσν
821 5261 1000 5328 πιριτιμνίτοι.
1072 5260 1099 5319 i)
1121 5263 1172 5314 nit.
1189 5263 1216 5311 2.
1234 5268 1320 5311 canat.
1337 5263 1363 5310 2.
1381 5277 1406 5324 p.
1425 5263 1469 5314 30.
1493 5271 1548 5315 not.
1565 5267 1608 5314 83.
1632 5263 1665 5328 γ’.
1684 5266 1745 5335 περί
1766 5264 1878 5336 χρήσεως
1900 5273 1927 5316 et
1944 5281 1969 5329 p.
1988 5269 2034 5316 33.
2052 5274 2108 5318 not.
2126 5267 2169 5322 ia.
2194 5265 2234 5326 ιζ.

367 5341 427 5411 περί
445 5340 566 5411 χρήσεώς.
584 5369 618 5379 -
651 5345 749 5393 lbtdem
766 5359 790 5406 p.
809 5343 853 5392 31.
876 5349 932 5394 not·
952 5347 977 5393 a.
1001 5339 1031 5400 ς’.
1050 5342 1110 5411 περί
1132 5343 1307 5405 ἐμφυτεύοντες
1329 5351 1356 5396 et
1379 5361 1403 5409 p·
1421 5349 1467 5397 33.
1486 5355 1541 5398 noi.
1560 5350 1602 5398 32.
1629 5347 1660 5402 κ’.
1679 5351 1740 5419 περὶ
1757 5347 1940 5410 laqueariorum.
1993 5353 2024 5410 2)
2047 5351 2235 5403 Paratiilai'um

366 5427 434 5476 bunc
451 5427 535 5476 baisse
551 5425 693 5479 Iustiniani
710 5429 872 5491 temporibus
890 5442 979 5490 usum,
1004 5430 1071 5478 trano
1088 5429 1318 5490 significationem,
1336 5444 1395 5481 cum
1412 5431 1500 5495 aliqua
1516 5433 1681 5492 dubitatione
1697 5435 1808 5497 negavit
1823 5433 1975 5484 Eduardo-r
1998 5437 2185 5489 Zachariam
2208 5440 2236 5488 in

365 5511 437 5560 ibro:
464 5509 494 5559 ai
510 5509 591 5580 ῥοπαὶ
621 5513 800 5577 (Heidelberg
832 5513 929 5570 1833.)
958 5525 983 5573 p.
1006 5513 1051 5560 33.
1078 5515 1135 5560 not.
1157 5513 1201 5562 78.
1270 5511 1299 5576 ti)
1322 5513 1390 5563 Vide
1420 5515 1527 5566 i'abratl
1555 5521 1646 5568 natam
1667 5519 1700 5566 ad
1723 5517 2026 5584 Pseudo-balsamonis
2052 5510 2236 5573 edilectianem

364 5595 611 5646 ecclesiasticarum
629 5598 847 5647 oouaimiioonm
864 5599 891 5646 in
911 5595 1070 5644 bibliotheca
1086 5597 1154 5644 iuris
1172 5601 1293 5648 canonici
1310 5605 1373 5648 tom.
1391 5599 1425 5647 ll.
1444 5613 1469 5662 p.
1486 5599 1562 5649 titii.
1613 5599 1643 5660 4)
1660 5601 1734 5664 Apud
1747 5601 1922 5666 beveragium
1941 5605 1968 5653 io
1985 5605 2110 5666 synodici
2128 5603 2234 5654 tom.11.

365 5675 434 5735 ἔδοξέ
450 5693 504 5728 τισι
521 5675 607 5730 πολλὰ
622 5680 674 5728 τῶν
690 5682 861 5749 καιριυτίρον
877 5678 905 5728 ἐκ
922 5679 967 5742 τῆς
984 5677 1197 5744 οπουδασθείοης
1219 5681 1358 5740 συντομίας
1374 5683 1593 5752 παραλελεῖφθαι.
1612 5682 1653 5734 διδ
1670 5679 1752 5734 πιίλιν
1769 5679 1872 5754 ολρίσθη
1884 5685 1927 5735 καί
1944 5685 2043 5748 ἐγένετο
2060 5683 2095 5738 τοί
2110 5688 2237 5750 λεγόμενοι

364 5758 530 5832 παράτιτλα,
556 5759 618 5812 καθ’
642 5762 750 5813 ἕκαστον
770 5763 859 5813 τίτλον
881 5759 1076 5830 ἀναπληρώσεις
1099 5762 1192 5824 ἔχοντα
1208 5766 1260 5814 τῶν
1276 5767 1517 5835 παραλελειμμένων
1538 5767 1678 5836 χρησίμοιν.
1732 5771 1762 5827 3)
1785 5771 1825 5818 Ad
1848 5771 1953 5819 11330.
1978 5773 2018 5820 tii.
2041 5770 2080 5820 ia.
2105 5773 2193 5821 thema
2209 5777 2235 5824 a

365 5847 406 5896 ed.
425 5847 503 5896 Fabi.
529 5849 593 5897 tom.
611 5845 669 5897 vii.
687 5861 712 5909 p.
731 5846 792 5896 387.
804 5851 805 5855 ’
818 5849 898 5897 τοῦτο
915 5845 947 5896 ad
964 5843 1118 5910 κεφάλαιον,
1136 5849 1234 5912 inquit,
1253 5845 1284 5898 οιί
1301 5853 1384 5899 κεῖται
1402 5847 1429 5898 ἐν
1445 5850 1482 5914 τηῖ
1500 5849 1589 5913 ίνδικι,
1608 5845 1675 5914 ὅμως
1692 5849 1829 5916 ἀνάγνωθι
1846 5849 1942 5914 αὐτόν,
1961 5853 2003 5902 καί
2021 5849 2066 5903 διὰ
2083 5857 2162 5906 τοῦτο
2179 5855 2236 5908 ίοτι

364 5927 407 5978 καί
423 5926 593 5998 παροίτιτλον.
606 5914 607 5923 ¹
618 5930 668 5980 τοῦ
683 5925 734 5997 γὰρ
751 5927 841 5979 τίτλου
858 5930 918 5999 περί
937 5926 1031 5979 δούλου
1048 5927 1213 5988 διδάσκοντος
1229 5930 1260 5980 τὸ
1278 5931 1363 5999 παρὸν
1385 5930 1498 5982 διδάσκει
1516 5933 1576 6004 περί
1591 5936 1717 6008 τιμωρίας
1733 5935 1862 6004 ίλευθίρηι
1880 5932 2008 6003 προσώπῳ
2026 5941 2235 6008 προσμινομίνης.

365 6011 390 6060 σί
399 6011 495 6068 ,δοῦλοι
513 6008 563 6080 γὰρ
584 6014 664 6072 μόνον
682 6011 834 6064 intimem.
2072 6024 2079 6037 ·
