4802 7060
364 563 413 611 xm
1021 541 1591 614 iactationibus

363 747 437 796 nem
458 728 530 817 ipse
552 731 792 800 constitutionis
813 733 959 814 tenor⁸⁴)
983 731 1078 798 tacite
1094 729 1248 798 ostendit.
1281 731 1470 820 Eodemque
1488 730 1583 798 modo
1597 729 1700 798 verba
1717 729 1853 818 5151115,
1877 747 1961 818 quae
1979 729 2226 801 1555555515-

362 831 474 896 rasino
487 834 545 896 Vl.
565 829 599 895 2.
620 829 679 898 16.
698 832 935 915 desiderantur,
957 834 991 898 in
1008 833 1187 900 lastiniano
1204 833 1326 900 Codice
1349 835 1508 901 tondentur
1530 839 1565 898 et
1585 849 1666 897 vero
1689 830 1790 896 omitti
1813 851 1877 898 555
1897 831 2050 899 debuisse
2066 833 2140 918 ipsa
2155 853 2227 900 con·

363 930 541 997 stitutionis
564 933 666 1000 verba
688 934 917 1017 declarantii).
964 933 1057 1015 Quae
1079 935 1193 1002 eadem
1214 935 1298 1000 ratio
1321 935 1414 1022 tacit,
1434 941 1471 1000 51
1492 934 1595 999 verba
1616 931 1747 996 5151115
1769 933 1802 999 in
1824 940 1928 999 const.
1953 930 1989 998 6.
2014 930 2050 998 C.
2074 937 2147 1000 Vll.
2172 936 2225 1000 11.

362 1029 483 1098 deesse
505 1051 570 1098 non
592 1033 731 1120 possint,
761 1056 832 1102 cum
853 1043 961 1101 tamen
982 1034 1067 1119 apud
1089 1043 1235 1102 nostrum
1256 1037 1447 1121 scriptorem
1475 1053 1539 1100 non
1562 1033 1805 1118 1515551538).
1850 1030 2009 1100 Eiusdem
2030 1034 2152 1101 tarinae
2172 1043 2229 1126 est,

363 1133 448 1221 qnod
468 1137 542 1201 Vll.
568 1133 631 1201 52.
656 1136 692 1200 3.
715 1138 817 1204 verba
837 1139 871 1202 et
890 1139 968 1203 aliie
990 1137 1125 1224 desunt,
1153 1156 1237 1223 quae
1266 1145 1375 1202 tamen
1407 1137 1439 1202 in
1460 1133 1632 1200 lastiniani
1654 1131 1787 1199 Codicis
1815 1133 2057 1220 exemplaribus
2081 1136 2229 1205 habentur

362 1239 399 1301 et
419 1235 541 1302 abesse
562 1237 688 1304 omnino
710 1257 774 1304 non
797 1241 999 1323 possunt³⁷).
1043 1237 1161 1324 Neque
1189 1241 1278 1303 Vltl.
1305 1236 1365 1302 17.
1390 1234 1425 1302 2.
1449 1238 1483 1302 51
1501 1237 1579 1301 attin
1601 1233 1722 1300 deesse
1744 1240 1897 1320 possunt,
1927 1243 2043 1301 contra
2064 1257 2156 1323 quam
2175 1260 2230 1307 no·

362 1340 432 1402 stro
453 1337 605 1422 scriptori
626 1337 732 1404 visum
754 1341 877 1422 est³⁸).
916 1338 1036 1405 Verum
1057 1355 1121 1404 uon
1144 1339 1247 1404 solum
1269 1338 1300 1402 in
1324 1338 1496 1404 verborum
1517 1337 1551 1401 ct
1570 1337 1648 1401 aliie
1669 1334 1711 1402 ad
1731 1336 1954 1423 inscriptionis
1973 1337 2069 1403 tinem
2091 1337 2231 1406 adiecto·

360 1453 432 1503 rnna
454 1437 629 1504 omissione
651 1443 765 1504 noster
786 1439 925 1526 scriptor
946 1438 1189 1506 subsistendum
1213 1439 1360 1526 putavit,
1385 1457 1515 1526 verum,
1544 1435 1629 1524 quod
1651 1437 1793 1524 mireris,
1823 1439 1922 1504 etiam
1944 1445 2037 1504 certa
2057 1457 2176 1528 eornm,
2195 1441 2232 1508 nd
2262 1503 2264 1506 .

362 1554 445 1624 quos
466 1555 677 1624 unaquaeqne
698 1540 887 1606 constitutio
907 1541 1009 1608 missa
1031 1547 1094 1625 est,
1121 1541 1250 1610 nomina
1272 1537 1563 1625 praetermittenda
1585 1557 1662 1604 esse
1684 1538 1792 1627 duxit,
1814 1537 1843 1604 si
1865 1539 1993 1624 qnando
2016 1537 2182 1624 acciderit,
2201 1547 2232 1607 51

361 1635 563 1704 lastinianus
585 1637 700 1706 Codex
721 1640 803 1708 duns
833 1642 987 1728 pluresve
1008 1661 1171 1728 personas
1194 1640 1328 1706 disertis
1353 1641 1464 1706 verbis
1492 1645 1766 1706 commemoraret.
1816 1639 1926 1726 Atque
1953 1639 2015 1706 hoc
2037 1657 2165 1726 quoqne
2184 1659 2233 1706 er·

363 1737 449 1804 roris
470 1757 575 1823 genus
596 1740 691 1806 facile
712 1741 970 1831 demonstratur,
999 1763 1086 1830 cum,
1116 1759 1199 1829 5555
1228 1741 1314 1826 apud
1342 1747 1487 1808 nostrum
1518 1741 1709 1826 scriptorem
1739 1739 1860 1806 amissa
1889 1744 1982 1828 sunt,
2025 1747 2061 1806 et
2087 1742 2122 1807 in
2151 1740 2232 1808 libris

363 1857 443 1904 mss.
466 1838 636 1908 lastiniani
659 1842 791 1909 Codicis
820 1863 884 1910 non
911 1844 1022 1910 desint
1050 1849 1083 1910 et
1113 1844 1152 1908 ob
1185 1843 1290 1929 ipsum
1311 1843 1573 1909 constitutionum
1594 1847 1741 1907 tenorem
1763 1841 1881 1907 abesse
1903 1847 2078 1927 nequeant.
2125 1841 2232 1909 Consi.

365 1936 430 2005 25.
455 1941 494 2006 C.
516 1945 557 2006 11.
580 1941 618 2007 4.
641 1942 724 2009 baec
745 1949 800 2010 est
820 1944 1007 2031 inscriptio:
1034 1943 1141 2010 iidem
1167 1963 1223 2010 aa.
1252 1946 1287 2009 51
1312 1962 1359 2008 55.
1382 1942 1573 2010 Marcellae
1594 1945 1628 2010 ct
1649 1941 1831 2027 Quirillae,
1858 1942 1892 2007 in
1914 1941 2087 2008 Iustiniani
2109 1942 2235 2010 Codicis

365 2040 627 2132 exemplaribus,
662 2063 734 2110 cum
756 2050 864 2111 tamen
886 2065 1009 2112 summa
1030 2045 1192 2112 Perusina
1212 2045 1317 2111 verba
1339 2045 1373 2109 51
1394 2043 1560 2125 Quirittae
1586 2044 1724 2110 omittat.
1775 2042 1867 2126 Quae
1897 2048 2007 2109 155155
2035 2043 2158 2108 obesse
2178 2063 2235 2110 non

364 2147 523 2228 possunt,
550 2161 620 2208 cnm
648 2143 682 2212 in
710 2151 865 2213 contextu
896 2147 1137 2214 constitutionis
1160 2147 1210 2234 bi,
1237 2143 1279 2213 ad
1311 2164 1392 2231 quos
1413 2146 1514 2211 missa
1536 2152 1605 2234 est,
1632 2144 1778 2212 secunda
1800 2143 1933 2230 pluralis
1955 2143 2079 2210 numeri
2100 2163 2239 2230 persona

366 2242 664 2329 compellenturit).
707 2245 820 2332 Atque
842 2247 941 2313 etiam
962 2251 1004 2313 V.
1033 2246 1093 2314 18.
1117 2245 1153 2312 6.
1176 2247 1397 2333 inscriptionis
1419 2265 1496 2332 pars
1523 2247 1610 2332 apud
1638 2251 1785 2312 nostrum
1811 2245 2004 2332 scriptorem
2026 2243 2235 2311 desideratur.

365 2339 427 2410 Sic
454 2345 540 2410 enim
562 2344 695 2412 Codicis
722 2347 939 2434 exemplaria:
967 2347 1074 2434 intpp.
1105 2345 1341 2416 Diocletianus
1374 2345 1903 2414 51111551555511155551555
1931 2347 1966 2412 ei
1989 2343 2148 2434 Neroni,
2175 2366 2237 2413 cnm

366 2452 477 2513 151555
498 2465 621 2512 summa
642 2445 804 2514 Perusina
827 2449 929 2515 verba
949 2451 984 2513 51
1001 2447 1138 2516 Neroni
1165 2451 1261 2536 plane
1289 2468 1353 2515 non
1380 2448 1509 2515 babeat.
1562 2449 1664 2536 Atqui
1693 2448 1766 2535 ipse
1788 2446 2031 2513 constitutionis
2054 2447 2237 2514 15551551-

366 2549 427 2636 git,
448 2546 588 2614 511555
610 2565 771 2634 personas
792 2548 968 2634 significari
989 2549 1158 2618 credamus
1168 2555 1225 2628 ⁴⁰).
1256 2550 1406 2633 Denique
1427 2551 1461 2616 15
1482 2557 1587 2616 const.
1612 2548 1647 2614 2.
1675 2552 1712 2615 0.
1737 2552 1780 2615 V.
1802 2546 1867 2614 46.
1890 2551 1924 2614 15
1946 2547 2120 2614 lastiniani
2144 2549 2237 2614 Codi-

367 2649 418 2716 cis
440 2635 540 2716 codd.¹
557 2669 636 2716 mss.
660 2648 744 2717 baec
764 2649 902 2716 habetur
924 2651 1109 2738 inscriptio:
1137 2651 1221 2738 imp.
1252 2650 1433 2736 Philippus
1454 2669 1485 2716 a.
1512 2652 1547 2717 ct
1566 2649 1746 2736 Philippus
1768 2669 1795 2716 c.
1818 2649 2016 2736 Asclepiadi
2036 2647 2238 2716 511115555-

367 2750 451 2837 dno,
474 2768 544 2817 cam
565 2757 673 2818 tamen
696 2771 818 2820 summa
839 2752 1000 2820 Perusina
1021 2755 1123 2820 verba
1143 2755 1177 2819 et
1196 2751 1392 2820 Menandro
1414 2771 1478 2819 non
1499 2753 1629 2819 habent.
1681 2753 1783 2839 Atqui
1803 2753 1945 2840 genuina
1967 2768 2046 2818 esse
2066 2751 2146 2837 ipsa
2166 2770 2238 2817 con-

368 2850 548 2918 stitutionis
569 2852 673 2920 55115
694 2853 929 2941 inquantum).
976 2852 1067 2936 Quane
1088 2873 1159 2920 cum
1180 2855 1228 2922 ita
1249 2855 1333 2944 sint,
1353 2855 1428 2922 nolo
1451 2862 1558 2922 tamen
1580 2853 1751 2920 existimes
1774 2853 1901 2920 nullam.
1916 2857 1973 2919 aut
1993 2857 2086 2919 certe
2111 2852 2239 2938 perexi-

367 2970 464 3037 guam
485 2954 656 3020 utilitatem
678 2955 720 3021 ad
741 2955 913 3022 Iustiniani
936 2956 1068 3023 Codicis
1089 2955 1321 3042 inscriptiones
1343 2956 1455 3023 critica
1478 2962 1550 3022 arte
1578 2973 1619 3022 ac
1643 2953 1816 3042 disciplina
1835 2951 2065 3043 perpoliendas
2086 2972 2136 3020 ex
2156 2971 2239 3020 sum·

367 3053 480 3121 mariis
496 3054 666 3122 Perusinis
686 3056 881 3124 redundare.
926 3052 1029 3138 Qunam
1050 3077 1117 3123 rem
1139 3056 1222 3122 intra
1243 3057 1340 3124 latius
1361 3057 1604 3144 explicabimus.

523 3155 672 3224 Transeo
695 3157 737 3224 nd
757 3158 860 3247 ipsas,
882 3178 966 3246 quae
987 3159 1074 3245 apud
1096 3165 1239 3224 nostrum
1254 3159 1446 3246 scriptorem
1461 3159 1633 3246 habentur,
1655 3157 1921 3226 constitutionum
1939 3157 2101 3244 epitomas
2118 3155 2241 3224 descri-

371 3253 507 3324 bendas.
551 3256 676 3325 Harum
696 3257 787 3325 initio
812 3259 915 3346 prima
937 3278 1087 3347 quaeque
1104 3259 1344 3326 constitutionis
1365 3261 1468 3327 verba
1489 3259 1521 3325 in
1543 3279 1600 3340 eo,
1630 3259 1716 3327 unde
1741 3266 1886 3327 nostrum
1914 3259 2083 3347 exemplar
2120 3259 2241 3326 155155

369 3363 441 3447 est,
463 3377 564 3446 opere
584 3358 742 3428 collocata
763 3359 864 3427 tuisse
885 3360 1049 3428 videntur.
1094 3359 1194 3427 Cuius
1218 3362 1268 3428 rei
1287 3361 1439 3429 indicium
1460 3361 1582 3429 iaciunt
1608 3366 1643 3428 et
1664 3361 1740 3428 illae
1760 3360 2006 3446 inscriptionum
2027 3357 2242 3446 corruptelae,

369 3477 452 3546 quas
473 3480 517 3528 ex
537 3460 702 3548 prioribus
719 3460 982 3529 constitutionum
1003 3463 1117 3528 verbis
1138 3468 1256 3530 enatus
1277 3481 1356 3530 esse
1377 3481 1477 3548 supra
1498 3461 1715 3552 ostendimus,
1742 3469 1777 3530 et
1797 3463 1831 3528 bi
1852 3479 1995 3528 summae
2016 3465 2156 3528 nostrae
2176 3459 2244 3547 loci,

370 3560 425 3646 551
452 3580 474 3628 5
500 3562 659 3649 prioribus
688 3563 949 3630 constitutionum
979 3562 1092 3630 verbis
1120 3565 1294 3631 etiamnum
1323 3564 1488 3650 incipiunt.
1542 3565 1644 3629 05155
1670 3563 1720 3630 rei
1746 3562 1898 3649 exempla
1923 3562 2006 3630 baec
2033 3561 2066 3627 in
2097 3565 2245 3648 promptu

371 3668 466 3727 sunt:
486 3667 512 3728 1.
537 3661 599 3728 33.
624 3660 673 3751 2.,
694 3669 735 3729 il.
759 3662 794 3729 3.
819 3662 895 3754 25,
921 3664 981 3730 11.
1010 3664 1082 3752 17,
1112 3669 1168 3731 111.
1194 3665 1229 3730 5.
1256 3666 1302 3750 1.,
1328 3667 1388 3729 lV.
1412 3661 1476 3730 28.
1500 3662 1549 3753 5.,
1576 3667 1620 3730 V.
1645 3663 1707 3731 37.
1737 3661 1811 3751 14,
1839 3661 1957 3729 1112.
1985 3662 2058 3750 12.,
2080 3661 2150 3729 23.
2175 3659 2245 3748 26,

371 3764 447 3827 Vll.
471 3758 533 3826 25.
561 3763 606 3849 1.,
627 3761 690 3829 56.
714 3763 749 3831 2.
773 3771 808 3848 51
831 3763 878 3853 3.,
900 3769 990 3830 Viti.
1009 3764 1075 3832 47.
1102 3765 1161 3830 11.
1198 3763 1376 3832 Postmodo
1394 3766 1489 3852 ipsae
1511 3765 1773 3833 constitutionum
1787 3764 1949 3851 epitomae
1963 3764 2249 3851 55115551555551,

372 3868 408 3929 51
428 3867 538 3930 tamen
558 3882 629 3930 cnm
651 3865 871 3952 superioribus
891 3885 951 3952 per
971 3885 1083 3934 vocem
1105 3863 1162 3931 ubi
1182 3866 1237 3933 vel
1262 3863 1320 3932 arbi
1340 3867 1423 3932 dicit
1441 3867 1633 3934 coniunctae
1654 3867 1729 3932 siut.
1774 3865 1899 3932 Prioris
1919 3866 2053 3953 generis
2075 3866 2247 3934 baecsnnt

371 3962 539 4049 exempla:
581 3962 2249 4057 16.11.5111.,9.1.,11.5.,13.1.,17.15111,11.11.1.,3.5.5115.,4.7.,

325 4117 326 4120 ,
376 4061 450 4145 15,
482 4060 555 4148 16.,
587 4061 661 4152 18,
697 4063 732 4133 6.
757 4065 793 4134 2.
857 4066 912 4134 Ad
943 4067 993 4158 11,
1036 4066 1120 4155 qnod
1149 4069 1257 4134 ultimo
1290 4067 1362 4135 loco
1391 4068 1577 4156 posuimus,
1619 4089 1725 4157 geniis
1753 4067 1838 4136 haec
1865 4067 2052 4136 revocanda
2074 4077 2178 4136 sunt:
2224 4071 2248 4132 i.

373 4162 438 4233 27.
462 4163 498 4231 3.
522 4163 626 4256 514,
653 4165 716 4232 31.
744 4168 776 4233 1.
800 4168 905 4257 512,
928 4169 991 4235 31.
1016 4167 1052 4235 2.
1076 4169 1168 4236 513.
1192 4175 1226 4237 51
1250 4169 1297 4258 5.,
1319 4169 1355 4235 7.
1381 4167 1443 4236 14.
1467 4175 1502 4238 51
1526 4166 1586 4236 16.
1610 4168 1745 4260 5124,
1777 4168 1839 4235 12.
1862 4167 1925 4235 20.
1968 4175 2123 4257 ipsarum
2145 4173 2252 4258 epito-

372 4284 496 4333 marnm
517 4267 599 4334 baec
621 4271 798 4356 55155115,
820 4277 856 4338 ut
876 4272 994 4356 partim
1016 4272 1090 4357 ipsa
1112 4271 1353 4338 constitutionis
1375 4273 1479 4339 verba
1500 4273 1659 4362 reserant,
1687 4271 1805 4360 partim
1831 4271 2027 4338 sententiam
2051 4272 2250 4359 exprimant

372 4363 457 4432 lllad
484 4367 540 4434 551
566 4371 705 4436 maxime
733 4372 782 4436 sic
814 4371 916 4438 locum
945 4371 1060 4462 babet,
1100 4373 1153 4438 ubi
1180 4373 1245 4438 ista
1270 4371 1375 4439 verba
1400 4375 1437 4439 in
1465 4391 1508 4439 55
1535 4374 1607 4459 1555
1641 4373 1697 4439 551
1724 4373 1801 4438 item
1830 4375 1867 4439 in
1894 4373 2034 4458 551555
2062 4372 2174 4439 babet
2200 4375 2254 4440 551

373 4469 449 4534 item
471 4469 508 4535 ia
528 4487 572 4536 ca
592 4471 664 4556 1555
684 4469 784 4538 aerbo
805 4471 890 4540 bace
911 4474 959 4538 51
978 4473 1107 4559 iocum,
1129 4471 1188 4538 ubi
1209 4473 1291 4538 dicit
1309 4472 1441 4541 adiecta
1462 4481 1560 4564 sunt3
1583 4474 1645 4540 boc
1667 4480 1776 4542 autem
1797 4474 1966 4542 maximnm
1988 4480 2118 4561 partem
2142 4473 2254 4560 operis

372 4571 555 4656 occupavit.
599 4609 634 4620 -
677 4571 716 4638 In
738 4573 789 4638 tris
811 4575 961 4661 epitomis
983 4573 1193 4641 conficiendis
1215 4593 1300 4660 5555
1320 4575 1457 4642 intentio
1486 4575 1589 4642 nostri
1609 4575 1781 4662 scriptoris
1803 4574 1920 4664 inerit,
1953 4581 2097 4642 nonest
2120 4573 2255 4641 difficile

371 4669 565 4758 intelligere.
608 4674 780 4742 Iustiniani
802 4675 936 4745 Codicis
957 4675 1050 4763 quasi
1071 4673 1232 4763 quendam
1253 4673 1391 4744 indicem
1412 4674 1590 4743 secundnm
1610 4675 1761 4744 librorum
1783 4675 2013 4764 titulorumqne
2039 4693 2255 4765 consequen·

366 4832 777 4851 ’‘m——

523 4927 571 4989 31)
588 4931 653 4982 inst
672 4931 736 4982 051.
754 4932 789 4984 V.
806 4933 850 4984 118.
865 4933 892 4981 3.
925 4933 1078 4983 ditatores
1102 4933 1262 4984 testamento
1284 4932 1359 4984 uotis
1380 4931 1531 4998 15115551,
1563 4945 1720 4998 quamquam
1737 4947 1806 4985 unns
1821 4935 1945 4987 55515555
1962 4946 2029 4986 suae
2045 4936 2153 4986 5515115
2170 4934 2261 4984 factm

369 5011 414 5061 ait.
477 5012 523 5072 11)
542 5012 716 5066 051112.
735 5015 778 5066 11.
808 5019 839 5066 Si
855 5028 964 5066 servom
981 5018 1103 5068 55511515
1120 5044 1154 5056 -
1171 5015 1335 5069 venundedit
1358 5013 1452 5068 51551.
1527 5017 1940 5079 31)051.1111.10.1.111551
1957 5031 1999 5071 aa.
2016 5021 2106 5068 5155.
2126 5017 2214 5068 Mitto
2231 5019 2259 5068 51

370 5096 442 5149 otiis.
475 5099 507 5147 81
524 5103 603 5162 pater
618 5111 724 5151 servum
742 5102 863 5152 nestrum
879 5101 1042 5150 manumisit.
1110 5101 1572 5160 31)8155515051.1111.11.3.
1605 5103 1678 5152 Idem
1696 5116 1721 5153 5.
1740 5103 2015 5155 1155515155151115.
2048 5103 2262 5172 8155555155,

371 5193 449 5243 qoam
465 5181 539 5231 mala
555 5183 660 5233 5511555
677 5185 855 5249 intercepisse
873 5195 921 5234 aas
937 5186 1103 5246 apparuerit,
1119 5187 1187 5235 15551
1203 5187 1264 5236 sitis
1281 5187 1384 5238 interne
1406 5189 1434 5236 51
1451 5209 1488 5222 -·
1504 5199 1557 5236 555
1572 5191 1800 5253 provocaveritis,
1825 5192 1980 5240 universam
2003 5188 2190 5252 quantitatem
2213 5185 2261 5236 rie·

370 5261 439 5315 15115
454 5264 566 5316 interra.
634 5267 682 5326 38)
699 5270 747 5317 115
765 5271 835 5318 enirn
853 5268 918 5319 051.
936 5268 1009 5318 Vllt.
1027 5268 1067 5318 18.
1085 5269 1111 5318 1.
1146 5269 1211 5332 imp.
1230 5271 1381 5320 Antoninus
1397 5283 1423 5320 a.
1443 5269 1559 5321 0155515
1576 5273 1692 5322 5151115.
1726 5274 1757 5322 81
1774 5297 1809 5310 -
1824 5274 1854 5323 in
1871 5275 2070 5336 possessionem
2087 5297 2130 5307 -
2148 5271 2263 5324 15115511

369 5348 442 5410 atie,
460 5359 538 5412 quam
554 5349 727 5401 adversarius
743 5355 833 5404 555155
849 5355 1039 5424 5555555551,-
1050 5357 1170 5416 tempore
1185 5355 1306 5418 potiores
1322 5357 1395 5406 estis.
1514 5356 1560 5414 no]
1579 5354 1645 5406 051.
1663 5355 1698 5404 11.
1715 5355 1741 5406 4.
1759 5357 1803 5407 aa.
1832 5358 1998 5408 8155515555
2014 5357 2118 5420 viginti
2138 5357 2262 5418 5515555

368 5433 448 5480 annis
466 5436 638 5495 cumpatruo
655 5438 748 5487 vestro
765 5439 1057 5502 transmisisset-
1073 5439 1223 5500 remnants,
1241 5437 1509 5502 55515515555551
1527 5463 1561 5474 -
1578 5453 1626 5488 555
1642 5441 1742 5488 iecisse
1757 5442 1930 5506 proponatis.
2002 5439 2049 5500 40)
2067 5437 2143 5490 051.
2161 5441 2201 5490 v.
2220 5438 2262 5490 18.

368 5514 395 5564 1.
416 5516 448 5564 81
459 5518 662 5583 absumscripta
678 5525 763 5571 matre
781 5526 927 5574 uestra—.
950 5521 1066 5574 Proinde
1082 5525 1364 5600 si-circurqventam
1382 5527 1495 5572 matrem
1511 5523 1858 5587 ceruam-mteuasran‚
1876 5523 1992 5589 555515,
2011 5523 2085 5574 nobis
2102 5524 2264 5588 possiden-

368 5598 448 5662 noos,
465 5599 499 5650 51
517 5601 661 5653 obtinenda
677 5607 787 5667 praedia
803 5610 887 5657 511515
903 5607 960 5676 1511
976 5610 1041 5659 maii
1058 5611 1226 5671 exceptionis
1243 5611 1362 5672 potestas
1379 5605 1535 5670 opituletur.
1609 5605 1657 5667 41)
1675 5607 1740 5658 051.
1759 5611 1794 5660 V.
1812 5610 1856 5660 41.
1874 5610 1902 5660 8.
1929 5607 2065 5670 0555155
2082 5607 2264 5670 pupillorum

368 5684 525 5734 annorum
545 5711 572 5725 -
592 5687 793 5740 indemnitatem
810 5693 1060 5756 compromissam
1076 5693 1256 5744 5155555515.
1300 5693 1376 5752 onae
1396 5693 1421 5740 at
1445 5693 1485 5740 115
1506 5693 1572 5741 sunt
1594 5693 1623 5742 51
1647 5691 1730 5742 iidem
1747 5717 1781 5729 -
1798 5697 1896 5745 contra
1919 5706 1968 5745 uos
1985 5690 2121 5759 congredi
2142 5691 2257 5744 5151551

368 5780 424 5822 non
439 5768 574 5824 immerito
594 5797 623 5811 -
641 5776 774 5837 praestari
790 5775 988 5850 1551551111,
1005 5788 1071 5840 5555
1088 5781 1117 5828 51
1132 5775 1390 5830 administrationem
1412 5776 1473 5826 sinc
1491 5775 1614 5840 periente
1630 5777 1785 5841 incepisse
1799 5779 1965 5843 5555551115.
