4760 7042
353 565 430 636 ico
967 577 970 584 ν
1073 540 1503 630 donnacvno

347 762 442 832 τοίνυν
462 749 625 839 γράψαντες
644 748 732 835 νόμον
753 755 868 836 λέγοντα
894 750 1030 836 μηδεμίαν
1057 745 1128 812 alceia
1148 769 1259 830 παρρη.
1310 742 1457 802 dicentem
1484 742 1596 803 nullam
1623 755 1693 802 esse
1713 737 1865 800 licentiam
1896 737 2154 802 sanctissimarum
2173 757 2221 802 ee·

348 845 416 906 τίαν
433 854 493 914 τοῖς
507 846 565 903 τῶν
582 836 746 920 ἁγιωτάτων
766 841 916 918 ἐκκλησιῶν
930 830 1087 910 οἰκονόμοις
1101 825 1259 918 inconpos-
1311 829 1470 888 elesiarum
1502 827 1671 888 oeconomis
1705 831 1757 885 aut
1789 825 1974 885 antistitibus
2006 843 2157 885 xenonum
2181 829 2223 888 vel

348 933 442 990 στῶσι
454 920 577 998 ξενάνωι
590 922 607 1006 ἢ
620 921 807 1003 νοσσκυμείυον
824 921 842 1003 ἢ
858 914 1032 1000 πτωχείανῆ
1052 919 1259 1000 μοιαοτηρίοιν,
1311 914 1545 972 nosocomiorum
1564 912 1612 969 vel
1631 911 1815 985 ptochiorum
1834 912 1885 968 vel
1904 911 2150 969 monasteriorum
2168 912 2223 972 sira

349 1010 406 1075 aba
420 1009 542 1090 ἀνδρῶν,
562 1008 617 1071 εἴτε
629 1014 776 1090 γυναικῶν,
790 1002 807 1087 ἢ
819 1011 875 1068 τῶι
887 997 981 1066 άλλων
993 1009 1050 1064 τῶν
1063 997 1261 1073 τοιοάτωνσυν
1310 997 1441 1056 virorum
1462 999 1528 1056 sive
1549 997 1704 1055 mulierum
1724 996 1775 1054 vel
1795 995 1920 1054 aliorum
1942 996 2047 1054 talium
2068 1011 2224 1072 corporum,

349 1089 519 1176 ταγμάτων,
545 1084 586 1154 ὧν
613 1091 630 1174 ἡ
660 1094 853 1175 προλαβοῦσα.
873 1084 999 1160 διάταξις
1034 1089 1188 1168 μέμνηται,
1223 1080 1261 1147 τὰ
1312 1097 1436 1156 quorum
1456 1083 1591 1154 praetuta
1611 1081 1785 1140 constitutio
1805 1081 1953 1153 meminit,
1982 1096 2036 1155 ea,
2063 1095 2142 1153 quae
2161 1097 2225 1154 pen.

348 1181 480 1260 διηνεκῶς
506 1175 604 1249 αὐτοῖς
634 1177 886 1253 καταλελειμμένα,
913 1167 989 1252 άπερ
1015 1167 1188 1246 άννάλιαῑθ)
1212 1189 1263 1232 κα-
1312 1170 1401 1241 petuo
1429 1166 1491 1224 illis
1511 1166 1616 1223 relicta
1637 1169 1723 1240 suut,
1758 1181 1836 1239 quaa
1862 1166 1982 1222 annalia
2008 1165 2096 1240 leges
2117 1173 2224 1241 vocant,

347 1268 448 1328 λοῦσιν
474 1267 503 1324 ct
521 1255 616 1341 νόμον,
652 1256 726 1324 κατά
752 1281 779 1320 τι
807 1252 998 1337 eipennoni
1027 1257 1146 1337 χρυσίου
1170 1257 1263 1316 διαπι·
1313 1251 1473 1324 exaliqua
1494 1256 1583 1324 pacto
1609 1253 1662 1307 aut
1689 1265 1762 1308 auro
1784 1250 1951 1308 distrahere
1979 1255 2064 1307 certo
2091 1253 2145 1308 aut
2170 1251 2224 1308 all·

349 1345 487 1428 πράσκειν
519 1351 606 1426 ῥητοῦ
635 1341 792 1425 ἢέκποιεῖυ
817 1335 912 1414 άλλως
939 1338 1014 1402 καθ’
1044 1334 1263 1418 οίονδάποτείῖ)
1314 1341 1362 1396 ter
1376 1335 1507 1393 alienare
1528 1351 1582 1408 par
1602 1349 1809 1408 quemcunque
1828 1334 1956 1409 modum,
1976 1333 2166 1407 posterisque
2177 1350 2226 1393 ao·

349 1427 468 1513 τρόπον,
496 1434 622 1502 καὶτοῖς
654 1427 752 1508 ἐφεξῆς
780 1424 905 1507 άναιρεϊν
932 1423 984 1506 τὴν
1012 1429 1143 1486 ἐντεῦθεν
1168 1444 1263 1504 παρα·
1313 1415 1436 1494 latium,
1464 1421 1542 1494 quod
1563 1419 1671 1478 exinde
1700 1419 1745 1478 eis
1767 1419 1938 1492 obveniret,
1968 1419 2108 1476 adimere.
2152 1421 2226 1478 Onu·

348 1512 453 1602 ψυγην.
494 1517 542 1577 καλ
562 1509 629 1586 τοάς
654 1517 814 1594 πρέποντας
840 1514 883 1588 τῶ
910 1505 990 1590 νάμςι
1016 1509 1265 1589 προστεθείκαμεν
1314 1505 1470 1564 venientes
1499 1505 1589 1562 etiam
1616 1503 1680 1580 legi
1708 1503 1873 1561 adiecimus
1894 1503 2043 1577 rationes,
2074 1503 2154 1576 quod
2173 1520 2226 1563 non

348 1593 511 1681 λογισμούς,
527 1596 568 1670 nie
580 1596 631 1658 οὐκ
643 1594 683 1657 ἔτι
697 1594 744 1658 διά
763 1591 870 1674 ταύτην
883 1590 934 1676 τὴν
954 1594 1107 1676 ἐγχείρησιν
1127 1589 1192 1653 οὐδὲ
1212 1596 1265 1670 τῆς
1314 1589 1442 1662 amplius
1472 1593 1539 1662 post
1566 1585 1636 1645 tale'
1654 1595 1848 1646 commentum
1876 1604 1915 1646 ne
1934 1587 2095 1661 appellatio
2115 1587 2226 1661 quidem

348 1685 543 1765 προσηγορίας
563 1687 614 1742 τοῦ
634 1678 769 1742 άνιαλίου
790 1679 961 1760 σωζομένης,
990 1681 1018 1740 εί
1041 1673 1081 1757 μὴ
1108 1678 1205 1758 μέλλοι
1224 1676 1264 1736 δί-
1315 1674 1408 1732 annui
1429 1676 1633 1748 conservetur,
1661 1673 1721 1730 nisi
1742 1673 1954 1748 persingulas
1975 1687 2069 1729 anuos
2091 1673 2228 1744 praestari

349 1773 462 1830 ὼσθαι
486 1764 553 1828 κατ’
581 1763 658 1836 ἔτος,
695 1761 771 1826 nlla
799 1759 874 1844 πρὸς
894 1757 975 1837 άπαξ
994 1760 1178 1842 καταβληθὲν
1203 1757 1265 1822 εἶτα
1316 1757 2228 1833 ennungat,vernnseme1solntnnpnsteapenunspen·

350 1855 463 1924 τελείας
486 1844 655 1924 ἐξαπόλοιτο
665 1850 720 1928 ¹⁸).
756 1853 858 1910 τοῦτον
878 1841 968 1920 αὖθις
987 1842 1061 1926 μετά
1080 1866 1155 1917 τινος
1174 1865 1265 1926 προσ·
1314 1846 1374 1904 eat.
1426 1843 1512 1900 nano
1531 1842 1640 1900 iterum
1661 1856 1727 1900 cum
1756 1841 1856 1914 aliqua
1875 1840 2046 1900 adiectione
2064 1841 2165 1916 legem
2183 1858 2228 1900 re-

350 1932 445 2016 θήκης
471 1929 666 2012 άνατεοάμενοι
696 1927 746 1994 τὸν
781 1928 882 2012 νόμον,
915 1931 1105 2008 θεσπίζομεν,
1146 1926 1213 2004 είτις
1245 1923 1264 2010 ἢ
1315 1928 1479 2000 moventes,
1512 1927 1679 2000 sancimus,
1718 1925 1813 2002 siquis
1842 1931 1896 1984 aut
1920 1927 2227 1986 reverendissimorum

350 2026 409 2084 τῶν
439 2015 652 2093 εὐλαβεατάτων
681 2011 837 2098 οίκονάμων
847 2016 893 2094 ¹⁹)
920 2011 939 2096 ἢ
969 2009 1123 2094 ξειοδάγαν
1144 2008 1162 2094 ἢ
1183 2034 1265 2076 anno·
1316 2025 1540 2072 oeconomorum
1574 2014 1627 2068 aut
1658 2011 1898 2068 xenodochorum
1932 2014 1986 2068 aut
2010 2025 2227 2071 nosocomorum

349 2099 446 2181 νιάμων
465 2097 482 2180 ἢ
504 2096 756 2183 πτωγατράφωνῆ
784 2097 1047 2182 γεροντοκόμωνθθ)
1070 2095 1087 2179 ἢ
1109 2093 1265 2179 βρεφοτρά·
1315 2102 1368 2154 ant
1397 2095 1673 2169 ptochotrophorum
1702 2101 1756 2153 aut
1782 2098 2059 2170 gerontocomorum
2086 2099 2143 2152 aut
2165 2096 2227 2154 bre-

350 2209 413 2267 φων
438 2181 454 2265 ἢ
484 2182 751 2268 σ’ρηανοτράφιοιῆ
782 2183 1017 2266 άργιμανδριτῶν,
1043 2176 1062 2263 ἢ
1090 2187 1147 2244 τῶν
1171 2174 1267 2244 άλλων
1315 2180 1545 2256 photrophorum
1572 2183 1625 2237 aut
1651 2179 1954 2253 orphanotrophorum
1982 2185 2035 2238 aut
2062 2179 2228 2238 archiman-

348 2275 408 2332 τῶν
420 2274 620 2352 περιεχομένων
636 2277 671 2350 τῇ
692 2273 818 2351 προτέρᾳ
832 2267 912 2349 ἡμῶν
929 2271 1000 2344 θείᾳ
1027 2262 1152 2340 διατάξει
1172 2287 1265 2348 νεροσ-
1315 2265 1459 2323 uriarum
1480 2267 1533 2322 aut
1552 2264 1747 2338 reliquarum,
1775 2279 1852 2338 quae
1878 2265 1976 2337 priore
2003 2269 2109 2322 uoatm
2138 2265 2228 2322 diviua

350 2350 438 2417 νάσων
457 2350 492 2417 τά
514 2357 645 2436 διηνεκῶς
665 2353 857 2434 καταλειφθὲν
878 2365 937 2426 τοῖς
956 2349 1085 2456 εάαγέσιν
1104 2349 1202 2426 οάιοις,
1225 2341 1267 2414 ὧν
1316 2349 1530 2408 constitutione
1558 2349 1761 2422 continentur,
1789 2363 1981 2421 personarum
2001 2348 2052 2433 id,
2081 2349 2161 2421 quod
2178 2366 2228 2407 νε-

349 2441 563 2522 νιροίστανται,
593 2438 650 2501 εἴτε
670 2443 699 2500 tr
719 2439 844 2520 χρυσίῳ,
872 2435 928 2500 εἴτε
948 2441 977 2499 a
997 2438 1095 2508 αλλοις
1114 2431 1266 2516 πράγμασι
1315 2433 1499 2494 neranutbus
1520 2433 1666 2506 domibus,
1695 2433 1984 2509 quihuspraesunt,
2009 2433 2229 2507 inperpetuum
2355 2461 2356 2466 ι

347 2526 503 2604 πειραθείη
526 2528 669 2600 μεθιστᾶν
690 2526 729 2596 είς
749 2518 784 2584 τά
812 2517 852 2603 μὴ
874 2520 1021 2600 tantm)
1043 2517 1113 2584 εἶναι
1134 2522 1263 2600 διηνεκίς,
1314 2518 1452 2578 relictum
1472 2521 1537 2594 est,
1570 2518 1636 2576 sive
1656 2517 1688 2575 in
1708 2531 1799 2592 auro,
1831 2517 1898 2574 siva
1918 2517 1951 2576 in
1972 2518 2044 2576 aliis
2064 2521 2170 2592 rebus,
2200 2519 2228 2576 in

349 2605 418 2672 ἀλλ’
440 2610 486 2671 dcl
508 2603 669 2670 διαλύσεων
696 2602 879 2688 ἢπράσεσιν
908 2602 926 2687 ἢ
954 2608 1029 2669 τισὶν
1055 2597 1156 2678 ἄλλοις
1176 2627 1265 2687 puza-
1314 2603 1364 2680 id,
1391 2602 1471 2676 quod
1498 2615 1558 2660 ”⁰¹¹
1582 2601 1720 2661 Vfflffiiflf
1746 2617 1815 2660 ⁰⁸⁸⁰
1843 2606 2034 2679 perpetuum,
2061 2607 2222 2676 Nm

348 2704 414 2765 ναῖς
433 2688 467 2754 τά
498 2692 618 2771 διηνεκλς
638 2688 718 2769 αὐτῷ
748 2694 838 2770 μένειν
866 2696 979 2755 παῦσαι
1005 2692 1173 2772 πειραθείη,
1210 2711 1266 2752 πα·
1315 2684 1493 2762 tentaverit,
1526 2701 1631 2744 verum
1657 2685 1908 2744 transactionibus
1935 2691 1989 2746 aut
2015 2687 2228 2746 venditionibus

350 2772 447 2858 opas)
479 2771 530 2856 γὴ,
558 2773 675 2855 “W‘’
703 2781 755 2838 ,οὗ
782 2773 860 2858 '¹0²0'
889 2773 970 2880 ,ξμηςς
995 2767 1049 2856 ἤδη
1076 2769 1268 2854 φηςςῆπαηος
1316 2769 1958 2847 autalilsquibusdammachinationibnsid,
1972 2772 2050 2846 quod
2063 2775 2228 2846 perpetuum

350 2863 457 2924 ἐπίπαν
476 2865 528 2923 τοῦ
549 2857 681 2924 τοιούτου
689 2861 738 2942 ²³)
768 2864 854 2924 θείου
874 2882 963 2940 νομου
1005 2857 1176 2941 ηθεμίανδθ)
1197 2855 1268 2939 ἔχειν
1316 2871 1437 2916 manere
1457 2855 1581 2932 debeat,
1609 2855 1768 2913 terminare
1788 2855 1966 2930 tentaverit,
1992 2861 2097 2914 conba
2123 2857 2179 2914 vim
2198 2861 2228 2913 et

350 2947 498 3018 παντελῶς
513 2937 612 3007 άδειαν
629 2949 715 3008 τοῦτο
736 2957 833 3020 ποιεῖν,
860 2940 938 3008 άλλά
951 2967 1005 3006 και
1027 2938 1202 3024 εἰσπράξειεν
1210 2940 1266 3022 2⁵),
1316 2945 1493 3017 potestatem
1521 2939 1604 3015 eius,
1632 2955 1711 3014 quae
1737 2955 1832 3013 nuper
1859 2955 1879 2996 a
1898 2940 1986 3000 nobis
2007 2941 2046 2998 de
2068 2939 2229 3000 huiusmodi

350 3023 458 3110 άκυρον
479 3025 603 3092 είναιτά
625 3025 853 3112 reducamini
874 3022 1175 3105 άδειανελναιτῶῦθ)
1197 3025 1265 3108 μετ’
1317 3028 1408 3085 rebus
1444 3025 1626 3102 generaliter
1652 3026 1736 3082 iacta
1762 3027 1827 3099 est,
1860 3023 1982 3083 divinae
2002 3025 2100 3102 legis,
2129 3025 2232 3084 nullam

351 3111 443 3178 αιἰτόι
464 3119 515 3193 τῆς
536 3111 627 3196 αὐτῆς
646 3112 862 3197 άντιληψαμίνην
884 3116 1035 3195 φροντίδος
1056 3107 1074 3194 ἢ
1094 3113 1143 3174 καλ
1163 3107 1268 3174 τούτου
1316 3111 1427 3170 habeat
1448 3109 1566 3170 omuino
1587 3112 1764 3184 potestatem
1785 3109 1844 3168 hoo
1862 3109 2013 3185 taelendi,
2034 3125 2153 3185 verum,
2178 3110 2232 3168 atsi

351 3195 591 3282 ῥηθυμησαιτος,
620 3196 660 3272 άς
686 3195 777 3273 εἰκός,
807 3195 874 3270 τοὺς
903 3196 1003 3301 ίριξῆς
1023 3191 1156 3270 ἅπαντας
1176 3191 1268 3268 εὐθὺς
1317 3195 1440 3270 iecerit,
1462 3194 1579 3254 irritum
1601 3195 1658 3270 alt,
1680 3195 1758 3270 qnod
1779 3198 1878 3252 aetum
1898 3198 1963 3272 est,
1984 3201 2016 3252 et
2035 3197 2076 3270 ei,
2097 3196 2153 3268 qul
2172 3201 2234 3268 post

352 3282 565 3347 ἀνακαλεῖσθαι
586 3278 620 3346 τὸ
648 3278 804 3364 γενόμενον,
834 3285 881 3344 καλ
902 3304 993 3355 ουτως
1014 3274 1120 3363 άκυρυν
1139 3277 1267 3360 άποφαί·
1316 3279 1415 3354 ipsum
1437 3279 1561 3338 eandem
1582 3295 1682 3337 euram
1703 3279 1864 3354 suscipiet,
1892 3279 1959 3354 vel,
1986 3280 2014 3337 si
2034 3279 2085 3338 hic
2107 3283 2235 3338 ίοτίτεοο

352 3369 484 3448 snm),
505 3365 545 3440 άς
564 3361 602 3430 άν
622 3371 650 3430 εί
666 3367 788 3448 pecto)
816 3362 866 3448 ripn
887 3363 978 3448 άργην
998 3362 1077 3448 ἔτυχε
1100 3360 1268 3446 αρυελθάν·
1316 3363 1496 3440 neglexerit,
1509 3361 2063 3436 eaeterisdeineepsomnibnslicentia
2074 3363 2236 3440 sitandan

353 3447 431 3515 άστε
458 3453 506 3514 καλ
526 3454 593 3524 τοὺς
613 3456 642 3514 δν
661 3456 740 3532 μέσῳ
760 3446 888 3533 καρποιλς
909 3453 956 3513 καί
977 3445 1079 3524 τόκους
1098 3452 1147 3512 καλ
1167 3453 1268 3514 σῶσαι
1317 3447 1549 3522 ld‚quodaetum
1562 3447 1899 3522 est,‚revocandlitaque
1912 3448 2072 3508 adirritum
2083 3449 2237 3508 deducen-

353 3533 492 3616 άφελειαν
520 3537 565 3598 dal
591 3531 643 3598 τὸν
663 3532 751 3616 εὐαγῆ
778 3539 923 3616 φέρεσθαι
949 3529 1063 3608 πάντως
1089 3531 1183 3610 οἶκον,
1210 3536 1269 3596 τῶν
1319 3533 1359 3606 di,
1381 3533 1466 3606 quasi
1478 3533 1516 3590 ah
1528 3532 1614 3590 initio
1629 3547 1666 3590 ue
1685 3535 1797 3590 rantum
1816 3532 1934 3606 quidem
1949 3539 2046 3592 esset:
2067 3534 2118 3592 ita
2141 3539 2173 3592 ut
2191 3539 2236 3591 et-

354 3625 384 3682 δν
395 3623 474 3699 μίτῳ
488 3621 686 3698 τολμηθένταιν
701 3615 830 3701 aaziae)
852 3614 948 3682 πάντα
969 3615 1077 3698 τράποι
1097 3613 1268 3700 άργοάντων.
1318 3617 1378 3675 iam
1405 3619 1524 3675 tructus
1546 3617 1636 3674 medii
1657 3616 1797 3690 temporis
1825 3622 1857 3674 et
1876 3633 1987 3676 usurae
2008 3623 2040 3676 at
2060 3619 2162 3677 omnis
2178 3619 2239 3676 uti·

354 3703 437 3784 ιξνερλ
471 3703 522 3779 μιν
551 3701 604 3784 γάρ
634 3699 745 3782 ἑκάστῳ
773 3703 880 3786 δρόμος
907 3699 947 3776 εἷς
976 3700 1092 3783 tantu)
1123 3707 1176 3766 ταῶ
1205 3704 1270 3782 βίον
1320 3701 1392 3760 litas
1419 3701 1584 3762 omnimodo
1618 3701 1658 3758 ad
1685 3700 1885 3760 venerabilem
1914 3702 2031 3760 donum
2060 3705 2237 3776 pertineret,

354 3784 495 3868 παράθῑ)
507 3793 559 3850 τοῦ
571 3790 742 3870 δημιουργοῦ
755 3792 910 3872 δεδομένος,
922 3779 956 3849 οὗ
964 3791 1044 3860 τίλας
1057 3784 1189 3866 δστλνῧλ)
1200 3781 1270 3848 πάν·
1319 3786 1474 3860 omnibus,
1503 3801 1580 3860 quae
1609 3785 1707 3844 medio
1735 3791 1867 3859 tempore
1888 3791 2005 3860 patrata
2025 3794 2121 3862 sunt,
2148 3787 2240 3847 omni·

354 3895 411 3944 τως
450 3869 523 3951 6³³)
566 3868 705 3944 θάνατος.
755 3885 816 3947 τοῖς
858 3872 889 3933 dl
930 3869 1056 3954 εάαγίσιι
1093 3869 1180 3944 οἴκοις
1221 3871 1270 3932 καλ
1319 3871 1405 3929 modo
1426 3871 1625 3928 cessantibus.
1659 3870 1778 3928 Homini
1799 3870 1878 3928 enim
1898 3872 2007 3944 cuique
2029 3889 2147 3931 cursus
2167 3887 2240 3930 unus

354 3967 418 4028 ταῖς
439 3954 535 4018 αὐτῶν
557 3951 786 4038 wastense)
813 3951 1008 4036 άτελευτὴτοις
1029 3947 1086 4018 oni
1115 3959 1168 4018 scii
1194 3957 1268 4016 θεοῦ
1317 3955 1399 4013 vitae
1425 3959 1472 4012 est
1498 3971 1517 4012 a
1551 3957 1687 4012 erectore
1713 3953 1817 4031 datus,
1850 3953 1935 4012 cuius
1956 3955 2025 4012 tlnis
2047 3959 2174 4016 omnino
2198 3961 2242 4014 est

354 4042 577 4121 φυλαττομένας
604 4038 657 4102 caia
677 4039 783 4103 ε’νεστιν
810 4039 875 4103 cnidi
894 4035 970 4103 κατά
991 4033 1044 4112 τάς
1064 4039 1176 4120 κτήσεις
1200 4033 1268 4100 dael·
1317 4054 1415 4112 mnrsp
1437 4039 1656 4098 venerabilibus
1677 4053 1749 4097 vero
1771 4039 1906 4097 domibus
1925 4055 2093 4114 earumque
2113 4057 2242 4118 cougre-

354 4125 466 4206 γεσθαί
484 4145 512 4186 τι
533 4129 637 4204 πέρας,
667 4121 735 4187 ἀλλ’
764 4121 817 4198 ἕως
847 4120 884 4186 άν
912 4127 1079 4206 διαμένωσιν
1105 4127 1136 4186 o!
1161 4119 1269 4204 εάαγείς
1317 4121 1500 4200 gatiouibus,
1521 4135 1597 4198 quae
1617 4123 1831 4181 immortalesa
1849 4126 1913 4183 lieo
1932 4131 2168 4199 conservantur,
2187 4141 2244 4184 nou

355 4205 428 4271 abac
449 4205 576 4288 (μένουσι
597 4208 627 4270 dl
647 4200 714 4290 άγρι
737 4203 848 4282 παντὸς
868 4211 916 4272 καλ
936 4213 1016 4292 μέχρι
1036 4231 1068 4290 γε
1098 4203 1189 4270 αὑτοῦ
1215 4211 1268 4270 ταῶ
1317 4208 1420 4282 decet,
1439 4223 1493 4276 ue,
1510 4207 1588 4281 quod
1603 4209 1641 4264 ad
1653 4223 1753 4266 earum
1768 4209 1975 4280 possessiones
1991 4210 2118 4283 quidem
2132 4213 2245 4282 attinet,

355 4297 414 4356 τῶν
440 4289 550 4355 αίάιων
575 4295 689 4366 τέλους,
718 4289 827 4370 dacii)
849 4283 885 4356 oi
910 4291 945 4357 τὸ
968 4296 1154 4376 Χριστιανῶν
1175 4283 1268 4374 ὄνομα
1318 4296 1430 4350 certam
1444 4293 1589 4364 quandam
1600 4297 1706 4350 meum
1720 4291 1838 4368 adduci,
1858 4308 1962 4350 verum
1971 4296 2246 4369 quousqueuthaa

355 4374 431 4458 παρ’
470 4373 638 4460 άνθράαοις
671 4373 733 4438 ἔστι
761 4399 792 4440 τε
806 4377 854 4457 ³⁶)
884 4381 932 4441 sni
966 4377 1194 4461 προσκυνεῖται),
1228 4377 1268 4438 dt·
1319 4377 1508 4436 venerabiles
1521 4377 1626 4434 domus
1640 4377 1996 4454 permanserint(mauent
2010 4385 2120 4440 autem
2134 4382 2249 4454 inper-

357 4460 512 4539 καωφθτ),
543 4464 634 4543 μενος,
664 4462 712 4522 mi
744 4457 798 4535 «ὰς
828 4465 958 4544 &cremis
986 4463 1269 4566 καεωρμπαιομένας
1318 4467 1441 4536 petuam
1462 4465 1493 4519 et
1514 4475 1609 4534 nsque
1636 4461 1675 4518 ad
1695 4463 1791 4536 ipsum
1813 4463 2001 4521 meoniorum
2020 4465 2130 4542 δοοιιι,
2152 4463 2249 4537 quoad

356 4547 490 4628 χορηγίας
498 4545 546 4624 ³⁸)
577 4539 779 4625 ἢπροσάδους
803 4542 1045 4626 centensem),
1077 4547 1121 4609 αελ
1142 4558 1205 4620 ταις
1225 4542 1269 4608 εδ-
1319 4545 1551 4606 Christiauorum
1584 4561 1691 4604 nomen
1719 4546 1798 4620 apud
1824 4545 1959 4605 homiues
1986 4553 2035 4606 est
2071 4551 2115 4608 ah
2150 4549 2251 4622 usqne

356 4633 453 4710 σεβίσε
473 4626 596 4710 πράξεσι
622 4639 687 4702 ταῖς
706 4633 845 4712 μηδέποτε
854 4629 901 4714 ⁴⁰)
929 4629 1178 4713 nnunnpivnepss)
1199 4625 1269 4709 ὖνιη·
1320 4629 1463 4706 ooliiur),
1485 4631 1594 4688 iustum
1615 4635 1663 4688 est
1690 4646 1809 4689 manere
1829 4631 2009 4690 immortales
2031 4635 2142 4706 etlam,
2169 4648 2249 4704 quae

357 4717 538 4797 ρετουμίνας·
566 4709 618 4778 τάν
645 4713 732 4794 dist)
760 4711 889 4782 τοιοῦτόν
915 4739 943 4782 τι
951 4715 998 4800 ⁴⁸)
1027 4709 1269 4798 “lucidiorem
1318 4713 1352 4774 in
1373 4719 1546 4790 perpetuum
1566 4715 1788 4792 relinquuntur,
1815 4717 2007 4792 erogationes
2034 4719 2089 4778 vel
2117 4717 2254 4793 reditus,

1320 4813 1436 4872 semper
1460 4800 1520 4873 piis
1548 4799 1714 4860 actionibus
1741 4816 1890 4875 uunquam
1917 4803 2088 4862 cessaturis
2108 4803 2255 4864 mervi-

1319 4889 1411 4944 turos.
1451 4885 1484 4944 Is
1511 4889 1627 4962 antem,
1656 4885 1708 4960 qul
1732 4885 1793 4944 tale
1822 4883 1895 4960 quid
1919 4885 2085 4962 deliquerit
2114 4891 2149 4948 et
2179 4903 2254 4949 auro

359 5227 758 5249 m

543 5361 589 5424 lo)
607 5361 647 5413 Ad
664 5362 811 5424 marginem
829 5358 883 5409 hoa
897 5357 962 5411 ioco
979 5355 1097 5410 addttrnn
1114 5361 1157 5410 est
1173 5370 1190 5412 a
1207 5357 1326 5410 secunda
1341 5367 1423 5414 manu
1446 5361 1475 5411 in
1492 5357 1559 5412 cod.
1581 5358 1688 5411 Monac.
1706 5357 1809 5425 διηνεκῆ
1829 5357 1874 5409 :al
1895 5353 1957 5410 κατ’
1975 5357 2043 5418 icae.
2125 5363 2184 5426 lv)
2209 5359 2265 5414 οἷον

358 5424 457 5492 δήποτε
474 5429 542 5494 Aug.
618 5427 665 5486 is)
682 5425 852 5485 άξαειάλλωιτω
869 5429 942 5492 Aug.
1014 5427 1061 5488 lo)
1078 5425 1217 5488 οἷκονάμειν
1233 5429 1304 5492 Attg.
1371 5407 1593 5498 morspecensis
1616 5431 1685 5492 Aug.
1768 5427 1818 5486 et)
1834 5425 1954 5494 μηδοκιῖν
1968 5427 2043 5479 Mon.
2128 5431 2190 5491 Β)
2204 5431 2266 5502 περὶ

357 5495 431 5544 Mon.
489 5495 537 5555 λθ)
552 5496 607 5546 Pro
623 5495 712 5544 verbis
729 5493 829 5546 άπάνιαν
845 5497 895 5544 τοῦ
911 5493 1037 5547 τοιούτου
1054 5497 1124 5560 Aug.
1149 5495 1228 5545 habet
1244 5491 1289 5546 ἐπὶ
1306 5497 1362 5554 τοῖς
1378 5493 1518 5553 τοιούτοις.
1577 5493 1625 5552 24)
1641 5493 1706 5560 μηδὲ
1723 5492 1783 5556 palae
1798 5495 1870 5544 Mon.
1934 5495 1982 5555 25)
2003 5492 2030 5546 εἶ
2043 5491 2178 5568 προάξετε
2196 5501 2269 5566 Δις.

357 5561 429 5612 lllud
445 5569 550 5615 eertum
568 5562 778 5626 accingendum
795 5573 856 5614 ease
873 5559 899 5612 εί
914 5573 965 5627 pro
982 5561 1028 5620 είς.
1112 5563 1162 5622 aa)
1177 5565 1215 5628 τῷ
1231 5575 1248 5614 a
1265 5564 1384 5615 secunda
1400 5575 1480 5615 αεειιο
1497 5566 1525 5613 in
1541 5563 1629 5625 Mon.;
1656 5564 1742 5627 prima
1758 5562 1886 5612 habuerat
1901 5559 1943 5613 τό.
2015 5561 2070 5623 θῚ)
2091 5563 2270 5628 διψία..

357 5629 431 5680 Heu.
515 5629 563 5689 m]
580 5623 617 5694 pai
632 5627 659 5678 dt
674 5632 747 5681 bion.
831 5629 878 5688 2⁰)
892 5647 963 5682 ιιατα
978 5632 1050 5682 bion.
1136 5631 1184 5690 80)
1202 5629 1259 5681 ίστι
1274 5631 1348 5682 Mon.
1436 5630 1482 5690 81)
1504 5631 1558 5680 Pro
1580 5623 1655 5701 παρὰ
1676 5631 1749 5681 Μοο.
1766 5629 1846 5682 hahet
1861 5629 1931 5682 πελ
2024 5629 2084 5690 88)
2103 5626 2175 5688 edei
2192 5637 2270 5702 Aug.

357 5691 439 5814 ῗάά
455 5699 543 5815 affl
611 5694 909 5836 &mmmm
956 5699 1026 5826 τάὁ
1021 5697 1110 5833 211¹}ro
1110 5695 1264 5825 ama}
1277 5681 1401 5825 malos
1401 5729 1471 5832 ’μηοι
1489 5695 1721 5830 migma&
1736 5699 1810 5828 Μάό
1822 5697 2274 5834 ιαπμιιιάῐάτμέγῗ.

358 5833 428 5895 aug.
504 5831 552 5890 λθ)
567 5829 675 5884 τοιοῦτό
692 5850 719 5884 τι
734 5837 804 5902 Aug.
