4824 7048
614 510 869 583 NOVELLAE
896 505 1241 578 IMPERATORUM
1272 511 1661 586 Buzauutuouutt.
1988 503 2068 574 277

197 713 252 778 εἴτε
273 715 320 777 καὶ
341 717 383 791 τῷ
404 706 608 792 mancipasti
629 699 647 785 η’
668 707 753 786 ἑτέρῳ
773 702 975 784 προέχοντιῐθ)
1002 693 1104 783 άρηον·
1154 705 1319 764 militonum
1349 701 1494 780 summu,
1520 708 1570 765 vel
1598 709 1685 772 etiarn
1713 706 1797 782 duci,
1827 704 1876 762 vel
1907 701 1959 760 alli
1979 715 2070 774 prae·

197 822 225 862 τι
245 803 293 862 ani
315 803 403 876 ἐντῷ
424 794 605 872 ταξειδίῳλλ)
627 787 765 870 διάγοντι,
791 789 831 869 μὴ
852 787 898 869 ἔχη
909 787 953 866 ¹⁸)
975 785 1105 860 ἐξουσίαν
1152 793 1234 849 teoto
1256 783 1404 869 eminenti}
1422 800 1453 850 et
1474 791 1670 865 expeditionis
1692 793 1840 866 participi,
1862 791 1898 846 ab
1921 789 1960 844 iis
1981 801 2070 843 man-

197 905 240 957 νις
261 879 455 966 κομμιριιεάαυ
476 873 558 940 αὐτά
585 910 619 921 -
644 875 686 956 [b.
710 875 751 951 1.]
774 878 812 934 El
830 874 859 934 dd
881 871 910 944 ἐξ
930 871 1025 933 αὐτῶν
1047 877 1104 932 των
1158 877 1247 947 ciplis
1269 877 1399 950 vectigal
1429 877 1551 952 exigere
1579 879 1688 934 neaniai
1710 880 1805 936 liceat
1827 907 1869 919 -
1898 871 1946 950 [β.
1968 869 2012 945 1.]
2036 871 2070 927 Si

198 975 381 1051 στρατιωτῶν
400 988 486 1038 τινες,
510 961 566 1026 εέτο
587 958 755 1041 στρατηγὸς,
784 956 839 1018 αἴτι’
860 952 1103 1038 τουρμάρχηςλθ),
1155 963 1205 1034 qui
1232 976 1318 1032 porro
1346 977 1384 1018 ox
1410 961 1485 1033 ipsis
1515 963 1666 1034 militibus,
1696 963 1744 1018 vel
1773 961 1845 1030 dux,
1879 959 1930 1014 vel
1952 961 2066 1014 turmae

196 1055 254 1116 εἴτε
281 1056 374 1116 λοιποί
399 1043 534 1130 άρχοττες
565 1046 731 1126 capparoni
759 1045 806 1102 ιιαλ
834 1045 986 1120 depascant
1011 1036 1104 1119 παρά·
1155 1048 1341 1120 praeteotus,
1379 1048 1426 1102 vel
1459 1047 1570 1103 caeteri
1598 1047 1794 1120 magistratus
1822 1051 1882 1102 tam
1909 1039 2068 1118 legionarii

197 1161 305 1220 σχωσιν
336 1132 560 1216 άνθράποιςλθ)
590 1130 686 1192 αὐτῶν
711 1123 856 1210 ψυχάρια,
895 1128 940 1186 ael
971 1123 1106 1186 άποστεί·
1157 1147 1243 1202 quam
1276 1131 1474 1202 provinciales
1504 1131 1699 1189 familiaribus
1723 1132 1787 1187 suis
1809 1128 1954 1199 mancipia
1975 1141 2067 1198 prae-

197 1225 270 1286 λωσι
295 1227 387 1284 ταῦτα
416 1223 525 1299 δωρεᾶς
551 1211 652 1296 τρόπῳ
679 1211 718 1284 είς
744 1234 807 1272 τινα
828 1205 975 1290 πρόσωπα
1002 1205 1040 1270 τά
1061 1211 1107 1269 dal
1156 1216 1261 1286 beant,
1285 1230 1379 1286 eaque
1401 1216 1471 1272 doni
1492 1216 1586 1272 instar
1608 1217 1644 1272 ad
1667 1216 1808 1288 quasdam
1831 1229 1993 1286 personas,
2015 1214 2068 1268 ant

196 1315 249 1389 τῆς
265 1300 470 1388 βασιλευούσης
490 1297 623 1381 διάγοντα
645 1294 662 1376 ἢ
684 1294 791 1370 έξωδεν
808 1297 998 1375 διατρίβοντα,
1020 1289 1037 1372 ἢ
1059 1294 1107 1353 καλ
1156 1299 1235 1356 intra
1255 1300 1409 1372 imperium
1432 1306 1564 1357 nostrum
1586 1300 1739 1375 degentes,
1770 1305 1821 1354 aut
1843 1302 1927 1354 extra
1948 1313 2068 1353 moran-

194 1389 333 1464 πολλάνις
359 1386 434 1470 πρὸς
454 1385 505 1448 τὸν
526 1385 596 1446 ἴδιον
622 1379 699 1444 οίκόν
725 1403 756 1442 τι
784 1381 832 1440 καλ
858 1377 895 1439 τά
916 1374 1057 1458 κτήματα,
1085 1373 1102 1456 ἢ
1159 1389 1206 1440 tes
1237 1385 1383 1458 dirigant,
1418 1385 1467 1440 vel
1496 1385 1601 1456 etiarn,
1635 1386 1679 1458 si,
1713 1383 1789 1454 quod
1823 1398 1914 1453 saepe
1953 1381 2071 1454 accidit,

194 1473 339 1554 καὶπρὸς
362 1469 554 1553 συηηονεῖςδῑ)
576 1471 818 1547 παραπέμψουται
839 1459 899 1524 άπὸ
922 1459 1039 1537 τούτων,
1062 1461 1109 1524 ἵνα
1159 1469 1307 1539 mancipia
1328 1469 1364 1525 ab
1387 1469 1449 1526 illis
1471 1469 1509 1525 ad
1522 1471 1674 1546 propriam
1697 1469 1812 1526 domum
1844 1471 1873 1522 et
1894 1467 2071 1538 possessio·

195 1563 325 1646 pqdd²²l
355 1553 430 1620 αὐτά
451 1549 702 1634 κομμερνιεάωνται,
724 1547 798 1626 πλὴν
826 1552 853 1608 εί
871 1545 900 1619 ἐξ
928 1546 1023 1609 αὐτῶν
1051 1551 1109 1607 τῶν
1160 1570 1214 1610 nes
1235 1553 1283 1608 vel
1305 1553 1341 1608 ad
1364 1559 1508 1628 cognatos
1530 1554 1698 1623 mittantur,
1726 1569 1764 1609 ne
1785 1553 1850 1624 ipsa
1871 1551 1988 1622 quidem
2017 1565 2071 1606 ve-

196 1649 384 1728 στρατιωτῶν
404 1663 476 1712 τινες
497 1633 662 1712 ἐξελθόντες
683 1640 722 1705 εἰς
742 1627 780 1694 τά
800 1627 924 1712 ἐμπόριά
944 1653 975 1692 το
996 1632 1042 1691 καλ
1056 1653 1108 1711 χω·
1160 1637 1264 1712 ctigali
1293 1638 1505 1709 subiicientur3
1535 1639 1594 1695 nisi
1624 1640 1651 1695 si
1679 1639 1788 1709 quiex
1819 1637 1894 1708 ipsis
1916 1633 2068 1706 militibus,

196 1735 249 1812 ρία
269 1736 320 1810 τῆς
338 1727 495 1804 Ῥωμαϊκῆς
521 1728 571 1803 γῆς
592 1713 890 1802 άπεμπωλησουσιῖθ)
913 1711 1043 1796 ψυχάρια
1071 1719 1110 1785 είς
1160 1723 1198 1778 ad
1218 1724 1349 1794 emporia
1370 1728 1400 1778 et
1421 1724 1510 1780 nrbes
1532 1728 1629 1780 terrae
1651 1725 1803 1783 Romanae
1824 1720 1965 1792 protecti,
1987 1733 2074 1774 man-

197 1813 268 1889 οοῦι
288 1808 364 1876 κατά
384 1807 488 1886 τόι“)
517 1805 608 1869 οοόοι
629 1801 786 1884 ditiones,
814 1795 881 1872 τοὺς
911 1798 951 1880 μὴ
973 1821 1109 1877 παρευρε·
1160 1807 1240 1878 oipla
1261 1807 1389 1863 renitent
1410 1808 1633 1882 magistratibus
1656 1810 1721 1864 eius
1739 1805 1882 1881 regionis,
1904 1805 1953 1874 qni
1974 1819 2070 1875 expe-

197 1906 305 1971 6έυσας
332 1896 401 1968 ἴσως
430 1898 469 1966 είς
496 1890 649 1964 τοξείδιον,
676 1879 754 1949 οὗτοι
782 1888 815 1946 δέ
819 1928 831 1963 ,
859 1889 889 1946 ol
907 1879 1110 1963 ἐξωνησάμενοι
1160 1892 1281 1948 ditionis
1300 1907 1357 1948 non
1377 1893 1497 1948 luerunt
1512 1893 1683 1964 participes,
1705 1899 1777 1948 tune
1799 1890 1876 1946 enim
1898 1889 1951 1957 illi,
1974 1893 2071 1946 emto-

197 1981 336 2065 δηλονότι,
358 1974 518 2058 θελήσουσι
538 1973 826 2048 cumadmiratione
848 1968 957 2046 sebast)
976 1971 1023 2066 καλ
1037 1967 1110 2028 oino-
1160 1992 1210 2034 res
1231 1977 1365 2049 seilicet,
1391 1977 1536 2048 siquidem
1557 1993 1661 2034 rursus
1684 1994 1720 2034 ea
1741 1975 1888 2045 mancipia
1911 1974 1978 2029 aliis
2000 1987 2073 2044 per-

196 2072 382 2152 pentasonae
411 2057 578 2141 προσώποις
605 2062 723 2136 terpora.
749 2054 796 2116 ιὀοι
816 2059 961 2134 παρέχωσι
987 2075 1021 2114 το
1044 2074 1110 2129 κομ·
1161 2051 1246 2118 soni's
1275 2060 1420 2134 vendere,
1451 2061 1516 2118 sive
1546 2061 1633 2119 etiarn
1663 2062 1773 2118 donare
1795 2059 1911 2132 volent,
1940 2057 2072 2132 vectigal

196 2159 320 2234 μέρκιον.
347 2183 389 2196 -
433 2149 473 2225 [b.
501 2145 546 2222 2.]
581 2140 653 2206 ,Ἐάν
680 2144 712 2201 δέ
736 2160 808 2212 τινες
828 2143 858 2198 ἐκ
886 2145 943 2198 τῶν
964 2131 1111 2232 ἀρχόντων
1160 2160 1213 2218 pro
1236 2146 1280 2200 eis
1301 2146 1425 2202 solvant.
1452 2177 1485 2188 -
1518 2145 1568 2222 [β.
1591 2145 1640 2221 9.]
1681 2147 1714 2204 Si
1736 2147 1787 2218 qui
1808 2159 1893 2217 porro
1915 2159 1953 2198 εχ
1974 2143 2075 2216 magi.

196 2245 257 2300 τῶν
276 2233 317 2314 μὴ
339 2226 610 2306 eastervinum)
638 2219 816 2306 ἀνθρώπους
842 2219 938 2282 αὐτῶν
958 2219 1032 2299 μετά
1058 2241 1110 2299 την
1161 2230 1312 2302 stratibus,
1334 2231 1385 2301 qni
1407 2247 1464 2288 non
1485 2231 1517 2288 in
1538 2231 1728 2303 expeditione
1749 2232 1881 2302 suerunt,
1904 2232 1972 2300 post
1987 2226 2071 2282 redi-

196 2322 336 2395 έξέλευσιν
356 2323 407 2378 τοῦ
429 2311 633 2394 pacatione)
656 2306 706 2389 τὴν
734 2309 879 2388 γενομένην
901 2303 960 2367 ἀπὸ
988 2311 1039 2384 τῆς
1060 2325 1110 2366 ιιο·
1132 2303 1137 2318 '
1161 2319 1223 2370 tum
1255 2315 1405 2370 exereitus
1444 2330 1463 2370 e
1496 2319 1575 2372 terra
1609 2315 1711 2372 hostili
1745 2317 1875 2384 tactum,
1910 2312 2073 2368 familiares

197 2409 308 2488 λεμίαςΙ
336 2409 386 2482 γῆς
423 2397 615 2462 ἀποστείλωσι
648 2398 700 2456 τοῦ
735 2387 937 2470 έξωιὴσασδαι
970 2383 1109 2470 ψυχάριον
1160 2399 1292 2470 ipsorum
1329 2399 1481 2456 emiserint
1511 2400 1721 2472 mancipiorum
1754 2399 1942 2456 emendorum
1971 2411 2072 2468 eausa,

195 2495 294 2554 ταῦτα
327 2487 373 2550 ι’να
406 2477 663 2562 ιιομμερκεάωνται,
692 2482 750 2538 τῶν
783 2474 952 2555 άηοραστοῖν
982 2469 1112 2552 δηλονότι
1161 2484 1237 2540 haee
1260 2483 1403 2558 vectigali
1425 2485 1638 2556 subiicientur3
1667 2486 1710 2541 ita
1731 2486 1885 2556 nimirum,
1922 2485 1956 2538 ut
1977 2485 2074 2538 emto-

196 2569 380 2654 παρεκόπης)
408 2564 442 2630 πὸ
472 2569 645 2646 κομμέρκιον.
692 2563 740 2622 νιαλ
766 2568 859 2622 ταῦτα
885 2559 934 2639 pir
963 2561 1028 2637 περὶ
1054 2562 1112 2618 τῶν
1162 2583 1211 2624 res
1233 2567 1365 2642 vectigal
1387 2569 1511 2628 solvant.
1545 2573 1646 2642 Atque
1667 2571 1742 2626 haee
1770 2568 1886 2640 quidem
1909 2567 1945 2622 de
1967 2565 2076 2622 militi·

196 2653 449 2739 napattap'ov28)
474 2656 665 2730 monsterolo
688 2678 730 2691 —-
773 2647 887 2722 (Caput
907 2644 963 2719 lb)
986 2645 1061 2722 Περὶ
1082 2640 1112 2702 δὲ
1161 2653 1218 2709 bus
1240 2653 1490 2724 equestribus-
1512 2651 1636 2728 (Caput
1657 2654 1706 2731 2)
1749 2657 1794 2712 ue
1816 2653 1973 2710 navalibus
2003 2664 2076 2707 vero
2156 2671 2161 2684 ·

195 2751 255 2807 τῶν
276 2735 466 2814 πλωιξιιωνδθ)
489 2740 574 2796 τοῦτο
601 2729 790 2810 θισπίζομεν,
818 2726 863 2790 ἵνα
885 2723 949 2790 ὅσοι
969 2727 1019 2808 μέν
1040 2725 1111 2805 εὗρέ·

197 2825 371 2902 σκονταιῧθ)
393 2817 507 2901 andepo
527 2820 742 2898 πολιορκοῦντος
768 2811 823 2875 εἴτε
844 2809 1043 2892 κουρσεέιοντες
1063 2834 1111 2890 με·

195 2935 236 2974 τα
256 2916 308 2972 τοῦ
330 2908 540 2988 καβιιλλοιρικοῦ
562 2906 689 2980 στρατοῦ
711 2904 750 2971 είς
768 2899 905 2976 πολεμίαν
923 2903 972 2977 γῆν
988 2900 1035 2957 καλ
1051 2913 1109 2994 ηυν-

195 2991 285 3077 χάρια
311 2987 495 3074 χειρούμενοι,
523 2982 563 3068 pa}
591 2990 737 3066 παρέχωσι
765 2978 799 3044 τά
831 2987 1011 3062 κομμίρνιον·
1045 3002 1111 3042 οσον

196 3080 229 3140 δὲ
251 3073 422 3158 διερχόμενοι
449 3078 489 3145 είς
509 3068 547 3134 τά
566 3066 690 3150 έμπάριά
715 3071 814 3129 τεκαὶ
841 3070 931 3148 χωρία
959 3059 1110 3143 έξωνὴσον-

196 3186 248 3226 τοι
267 3161 328 3226 άπὸ
349 3155 628 3242 πραγματευτῶνῧῑ)
657 3151 676 3234 ἦ
697 3155 744 3214 καλ
765 3147 995 3230 Βοολμάροενῧδ)
1017 3145 1109 3230 ψυχά-

196 3271 254 3329 ρια,
277 3243 295 3329 ἢ
316 3249 364 3310 aad
385 3244 414 3318 ἐξ
435 3237 523 3322 άλλης
537 3247 588 3321 τῆς
609 3235 783 3316 οίασδηποτε
796 3232 1025 3319 προσκτήσονται
1040 3233 1109 3296 ιἰπο·

195 3337 325 3408 θέσεως,
355 3329 410 3392 εἴτε
439 3325 499 3389 ἀπὸ
528 3323 748 3406 χαριστικῆςῧῧ)
772 3319 880 3402 ἔχουσιν
890 3319 947 3398 ³⁴),
976 3318 1022 3381 ἵνα
1042 3343 1109 3398 κομ·

196 3414 396 3499 propassionem.
439 3407 489 3474 έάν
510 3410 541 3470 dl
560 3405 600 3488 μὴ
622 3401 705 3478 ὄντος
725 3407 851 3485 πολέμου
871 3409 946 3466 κατα
967 3401 1052 3467 δόλον
1072 3427 1111 3465 τι-

195 3503 242 3575 νὲς
262 3506 320 3564 τῶν
340 3501 474 3575 πλωέμων
493 3491 742 3573 άπολιίψουσιθῦ)
764 3484 902 3574 ψυχάρια,
938 3487 1038 3570 ἵναμὴ
1059 3483 1111 3570 μά·

195 3610 247 3650 νον
268 3585 302 3648 τὸ
324 3587 491 3664 κομμέρκιον
511 3581 658 3658 παρέχωσι
678 3572 750 3656 πρὸς
779 3571 812 3638 τὸ
835 3581 886 3636 τοῦ
908 3578 1044 3654 δημοσίου
1065 3577 1111 3652 μέ-

196 3695 259 3754 ρος,
282 3665 357 3732 άλλά
378 3669 425 3728 καλ
447 3661 571 3742 εὐθύνην
591 3660 771 3742 ὑφίστανται.
804 3692 845 3704 -
889 3660 930 3736 [b.
955 3660 997 3737 1.]
1025 3665 1065 3721 Et
1082 3659 1113 3720 δὲ

197 3757 295 3838 συμβῇ
317 3747 453 3822 πολλάκις
481 3749 526 3810 tat
548 3747 582 3809 τὸ
613 3744 686 3809 αὐτὸ
714 3743 784 3808 εἶναι
807 3745 855 3806 καλ
875 3747 1019 3822 πλωίμους
1038 3740 1112 3822 μετὰ

195 3848 250 3904 τοῦ
271 3837 481 3918 ιιαβαλλορικοῦ
503 3838 646 3913 στρατοῦ,
676 3835 728 3892 καί
745 3853 815 3902 τινες
835 3827 896 3890 άπὸ
926 3835 983 3890 ταῖν
1011 3825 1112 3911 άρχὸν-

195 3947 255 3987 των
282 3929 338 3986 τῶν
366 3919 563 4000 καβαλλαρίων
592 3911 722 3998 ψυχάρια
750 3909 984 3994 donatianus,
1019 3910 1037 3995 ἢ
1065 3916 1113 3976 ιιαλ

195 4005 435 4088 άπαχαρίσωνταί
461 4025 519 4064 τισι
545 4005 603 4063 τῶν
630 4001 780 4080 arietinae,
810 3998 855 4061 ένα
883 3999 1008 4079 μηδδῧθ)
1038 3995 1115 4062 αιἰτά

197 4088 452 4172 κομμερκιύωνται.

1161 2738 1218 2796 boc
1240 2738 1405 2811 sancimus,
1436 2743 1470 2794 ut
1498 2744 1640 2811 quotquot
1669 2741 1860 2796 inveniantur
1888 2741 1987 2793 eastra
2018 2751 2077 2792 ex-

1161 2825 1330 2895 pugnantes
1363 2824 1413 2879 vel
1444 2823 1619 2894 praedantes
1649 2841 1714 2882 cum
1738 2823 1867 2894 equestri
1890 2819 2076 2878 exercituin

1160 2906 1263 2962 hostili
1287 2912 1375 2981 terra,
1396 2913 1426 2964 et
1448 2909 1604 2979 mancipiis
1625 2911 1782 2980 potiantur,
1814 2923 1852 2963 ne
1874 2906 1993 2962 solvant
2015 2919 2071 2960 ve-

1161 2991 1270 3064 ctiga13
1293 2997 1363 3062 quot
1377 3007 1459 3064 vero,
1481 2993 1518 3048 ad
1533 2995 1662 3065 emporia
1684 2999 1714 3049 et
1728 2995 1817 3050 urbes
1832 2991 1967 3064 protecti,
1988 3005 2077 3046 man-

1161 3076 1240 3147 cipia
1261 3092 1279 3130 a
1301 3077 1513 3134 mercatoribus
1541 3078 1590 3134 vel
1618 3079 1759 3152 Bulgaris
1781 3077 1920 3148 emerint,
1951 3075 2000 3130 vel
2022 3088 2075 3146 per

1159 3159 1248 3215 aliam
1276 3176 1488 3234 quamcumque
1519 3164 1743 3221 conventionem
1775 3161 1986 3233 acquisierint,
2022 3157 2073 3213 vel

1160 3244 1237 3302 dono
1259 3246 1438 3320 acceperint,
1460 3247 1482 3302 ii
1503 3248 1637 3322 vectigal
1659 3249 1784 3304 solvant.
1827 3247 1881 3303 Sin
1898 3259 1969 3300 vero
1984 3242 2073 3314 qnie-

1162 3333 1266 3386 scente
1288 3330 1366 3388 bello
1395 3333 1543 3389 navalium
1566 3332 1689 3388 militum
1716 3333 1783 3403 quis
1805 3331 1952 3400 mancipia
1972 3328 2075 3384 dolose

1164 3415 1286 3486 ceperit,
1319 3431 1378 3474 non
1404 3416 1499 3474 solnm
1527 3417 1659 3491 vectigal
1690 3417 1788 3474 solvat
1816 3415 1942 3484 aerario,
1969 3412 2077 3469 sedet

1163 3499 1272 3556 rationi
1293 3500 1463 3558 reddendae
1486 3502 1631 3559 obnoxius
1653 3503 1750 3557 sit.-
1773 3499 1819 3576 [3.
1835 3498 1878 3574 1.]
1902 3499 1955 3556 Sin
1977 3503 2077 3554 antem

1162 3585 1241 3640 torte
1258 3585 1384 3660 accidat,
1406 3591 1440 3642 nt
1455 3587 1557 3644 eodem
1579 3587 1609 3644 in
1631 3587 1696 3643 loco
1711 3589 1868 3642 versentur
1882 3582 2005 3640 navales
2020 3597 2077 3638 eo·

1162 3668 1230 3740 piae
1263 3684 1330 3726 oum
1362 3673 1491 3743 equestri
1523 3671 1673 3743 exercitu,
1701 3675 1731 3727 et
1758 3669 1850 3740 aliqui
1872 3684 1890 3725 e
1911 3665 2075 3740 praetentis

1162 3753 1293 3826 equitum
1321 3757 1468 3827 mancipia
1494 3757 1683 3813 vendiderint
1706 3755 1757 3811 vel
1783 3753 1873 3811 etiam
1900 3750 2078 3808 donaverint

1163 3838 1313 3895 navalium
1340 3841 1505 3917 aliquibus,
1532 3857 1571 3898 ne
1598 3857 1636 3898 ea
1664 3839 1780 3914 quidem
1801 3837 1946 3913 vectigali
1976 3835 2075 3896 subii-

1163 3923 1301 3980 cientur:

351 4331 1080 4406 15)ῦοδδ.ῐπαι·.ο11>οι·15.3605τδιστρατηγέυ.
1115 4336 1157 4390 (11.
1174 4339 1220 4391 lle
1239 4341 1343 4393 Fresne
1359 4344 1384 4393 ln.
1403 4356 1428 4392 v.
1445 4357 1472 4408 p.
1491 4314 1566 4393 1458.
1585 4342 1660 4394 1159.
1746 4339 2075 4403 rependendarum.

195 4409 361 4480 προσέχοντι.
450 4403 689 4471 17)1)9ταξειδίην
708 4405 865 4454 conterendi
885 4405 928 4454 Du
946 4407 1093 4456 1“νυ.νιια11.
1112 4421 1137 4455 v.
1156 4423 1182 4470 p.
1202 4411 1276 4459 1518.
1308 4411 1405 4460 Iteinlre
1423 4412 1442 4460 l.
1460 4423 1484 4460 c.
1502 4426 1528 4474 p.
1545 4411 1606 4462 473.

194 4483 245 4530 rts.
264 4477 341 4527 200³.
360 4477 435 4539 ἔχειν.
530 4475 577 4533 19)
595 4473 660 4524 cod.
679 4474 765 4522 Paris.
784 4473 859 4522 1351.
878 4473 958 4521 babet
973 4473 1123 4541 τουρμάχης
1139 4477 1200 4524 vide
1218 4483 1304 4526 tamen
1324 4479 1368 4527 Du
1387 4479 1491 4529 Fresne
1508 4493 1533 4529 v.
1552 4481 1655 4550 τοῦρμοι
1671 4493 1697 4543 p.
1715 4481 1793 4531 1596.
1813 4478 1888 4529 1591.

1711 4412 1758 4472 18)
1777 4412 1860 4462 codd.
1878 4412 1959 4460 baur.
1977 4413 2006 4458 et
2021 4409 2075 4457 Pa-

1966 4476 2014 4533 39)
2032 4475 2075 4526 Gi.

195 4547 243 4596 liu
260 4546 367 4596 Frcene
384 4547 409 4594 11.
427 4557 453 4593 v.
471 4557 498 4605 p.
515 4542 557 4592 78.
609 4543 655 4598 31)
674 4542 727 4591 Pro
744 4539 810 4608 πρὸς
827 4544 956 4602 συγγενεῖς
974 4541 1055 4590 codd.
1075 4545 1156 4593 Larrr.
1174 4549 1203 4593 et
1218 4545 1303 4594 Paris.
1320 4547 1399 4597 aooa.
1417 4550 1573 4614 προσγενεές.
1623 4550 1671 4607 29)
1690 4547 1773 4598 codd.
1790 4543 1826 4610 μὴ
1845 4546 1879 4595 δέ.
1941 4545 1991 4601 93)
2009 4543 2073 4594 cod.

193 4615 278 4664 Laut.
297 4609 523 4676 δπιμπολήσουοι.
624 4609 673 4668 24)
692 4605 739 4658 τὸν
757 4611 857 4657 omittit
875 4608 941 4658 con.
960 4610 1044 4659 Paris.
1065 4610 1141 4661 1351.

1245 4615 1292 4670 25)
1311 4613 1377 4663 cod.
1395 4617 1477 4664 Laur.
1496 4612 1527 4664 τέ.
1624 4618 1671 4673 26)
1689 4616 1754 4665 Cau.
1772 4617 1854 4663 Lattr.
1872 4609 2075 4669 ταξειδεάονται.

193 4683 245 4740 27)
270 4680 336 4733 cod.
364 4679 451 4729 Paris.
477 4678 558 4730 2905.
581 4676 712 4734 nasama.
759 4676 801 4726 Gi.
825 4677 872 4726 Du
890 4677 995 4727 Faesus
1019 4691 1045 4724 v.
1071 4675 1207 4735 naqadana
1241 4695 1266 4742 p.
1291 4681 1366 4730 1691.
1391 4683 1466 4732 leae.
1502 4682 1601 4734 dictabe
1617 4686 1650 4732 ad
1669 4683 1760 4732 const.
1779 4683 1875 4743 Porpb.
1894 4695 1918 4742 p.
1936 4681 1996 4730 453.
2014 4679 2074 4728 «159.

192 4749 279 4800 Reitz
301 4751 329 4798 tn
348 4747 489 4796 Glossario
513 4746 548 4794 ad
570 4745 797 4806 Harmenopulum
820 4759 846 4806 p.
870 4743 931 4793 42³.

1043 4745 1090 4803 38)
1115 4747 1180 4796 Cod.
1204 4747 1289 4798 Parta.
1316 4749 1389 4798 1351.
1415 4751 1615 4820 sopp-latinator.
1659 4750 1699 4798 Cf.
1719 4751 1764 4798 ltu
1781 4749 1887 4798 Fresne
1903 4762 1929 4796 v.
1947 4747 2074 4812 καβάλλης

193 4831 222 4882 p.
240 4817 301 4867 536.
368 4815 416 4873 39)
435 4813 475 4864 (11.
493 4813 539 4863 Du
560 4813 663 4863 Fresne
680 4813 705 4861 h.
724 4825 749 4858 v.
767 4826 793 4874 p.
813 4811 887 4860 1181.
956 4811 1003 4870 30)
1022 4811 1087 4863 Cod.
1106 4815 1192 4864 Parta.
1210 4815 1286 4865 3665.
1305 4813 1480 4886 εὑρίσκονται.
1532 4819 1579 4876 31)
1597 4819 1637 4868 cf.
1657 4817 1846 4868 Retelrium'ad
1865 4816 1956 4866 const.
1975 4817 2073 4878 Porpb.

194 4886 231 4934 de
247 4885 358 4932 caertnr.
376 4882 417 4932 ed.
436 4884 519 4930 Boon.
537 4895 563 4943 p.
581 4881 640 4930 575.
709 4881 756 4938 33)
776 4879 842 4928 cod.
861 4881 946 4930 Parta.
966 4881 1041 4930 1351.
1058 4886 1125 4944 pavr
1143 4901 1193 4951 ρων
1211 4885 1310 4933 trlttmta
1329 4887 1418 4936 ltterts
1435 4889 1585 4948 expunctis.
1620 4885 1660 4934 De
1683 4885 1858 4947 titatgarorum
1882 4895 1943 4932 enm
1967 4885 2075 4945 ttyzan-

194 4955 262 5001 bints
279 4953 441 5000 commercio
457 4950 557 4998 videsis
575 4948 715 4998 Reislriam
733 4951 761 4996 in
779 4947 986 4998 Commentariis
1005 4949 1037 4998 ad
1056 4951 1194 5000 Constant.
1212 4953 1309 5014 Porplr.
1328 4953 1361 5002 de
1379 4957 1489 5004 caerlm.
1509 4967 1534 5016 p.
1553 4953 1614 5002 396.
1633 4953 1693 5001 997.
1728 4954 1799 5000 lttno
1815 4963 1882 5000 vero
1900 4953 1994 5015 colligi
2012 4959 2076 5014 post-

194 5031 229 5070 ne
247 5017 362 5078 videtur,
392 5021 560 5078 praesentem
584 5019 801 5064 constitutionem
827 5021 886 5077 post
901 5029 993 5079 piscem
1011 5029 1071 5066 earm
1085 5020 1328 5082 splendentiam,
1358 5024 1507 5071 itussorom
1530 5022 1641 5083 regulo,
1668 5033 1738 5084 enno
1756 5021 1816 5068 373.
1835 5023 1929 5068 initam
1950 5023 2074 5070 emissam

194 5098 268 5137 esse.
310 5083 352 5133 Gt.
371 5082 425 5132 beo
443 5083 558 5134 Diacon.
576 5085 646 5132 ltiat.
671 5083 719 5132 lx.
744 5081 785 5130 10.
812 5083 853 5131 11.
918 5098 921 5106 ’

973 5086 1022 5142 33)
1048 5085 1114 5136 Cod.
1141 5088 1222 5136 [aaut.
1241 5086 1453 5157 ἀποχαριπτικης.
1489 5087 1531 5137 Cl'.
1558 5087 1601 5138 Du
1619 5089 1724 5140 Fresne
1746 5103 1772 5138 v.
1788 5087 1935 5156 χαριστική.
1953 5103 1979 5150 p.
1999 5087 2073 5136 1⁷³³.

194 5150 499 5214 amasionum.
567 5151 613 5209 31)
631 5149 698 5200 cod.
715 5149 803 5200 earu.
820 5150 897 5200 1351.
916 5149 1013 5214 έχουσι.
1088 5154 1134 5214 35)
1151 5155 1192 5204 lta
1210 5154 1292 5206 codd.
1310 5157 1385 5205 nullo
1402 5167 1493 5206 sensu.
1525 5156 1571 5207 An
1587 5153 1774 5226 ἀπολήψονται
1794 5147 1851 5206 -λ
1926 5157 1972 5216 33)
1991 5154 2072 5207 Godd.

194 5220 234 5289 μὴ
249 5219 286 5272 δέ.
