4784 7068
263 553 388 623 'et
1059 551 1488 621 ATHANASil
1588 541 1593 550 ¹

329 742 407 814 διαί.
436 741 478 806 δ’.
508 743 626 808 δόναται
654 747 685 808 di
710 752 758 810 κοιλ
791 745 1003 826 ε’κποιὴσειςθθ)
1030 743 1168 824 όκητίτων
1199 745 1240 822 (τ.
1285 747 1470 802 constntiooe
1518 743 1561 816 4.1
1591 743 1750 803 delinitam.
1826 747 1929 804 Potest
1971 755 2068 805 autem
2112 751 2200 808 etiam

328 828 480 911 ἀκινήτων)
507 840 669 896 ποιεῖσθαι.
706 831 782 894 κατὰ
805 829 857 910 τὴν
885 829 1019 902 διόστιξιν
1046 836 1098 908 τῆς
1125 825 1162 890 ε’.
1182 833 1241 890 δια·
1284 832 1478 888 alienationes
1506 845 1603 886 rorum
1624 831 1813 887 immobilium
1845 834 1945 888 tacere
1966 835 2126 890 secundum
2149 837 2201 890 di-

328 920 435 994 τάξιως
456 923 507 980 τοῦ
527 915 618 976 αὐτοῦ
637 919 673 994 βιῑ
694 915 799 992 mim)
821 930 855 977 τίῐ
885 911 951 977 ὅσοι
971 916 1001 974 oi
1022 916 1053 992 μδ
1075 914 1119 992 (r.
1140 912 1242 993 μηβη)
1286 917 1471 972 stinctionem
1501 913 1531 970 5.
1562 916 1783 972 constitutionis
1811 917 1943 974 eiusdem
1971 919 2038 973 iibri
2061 927 2089 974 et
2112 921 2200 976 tituli.

329 1011 398 1070 εἰσὶν
413 1003 566 1083 βουλευταί
583 993 680 1060 ιὶδααυ
700 1000 809 1080 ἔχουσιν
820 1013 866 1060 κιο
886 1005 923 1070 εἰς
941 1001 946 1073 Ι
968 1002 1016 1078 63)
1030 995 1244 1077 βουλευτόςκα)
1286 1002 1344 1069 Qui
1371 1015 1442 1057 vero
1465 1001 1592 1056 curiales
1615 1015 1671 1055 nou
1694 1005 1773 1073 sunt,
1796 1003 1964 1058 inunitatem
1988 1003 2096 1082 habent
2117 1011 2145 1059 et
2167 1008 2199 1060 iu

330 1099 369 1162 εἰς
402 1085 515 1157 ἰδιώτας
535 1080 636 1164 μόρτις
657 1085 817 1162 cauasaffl)
840 1081 1040 1150 συναλλάττειν
1060 1081 1177 1164 δωρεάς.
1203 1085 1244 1146 Ἐ-
1288 1085 1416 1142 ourieiea
1452 1091 1483 1141 ei
1515 1086 1545 1139 in
1584 1085 1716 1155 privatos
1749 1087 1850 1142 mortis
1884 1103 1993 1142 causae
2025 1087 2200 1144 donationes

336 1166 1064 1259 γραίπρόιβ’.καλανδῶν(οἰο)......“)
1091 1173 1250 1250 βασιλεί-
1293 1171 1473 1227 corrteraodi.
1516 1170 1640 1241 Scripta
1669 1176 1714 1227 eat
1740 1176 1810 1226 onte
1840 1171 1891 1228 12.
1935 1173 2084 1229 Ceteudco
2111 1216 2200 1232 .....

331 1258 640 1332 ιιςἸουστινιοινοῡ
663 1253 989 1332 (adcommodavet)
1018 1251 1058 1316 τό
1081 1252 1137 1336 ιγ’.
1158 1254 1249 1315 due·
1291 1257 1411 1328 imperti
1431 1257 1597 1312 ίυιίὶνιὶοοί
1617 1271 1698 1312 anno
1720 1255 1773 1312 16.
1793 1253 1935 1328 Αμμίοοε
1955 1271 2015 1313 τοι.

332 1340 633 1416 τείας-Ἀπίωνος.

435 1521 571 1614 [e'.]“⁶)
599 1517 683 1622 περὶ
708 1524 918 1609 βουλευτῶν.
1378 1517 1517 1631 ¹Consi.
1543 1519 1579 1592 5.
1631 1505 1912 1595 De'curiaiibuS.

188 1723 249 1766 aar.
275 1717 332 1766 itit.
414 1697 448 1760 Ὁ
473 1691 561 1766 αὐτὸς
586 1689 718 1774 βασιλεὺς
750 1699 791 1770 τῷ
812 1693 899 1771 αὐτῷ.
941 1698 1067 1774 Καλῆς
1088 1693 1170 1774 ἡμῖν
1190 1717 1240 1756 νο·
1368 1693 1449 1750 idem
1477 1687 1635 1766 imperator
1663 1691 1769 1749 eidem.
1811 1695 1915 1752 Bonae
1935 1697 2021 1753 modia
2037 1698 2204 1762 sanctionis

330 1783 522 1867 μοδεοίας
549 1774 791 1858 ἀφορμήνθῖ)
1284 1781 1478 1838 occationem.

412 1865 446 1929 Ὁ
472 1867 504 1944 μ)
532 1863 580 1943 (υ.
600 1858 662 1942 μὴ)
691 1857 785 1940 όνθθ)
814 1859 965 1944 βουλευτὴς
992 1867 1109 1942 γραφεὶς
1129 1860 1242 1942 duddi)
1369 1865 1426 1931 Qui
1452 1862 1574 1919 curialis
1604 1878 1662 1919 non
1681 1867 1748 1933 est,
1775 1863 1802 1918 si
1831 1879 1850 1918 a
1877 1864 1982 1922 curiali
2009 1864 2139 1936 scriptus
2162 1866 2205 1920 sit

331 1954 484 2036 βουλευτοῦ
512 1944 685 2028 κληρονόμος
705 1949 932 2027 auocamento)
965 1945 1065 2010 ἑαυτὸν
1095 1954 1129 2027 τῇ
1155 1951 1242 2028 βουλῇ
1285 1950 1406 2022 haeres,
1433 1948 1623 2018 semetipsum
1652 1949 1754 2003 curiae
1786 1948 1857 2005 dato
1891 1953 1922 2004 ei
1955 1965 2021 2005 cum
2058 1950 2204 2023 progenie

332 2035 385 2101 σὺν
404 2039 470 2116 γονῇ
490 2032 521 2094 τλ
540 2035 588 2094 καλ
608 2027 687 2110 πόση
708 2034 837 2113 διαδοχῇ,
865 2035 912 2092 καλ
932 2029 1006 2093 ἔστω
1026 2030 1177 2110 βουλευτὴς
1196 2035 1244 2094 καὶ
1285 2051 1341 2090 aua
1361 2039 1392 2089 et
1412 2033 1547 2090 omnibus
1569 2033 1808 2105 successoribus,
1835 2037 1866 2089 et
1894 2035 2015 2090 curialia
2036 2039 2100 2090 cato
2123 2035 2205 2090 hae-

332 2115 512 2202 κληρονόμος.
535 2117 609 2180 aldi
626 2115 657 2188 ἰξ
676 2115 835 2183 dertosam>
855 2119 983 2177 καλεῖται
997 2119 1042 2176 ε’πλ
1065 2115 1115 2178 τότ
1140 2119 1244 2198 κλῆρον
1285 2133 1402 2189 resque.
1451 2117 1505 2174 Sin
1533 2122 1630 2172 autem
1658 2117 1695 2172 ab
1726 2117 1866 2174 intestato
1888 2123 2011 2174 vocatur
2031 2118 2067 2174 ad
2091 2119 2205 2174 haere-

331 2211 383 2272 τοῦ
396 2199 865 2280 τελευτησαντοςβουλυυιοῠ,ει”σα
876 2196 1020 2278 μηνῶνς’.
1033 2197 1206 2280 moerendum,
1220 2207 1247 2262 εἰ
1286 2204 1408 2259 ditatam
1442 2201 1575 2257 defuncti
1604 2201 1742 2276 curialis,
1769 2202 1847 2258 intra
1875 2201 1895 2256 6
1922 2219 2039 2258 menses
2059 2202 2202 2268 indicato,

332 2284 466 2370 πρόσεισι
479 2283 585 2362 eoru)
606 2287 717 2365 νλῆρον,
738 2275 818 2365 ε’φ’ᾦ
835 2286 880 2363 72)
893 2281 1033 2364 βουλεύειν
1045 2283 1098 2346 συν
1107 2292 1143 2363 τῇ
1157 2289 1244 2362 οἰκεία
1285 2288 1413 2344 adeetne
1441 2285 1652 2342 haereditatem
1681 2303 1718 2342 ea
1747 2287 1931 2360 conditione,
1954 2293 1986 2344 ut
2008 2287 2130 2344 curialis
2150 2290 2205 2344 fiat

332 2379 406 2458 γονῇ,
414 2375 469 2445 καί,
478 2377 529 2450 τῆς
542 2367 695 2440 ἐκδόσεως
707 2375 855 2450 γινομένης,
868 2371 1034 2448 λαμβανέτω
1046 2367 1244 2450 τίςπρόγματα
1287 2389 1354 2429 eum
1375 2387 1431 2427 sua
1451 2371 1611 2446 progenie,
1634 2375 1673 2440 et,
1695 2372 1722 2426 si
1744 2373 1795 2428 dat
1817 2371 1925 2428 oblatio
1947 2372 2094 2448 (euriae),
2116 2374 2205 2428 acci-

331 2465 384 2522 τοῦ
409 2451 628 2533 τελευτησαντος
645 2456 798 2532 βουλευτοῦ
819 2449 837 2532 ἢ
856 2450 952 2514 πάντα
977 2451 992 2532 ἰ)
1013 2447 1086 2534 ‘iret
1103 2454 1145 2530 (υ.
1164 2447 1243 2534 οἶγρι)
1287 2458 1348 2529 nito
1370 2471 1419 2511 res
1440 2455 1573 2512 defuncti
1596 2455 1731 2526 curialis,
1761 2461 1813 2512 aut
1834 2471 1952 2528 omnes,
1974 2462 2027 2512 aut
2048 2472 2142 2527 usque
2164 2457 2202 2511 ad

333 2547 391 2606 τῶν
401 2538 451 2610 e'.
467 2539 584 2620 οόγκιῶν
594 2537 650 2612 ²³).
671 2544 698 2600 εἰ
707 2539 794 2599 dirui
806 2533 916 2617 όρῳΝ)
929 2545 979 2599 τοῦ
991 2541 1142 2616 βουλεῦσαι
1156 2534 1244 2618 δορυ)
1287 2557 1391 2598 novem
1411 2540 1526 2596 uncias.
1563 2539 1596 2596 Si
1618 2555 1690 2596 vero
1712 2541 1767 2596 sub
1789 2541 1966 2611 conditione,
1989 2547 2022 2596 ut
2043 2543 2094 2598 tint
2116 2541 2203 2598 curi-

333 2651 416 2690 σεται
435 2619 587 2706 βουλευτὴς
599 2617 804 2702 πρόγματαῖῧ)
818 2625 866 2684 καὶ
877 2619 1054 2703 τραδιτεόση,
1069 2626 1244 2684 τοῦταέκδι-
1286 2627 1362 2697 aiis,
1381 2621 1506 2680 'curtatis
1519 2639 1567 2680 res
1581 2624 1736 2680 donaverit
1757 2631 1786 2682 et
1808 2625 1971 2692 tradiderit,
1993 2627 2049 2681 hae
2081 2642 2099 2679 a
2121 2627 2207 2682 curia

332 2716 500 2774 κείσθωσαν
512 2704 569 2770 iai
582 2711 634 2785 τῆς
645 2709 749 2785 βουλῆς
760 2711 808 2768 κοιλ
820 2704 950 2771 ἔστωσαν
963 2707 1120 2786 παράότῇ,
1139 2707 1191 2778 ἕως
1207 2703 1243 2768 όν
1284 2709 1487 2781 vindicantor,
1515 2715 1545 2764 et
1573 2725 1666 2780 penca
1693 2723 1757 2766 eam
1787 2717 1890 2782 sunto,
1929 2711 2023 2766 donec
2051 2711 2132 2765 iacta
2164 2710 2207 2764 sit

333 2796 408 2878 ἡῖθ)
422 2797 545 2864 ἐπίδοσις
567 2795 684 2872 γίνηται,
698 2787 804 2870 δηλαδὴ
819 2794 864 2852 ἐπί
875 2788 985 2867 ἑκάστῳ
998 2796 1105 2871 emma
1119 2813 1242 2871 πραττο-
1285 2795 1394 2852 oblatio
1425 2793 1577 2868 (euriae),
1613 2795 1804 2850 conficiendis
1832 2795 1948 2852 seilicet
1970 2794 2007 2850 de
2029 2810 2208 2866 quocunque

330 2885 421 2964 μέντοι
437 2871 645 2956 ὑπομνημάτων
658 2871 739 2954 παρὰ
749 2881 791 2952 τῷ
801 2868 917 2956 όργοντι
928 2879 974 2936 καὶ
988 2875 1111 2955 ἀζημίως
1121 2883 1174 2956 τῆς
1186 2881 1242 2936 ἰπι-
1285 2895 1358 2936 casu
1378 2879 1474 2952 gestis
1496 2878 1575 2950 atiud
1595 2879 1810 2952 magistratum,
1832 2885 1862 2935 et
1884 2881 2031 2935 oblatione
2053 2879 2119 2935 sine
2142 2880 2206 2936 uiio

216 3011 223 3022 .
330 2963 439 3035 δόσεως
450 2957 611 3043 προιοόοης.
640 2955 769 3031 τόςολτδλ
782 2957 821 3040 μη
836 2957 995 3040 περιγραφὴ
1010 2965 1120 3042 γίνηται
1132 2965 1243 3031 ἰτιίτοῖς
1283 2965 1388 3020 damno
1416 2962 1602 3034 procedente.
1632 2965 1679 3020 Ne
1700 2969 1798 3020 eutem
1819 2965 1870 3020 δν)
1891 2965 1990 3035 aitqua
2011 2963 2208 3020 circumseri-

330 3053 519 3131 βουλευταοῑς
530 3041 702 3124 πράγμασιν,
714 3041 766 3124 γρν)
780 3041 837 3106 iai
848 3045 894 3122 Π)
908 3049 1067 3126 σηραγίδας
1080 3045 1168 3108 αὐτοῦ
1180 3043 1183 3120 Ι
1195 3045 1240 3121 78)
1284 3050 1344 3121 otio
1366 3049 1395 3102 in
1409 3048 1498 3102 rebus
1520 3049 1684 3117 curialium,
1707 3043 1821 3120 oportet
1836 3049 1873 3106 ab
1888 3065 1923 3106 eo
1936 3055 1966 3104 et
1981 3049 2064 3104 curia
2085 3055 2116 3104 et
2136 3049 2208 3120 epi-

331 3136 458 3210 καὶτῆς
489 3133 592 3210 βουλῆς
627 3132 673 3188 καὶ
701 3135 752 3190 τοῦ
780 3125 940 3190 ἐπισκόπου
980 3131 1027 3190 καί
1055 3136 1106 3192 τοῦ
1133 3132 1241 3192 ἐνδίκου
1283 3149 1372 3204 acono
1395 3137 1424 3188 et
1443 3131 1600 3188 defensore
1621 3133 1685 3188 fleri
1713 3148 1809 3189 rerum
1831 3133 1964 3189 deiuncti
1986 3133 2107 3188 curialis
2129 3148 2209 3188 oon·-

333 3221 468 3302 γειίσίίαι
485 3211 523 3276 τα
536 3208 813 3292 τοδτελευτηοαντος
826 3214 930 3290 [adimi
945 3217 1098 3293 decimari
1110 3212 1240 3296 πράημα·
1282 3217 1489 3292 signationem,
1511 3217 1693 3274 conficiendo
1714 3223 1801 3273 antea
1823 3217 1982 3292 diiigenter
1998 3233 2098 3273 earum
2120 3218 2210 3290 insa-

333 3325 381 3376 τοι,
399 3297 539 3380 πρότερον
558 3295 723 3377 ἀναγραφῆς
743 3297 876 3378 ἀκριβοῦς
897 3298 937 3358 ἐπ’
960 3298 1056 3371 αὐτοῖς
1078 3298 1243 3379 προιούσης,
1285 3319 1349 3360 rum
1375 3291 1559 3373 inventario,
1595 3306 1625 3357 et
1655 3304 1834 3374 conservari,
1863 3303 1957 3358 donee
1977 3303 2058 3358 saeta
2078 3302 2119 3358 sit
2146 3303 2209 3358 ob-

334 3380 595 3486 κπληυλόττεσδαι
606 3387 707 3455 ταῦτα,
719 3387 814 3463 μέχρις
827 3377 1113 3461 ότανὴἰπίδοοιςθθ)
1128 3389 1245 3464 γένηται,
1286 3388 1358 3444 latio
1380 3385 1541 3441 seeundum
1563 3402 1614 3458 ee,
1642 3403 1718 3458 quae
1740 3393 1828 3442 antea
1849 3387 1928 3443 dicte
1949 3392 2025 3444 surtt.
2068 3387 2122 3444 Sin
2145 3403 2208 3442 au-

335 3494 410 3532 κατα
430 3467 468 3531 τὰ
488 3468 653 3547 ἔμπροσθεν
672 3472 810 3547 εἰρημένα
830 3474 857 3528 εἰ
878 3467 1122 3548 δδόγραφείςθῑ)
1136 3466 1153 3548 ἢ
1168 3468 1184 3530 ό
1198 3491 1247 3528 κα·
1295 3478 1353 3528 tem
1374 3471 1504 3542 scrindos
1525 3471 1676 3544 (haeres),
1704 3478 1769 3541 aut,
1792 3471 1843 3542 qui
1865 3470 1901 3527 ab
1924 3472 2063 3528 intestato
2085 3479 2168 3527 vocat
2176 3487 2217 3524 us

337 3551 682 3633 λοίμευοςίξόδιαίίίτον
695 3576 735 3632 μη
744 3555 875 3632 βουληθῇ·
888 3556 1029 3614 ἐπιδοῦναι
1041 3552 1149 3627 ε’·αυτόυ,
1163 3548 1254 3633 μόνας
1296 3561 1357 3622 est,
1386 3555 1512 3611 uoluerit
1542 3556 1731 3627 semetipsum
1754 3558 1875 3628 offerre,
1904 3556 1984 3612 solas
2012 3562 2072 3612 tres
2108 3557 2219 3612 uncias

240 3633 246 3648 ⁸
337 3637 461 3719 λήψεται
474 3633 526 3708 τὰς
539 3649 615 3715 τρεῖς
627 3634 748 3714 οόγκίας,
763 3633 796 3696 τό
807 3637 837 3698 δὲ
846 3633 1002 3718 έναοόγκιον
1017 3635 1252 3718 (αἰνιττοόγκιον)
1297 3641 1410 3712 capiet,
1446 3639 1614 3696 dodrantem
1651 3647 1749 3696 autem
1787 3641 1877 3697 cutia.
1928 3643 2100 3697 sinautem
2129 3641 2220 3696 muiti

336 3722 412 3806 ἤθδ)
434 3717 530 3801 βουλή.
553 3717 819 3792 πολλώνδὲόντωυ,
834 3727 862 3784 οἰ
873 3722 923 3799 μὲν
939 3719 1117 3802 βουλεύοντες
1132 3720 1185 3795 τὰς
1198 3719 1255 3790 θ’.
1297 3731 1382 3796 sunt,
1411 3724 1448 3796 ii,
1478 3725 1528 3794 qui
1557 3726 1684 3780 curiates
1706 3728 1794 3796 flunt,
1822 3726 1991 3781 dodrantem
2016 3725 2142 3796 capient,
2183 3726 2220 3789 ii,

337 3801 614 3888 υόγκίαςληψονται,
631 3808 660 3864 οἱ
673 3804 701 3864 δὲ
715 3799 754 3884 με)
767 3801 946 3882 βουλεύοντες
965 3803 1017 3879 τας
1040 3819 1116 3887 τρεῖς
1134 3807 1256 3888 οόγκίας.
1298 3815 1411 3876 autern,
1439 3810 1490 3880 qui
1521 3810 1648 3865 curiales
1677 3827 1735 3866 nou
1762 3813 1850 3882 iiunt,
1879 3814 1939 3865 tres
1970 3810 2082 3874 uncias.
2133 3809 2219 3866 Filia

338 3885 551 3993 ἡδυγόιτηρ83)
560 3893 613 3948 τοῦ
625 3889 970 3967 βουλευτοῦοοναηθεῖσα
979 3886 1051 3971 πρός
1064 3887 1154 3972 γόμον
1164 3891 1254 3968 τῴθδ)
1298 3893 1480 3965 decurionis,
1512 3909 1587 3964 quae
1615 3895 1797 3950 matrimonio
1825 3895 1982 3950 coniuncta
2011 3883 2057 3949 eet
2078 3909 2144 3950 curn
2165 3910 2221 3955 eo,

340 3977 504 4036 ἰπιδοσαντι
522 3967 624 4033 ἑαυτόν
648 3977 683 4049 τῇ
698 3974 786 4052 βουλῇ
807 3969 922 4052 deoida
936 3969 1103 4056 γίνουςόυτι
1118 3979 1255 4056 βουλευτῇ
1297 3980 1348 4050 qui
1371 3993 1405 4034 se
1426 3979 1523 4049 ipsum
1545 3979 1646 4035 curiae
1668 3979 1824 4050 obtulerit,
1846 3983 1896 4034 aut
1919 3995 1963 4050 eo,
1986 3979 2037 4049 qui
2059 3979 2095 4032 ab
2127 3978 2221 4034 eius-

340 4065 392 4136 τῆς
414 4056 502 4135 αὐτῆς
520 4052 736 4132 admonemus·
755 4054 913 4138 ὁλόκληρον
930 4059 982 4122 τὸν
997 4059 1067 4122 ι’διοτ
1086 4057 1255 4140 αληρουομὴ·
1298 4064 1363 4120 dero
1391 4062 1523 4118 civitatis
1551 4063 1709 4120 decurione
1737 4063 1906 4135 deseendit,
1936 4064 1966 4118 in
1988 4063 2113 4119 solidum
2135 4065 2222 4133 patri

266 4147 270 4156 '
342 4142 434 4218 σειθθ)
449 4145 569 4220 πατέρα,
583 4136 656 4218 πλὴν
669 4137 744 4220 εἰμὴ
757 4139 887 4220 ἔφθασεν
899 4148 1001 4216 διεῖναι·
1013 4140 1066 4216 τοὶς
1080 4157 1155 4224 τρεῖς
1167 4143 1256 4225 οόγκί-
1298 4163 1352 4204 suo
1374 4148 1480 4204 haeres
1512 4150 1577 4221 tiet,
1606 4149 1664 4204 nisi
1685 4149 1737 4204 ilie
1758 4155 1846 4203 antea
1866 4153 1927 4203 tres
1948 4149 2054 4204 unciae
2075 4149 2105 4204 in
2134 4148 2219 4204 aiios

341 4251 376 4301 tte
398 4231 500 4304 ἕτίρῡίί
521 4228 725 4303 παραπέμψας·
746 4226 897 4305 nodedi.
912 4229 1039 4305 πολλῶν)
1053 4227 1189 4290 δλοόσοῖν
1203 4235 1256 4288 δυ-
1300 4232 1468 4302 contulerit.
1510 4233 1565 4289 Sin
1587 4238 1683 4288 notem
1706 4233 1816 4288 multae
1837 4235 1907 4288 sunt
1928 4232 2023 4304 tiliae,
2046 4247 2114 4303 eae,
2136 4248 2222 4304 quae

340 4314 473 4393 γατίρωυ,
491 4314 523 4372 αἰ
535 4309 642 4390 pista)
654 4311 820 4388 βουλευταῖς
835 4321 1011 4392 γαμηθεῖσαι
1028 4319 1079 4392 τῆς
1095 4310 1184 4391 αὐτῆς
1204 4309 1256 4374 πό·
1299 4317 1460 4372 curialibus
1488 4318 1619 4372 eiusdem
1647 4318 1779 4373 civitatis
1801 4323 1979 4388 nurrscrunt,
2007 4322 2059 4372 aut
2080 4317 2135 4388 iis,
2164 4317 2223 4387 qui

341 4399 413 4466 λεως
432 4391 524 4473 ι’)τοϊς
544 4390 726 4457 ἐπιδεδωκόσι
745 4393 860 4467 ἑαυτοὺς
874 4401 908 4473 τῇ
926 4399 1012 4476 βουλῇ
1030 4393 1192 4476 λήμψονται
1214 4399 1256 4475 (υ.
1299 4417 1331 4456 se
1353 4401 1434 4472 ipsos
1457 4403 1558 4456 curiae
1580 4403 1763 4468 obtuierunt‚
1794 4402 1963 4458 dodrantem
1985 4401 2117 4472 capient,
2139 4402 2225 4457 reli-

341 4476 496 4559 λόιμονται)
512 4473 545 4540 τό
560 4471 718 4557 ίυοιοόγιιιοτ
738 4479 782 4557 (υ.
798 4476 1046 4560 §tractatoriae
1063 4481 1200 4542 δλλοιπαί
1220 4479 1254 4543 τὸ
1299 4501 1375 4556 quoe
1396 4491 1493 4541 autem
1514 4491 1575 4541 tres
1597 4488 1711 4543 uncias.
1755 4487 1808 4544 Sin
1831 4500 1901 4542 vero
1923 4501 2023 4541 omnes
2051 4491 2119 4541 suot
2149 4488 2226 4556 pri-

341 4559 504 4643 τριοόγκιου.
518 4567 620 4623 πασῶν
628 4563 663 4642 ,δί
677 4565 880 4624 ἰδιοπευουσῶν
896 4563 936 4641 (ν.
944 4564 1170 4640 ίδιωτεοονσῶν),
1181 4578 1256 4646 τρεῖς
1299 4575 1401 4643 ratae,
1420 4570 1477 4624 hae
1505 4571 1620 4641 quidem
1650 4577 1710 4627 tres
1733 4573 1836 4628 uncias
1859 4571 1987 4642 capient,
2013 4571 2096 4626 eurio
2117 4577 2226 4626 autern

341 4648 391 4728 μὲν
411 4637 496 4708 αὗται
512 4645 672 4725 κομίζονται
696 4658 772 4726 τρεῖς
796 4645 895 4726 όγκίας
915 4648 955 4725 (v,
977 4627 1163 4728 oerame)3⁸),
1190 4649 1255 4729 ἡδὲ
1298 4655 1468 4711 dodrantem
1488 4655 1660 4712 vindicabit.
1682 4657 1762 4713 Dicit
1782 4661 1879 4711 autem
1901 4653 2123 4729 (constitutio),
2160 4671 2226 4711 ea-

342 4728 430 4812 βουλὴ
453 4726 580 4810 ἐκδικήσῃ
600 4731 642 4808 (r.
664 4725 812 4810 ἐκδικίγσει)
836 4727 869 4792 τό
886 4727 1044 4812 ἰιαοόγκιον
1066 4735 1107 4809 (υ.
1129 4729 1255 4816 ἰνναοόγ-
1297 4755 1360 4796 rum
1375 4739 1454 4794 viros
1467 4739 1514 4795 lde
1527 4739 1657 4814 (bonis),
1668 4757 1744 4813 quoe
1759 4741 1796 4796 ad
1805 4738 1938 4816 [eonem]
1946 4754 2054 4795 uxores
2068 4755 2226 4811 pervene-

411 5015 459 5080 oo)
476 5017 569 5067 Codex
581 5011 724 5080 ἰκπυιήτιι.
795 5013 842 5080 61)
858 5016 912 5065 Pro
927 5017 972 5066 καὶ
989 5018 1080 5068 Codex
1098 5023 1177 5072 habet
1192 5019 1225 5084 ς“,
1242 5035 1295 5073 nou
1313 5025 1465 5073 inusitatam
1481 5025 1561 5074 vocis
1578 5023 1622 5073 καὶ
1640 5029 1744 5082 notam,
1761 5037 1828 5088 quae
1845 5025 1877 5074 ud
1897 5025 2095 5074 simulitudinem
2115 5028 2229 5074 numeri

345 5083 364 5142 ς’
384 5087 501 5137 accedat.
544 5085 673 5134 dienerua
692 5087 766 5133 recte
784 5083 849 5147 tegit
865 5083 918 5133 καὶ.
936 5087 1086 5150 iiriegeiiua
1103 5092 1131 5140 in
1149 5103 1182 5140 ea
1206 5095 1269 5141 nota
1286 5091 1440 5154 explicanda
1457 5103 1550 5154 parram
1570 5099 1643 5142 reete
1661 5097 1786 5142 versatus
1804 5099 1853 5142 est.
1929 5093 1975 5150 66)
1993 5093 2045 5142 Pro
2063 5091 2091 5140 dt
2107 5087 2144 5156 μὴ
2162 5091 2228 5142 Co·

344 5155 396 5202 dex
413 5155 492 5203 habet
508 5151 574 5211 δεμί.
650 5148 697 5211 66)
715 5151 809 5212 incipit
827 5151 954 5201 613166.
973 5155 1001 5202 lt.
1074 5157 1120 5222 64)
1137 5161 1182 5209 Sto
1199 5157 1298 5208 Codex.
1375 5157 1421 5222 de)
1445 5159 1530 5209 Deest
1551 5173 1649 5209 nomen
1673 5163 1775 5208 mensis
1793 5163 1818 5209 tn
1837 5161 1942 5209 Codice.
1982 5159 2077 5222 stropie
2094 5155 2226 5209 'iocatum

344 5219 411 5270 Vide
430 5223 535 5270 dieueri
558 5221 619 5268 idat.
637 5219 833 5298 ΝουοηηοΙθ.
910 5221 958 5280 66)
980 5222 1110 5274 Numerus
1128 5223 1160 5276 ι’.
1179 5227 1254 5276 deest
1271 5231 1298 5276 in
1315 5226 1420 5276 Codice.
1496 5225 1542 5288 67)
1560 5229 1598 5275 dd
1618 5231 1762 5292 marginem
1780 5227 1886 5278 Codicis
1904 5225 1964 5294 περὶ
1988 5224 2150 5294 κληρονόμων
2167 5229 2227 5276 τῶν

345 5289 499 5350 βουλευτῶν.
568 5289 613 5346 66)
629 5286 683 5335 Pro
703 5282 769 5350 όμη
788 5283 823 5336 ὧν
840 5287 931 5337 Codex
950 5290 1027 5339 habet
1043 5287 1058 5340 ό
1076 5292 1148 5352 μιών.
1202 5295 1248 5360 69)
1267 5295 1358 5345 Codex
1374 5289 1436 5344 ὑπο.
1511 5292 1558 5357 70)
1576 5296 1629 5345 Pro
1647 5295 1798 5364 προοαγίτοι
1816 5295 1908 5346 Codex
1931 5295 2009 5344 imbet
2027 5291 2152 5362 προσάγει
2172 5296 2226 5358 τῷ.

345 5353 392 5415 71)
408 5353 460 5402 Pro
478 5351 503 5402 εἰ
518 5349 702 5432 πρόσεισητὸν
717 5351 811 5404 Codex
828 5355 906 5404 habet
923 5352 947 5404 εἰ
962 5353 1028 5424 πρὸς
1045 5376 1068 5408 ει
1085 5357 1177 5411 οιότόυ.
1213 5363 1280 5411 Nor.
1300 5363 1361 5414 tot.
1384 5374 1442 5424 cap·
1459 5363 1486 5412 2.
1506 5361 1549 5410 καλ
1571 5361 1620 5427 τὴν
1637 5363 1733 5412 ἑαυτοῦ
1750 5361 1853 5428 γνώμην
1878 5363 1905 5411 ἐν
1930 5358 2098 5424 ὑπομνήμασι
2123 5359 2228 5422 δηλοῦν

347 5420 406 5469 riom
422 5423 508 5484 μηνοῖν
525 5419 552 5476 ἓξ
568 5425 609 5470 κοιλ
626 5439 683 5481 αμοι
698 5421 746 5482 μὲν
761 5419 896 5484 βουλεύειν
912 5419 961 5473 τόν
977 5426 1010 5492 τῇ
1029 5422 1112 5493 οἰκείᾳ
1129 5429 1239 5497 διαδοχῇ
1256 5428 1299 5479 καὶ
1316 5428 1468 5492 περιουσίᾳ,
1492 5422 1547 5487 ἅμα
1564 5428 1593 5476 δὲ
1610 5433 1734 5490 γενέσθαι
1752 5428 1917 5498 κληρονόμου.
1988 5430 2035 5492 72)
2053 5429 2145 5478 Codex
2160 5425 2227 5484 ἀῶ.

345 5486 391 5569 76)
409 5485 500 5538 Codex
517 5485 626 5568 οδγκηῖν
643 5502 697 5540 nou
715 5490 793 5538 trahet
810 5491 857 5540 aad
877 5493 915 5549 t'o.
986 5493 1033 5553 74)
1052 5495 1145 5546 Codex
1162 5497 1221 5548 ἰπιό
1239 5517 1266 5546 ο.
1342 5499 1391 5554 76)
1408 5497 1461 5545 Ρνο
1479 5509 1547 5544 voce
1565 5497 1708 5564 πράγματα
1726 5497 1818 5548 Codex
1836 5500 1913 5548 habet
1930 5484 2024 5565 anast.
2097 5497 2145 5557 76)
2163 5496 2229 5546 Pro

346 5553 471 5618 *100401
490 5557 566 5604 ΜΘ)
583 5573 609 5620 η·
678 5555 726 5617 77)
743 5557 835 5608 Codex
852 5553 915 5612 dno.
982 5559 1141 5629 dsiincipit
1158 5567 1204 5616 ioi.
1240 5565 1286 5616 oe.
1305 5567 1337 5613 ii.
1388 5563 1435 5629 76)
1452 5566 1497 5612 Sto
1514 5563 1613 5614 Codex.
1655 5566 1717 5614 Vox
1733 5563 1763 5619 εἰ,
1782 5579 1840 5616 cum
1858 5569 1896 5616 ait
1912 5576 2122 5627 supervacanea,
2140 5575 2157 5613 a
2174 5577 2229 5614 me

346 5626 421 5672 uncta
438 5622 539 5702 incitosa
556 5627 606 5672 eet.
678 5625 726 5682 66)
744 5625 836 5676 Codex
853 5622 870 5692 ἢ
887 5625 1004 5686 ἐπίδοσις
1020 5632 1099 5683 habet
1116 5647 1165 5696 pro
1184 5629 1201 5702 ἦ
1217 5633 1340 5688 ἐπίδοσις.
1419 5629 1466 5696 61)
1483 5631 1537 5680 Ρτο
1554 5627 1579 5680 εἰ
1594 5631 1620 5681 δί
1637 5627 1651 5681 o‘
1670 5633 1776 5696 γραφεὶς
1792 5633 1885 5684 Codex
1902 5635 1981 5683 trahet
1997 5629 2014 5696 ἢ
2032 5631 2059 5682 δί
2076 5627 2091 5679 ό
2108 5629 2228 5700 γροφνῇς.

346 5687 462 5748 ΒῗλΡῐῦ
480 5707 496 5753 η
514 5687 741 5755 0068711166ίῆ.
810 5693 855 5757 83)
873 5697 913 5745 Ad
930 5701 1078 5762 marginem
1101 5717 1135 5751 πι
1153 5701 1162 5752 ἰ
1180 5703 1334 5770 θυγατέροιν
1350 5700 1402 5748 τῶν
1418 5697 1570 5762 βουλευτῶν.
1653 5699 1699 5762 st)
1716 5701 1769 5751 i‘ro
1786 5703 1823 5766 τρῖ
1846 5701 1938 5752 Codex
1956 5700 2034 5750 habet
2049 5716 2094 5747 τιν.
2168 5699 2230 5762 aa)

345 5756 420 5805 Haeo
437 5761 480 5804 eat
500 5757 684 5818 interpretatio
709 5761 837 5812 dovetine
857 5763 918 5813 itii.
938 5775 995 5827 ean.
1018 5769 1045 5818 4.
1080 5720 1151 5820 ΙΙΙοιλ
1164 5783 1230 5820 eane
1247 5772 1360 5824 constat,
1377 5767 1499 5817 curiates
1517 5769 1602 5818 dictos
1626 5779 1688 5816 ease
1705 5773 1733 5818 et
1750 5783 1815 5825 eos,
1843 5772 1919 5832 ηιιίυ
1943 5769 2087 5818 decurione
2103 5766 2229 5816 deccan-

345 5825 417 5874 dant.
459 5825 525 5872 sunt
541 5825 612 5872 enim
628 5837 663 5874 ee
678 5825 738 5888 iege
756 5833 825 5892 nati,
852 5837 882 5880 ut
905 5833 1020 5882 conates
1043 5837 1115 5887 dant.
1160 5839 1227 5886 vide
1244 5838 1376 5886 licitatum
1399 5837 1426 5883 in
1448 5847 1561 5884 excurso
1585 5835 1644 5886 xv.
1662 5837 1694 5886 ad
1712 5837 1886 5898 'iitoopidium
1902 5851 1928 5899 η.
1948 5832 2027 5884 1206,
2062 5835 2113 5893 Qui
2129 5841 2231 5884 eutem

347 5903 439 5940 conae
456 5903 520 5940 aeae
539 5890 703 5950 obtuteruni,
721 5905 769 5942 eoa
786 5899 902 5948 ouriaiea
919 5901 1007 5950 tactos
1031 5917 1093 5953 osae
1115 5905 1186 5954 idem
1203 5905 1322 5954 Reitzim
1340 5903 1357 5951 i.
1376 5903 1393 5952 i.
1411 5917 1437 5966 η.
1457 5901 1647 5970 1606.,δοοιοι.
1725 5907 1771 5965 66)
1794 5903 1884 5955 Codex
1903 5899 2097 5971 antinomatice.
2170 5902 2230 5956 87)

346 5959 400 6008 Ρτο
418 5955 447 6008 αι’
462 5958 509 6020 μὲν
526 5957 618 6006 Codex
636 5959 712 6008 nabet
728 5957 756 6008 νδ
773 5981 828 6022 μιν.
902 5969 950 6028 66)
967 5969 1058 6020 Codex
1076 5967 1170 6034 όγκίας.
