4748 7074
418 531 494 601 rso
820 483 823 490 ⁴
1114 490 1538 600 rno'nnooun'mu.

414 719 450 788 6.
474 722 517 788 Α.
544 717 706 786 illustrare
733 718 871 788 videtur.
914 717 961 787 lbi
998 736 1068 783 oum
1099 717 1245 804 singulae
1270 717 1362 802 tituli
1388 713 1539 800 vigesimi
1573 709 1707 778 secundi
1742 710 1989 779 constitutiones
2017 710 2138 778 relatae
2164 711 2223 790 sint,

413 829 490 909 post
509 823 591 888 ista:
619 817 663 892 ς’.
693 821 762 906 περὶ
789 821 848 884 τοῦ
869 816 927 894 τὰς
954 819 1052 893 θείας
1073 815 1228 894 κελεύσεις
1254 815 1445 902 ὑπογραφὴν
1466 818 1549 892 ἔχειν
1571 815 1627 878 τοῦ
1653 817 1858 896 νοιαίστορος
1891 813 1971 877 haec
1999 811 2171 878 habentur:
2193 813 2226 892 ζ’.

412 925 482 1005 περὶ
503 918 667 1010 διαφόρων
694 915 953 1002 ἀναγνωσμάτων
980 915 1047 999 κγ’.
1112 919 1158 986 Ut
1184 917 1319 1004 proinde
1346 935 1411 982 non
1441 915 1524 980 satis
1552 921 1696 994 constet,
1724 921 1827 979 utrum
1854 914 1957 978 nostri
1980 909 2111 978 Codicis
2137 914 2227 978 scriba

411 1021 551 1087 libellum
578 1024 647 1108 περὶ
674 1019 837 1108 διαφόρων
863 1015 1125 1105 ἀναγνωσμάτων
1152 1040 1210 1106 pro
1232 1018 1327 1112 tituli,
1336 1015 1487 1102 vigesimi
1514 1015 1647 1082 secundi
1675 1015 1904 1081 constitutione
1933 1013 2087 1098 septima,
2115 1033 2155 1078 an
2181 1035 2226 1098 pro

413 1120 505 1186 titulo
527 1121 684 1206 vigesimo
707 1121 802 1188 tertio
824 1121 944 1186 habere
965 1119 1124 1186 maluerit.
1167 1119 1282 1206 Itaque
1304 1119 1387 1182 satis
1413 1124 1568 1208 apparet,
1599 1117 1697 1184 etiam
1724 1113 1764 1179 ab
1786 1113 1881 1180 huius
1902 1113 2018 1182 indicis
2041 1113 2227 1199 compilatore

412 1223 497 1290 hune
516 1223 655 1289 libellum
677 1242 734 1310 pro
757 1221 838 1286 tituli
861 1217 923 1286 22.
945 1220 1106 1306 paratitlis
1132 1218 1272 1285 habitum
1292 1239 1357 1286 non
1378 1238 1466 1286 esse.

537 1325 581 1390 ll.
611 1319 725 1390 Codex
751 1321 914 1408 Graecus,
942 1321 995 1406 qui
1023 1320 1108 1386 inter
1139 1319 1238 1384 libros
1272 1317 1415 1385 eiusdem
1451 1319 1665 1385 bibliothecae
1699 1316 1935 1401 manuscriptos
1967 1332 2098 1381 numero
2128 1311 2227 1381 1347.
2260 1296 2263 1305 ¹

412 1425 559 1510 signatus
594 1431 664 1506 est,
696 1421 881 1508 descriptus
913 1421 968 1488 ille
1003 1419 1129 1508 quidem
1163 1440 1184 1486 a
1220 1419 1359 1505 catalogi
1393 1419 1518 1506 Regiae
1551 1419 1764 1484 bibliothecae
1799 1417 2057 1502 compilatoribus
2092 1420 2163 1480 tom.
2193 1415 2228 1480 ll.

412 1548 445 1612 p.
469 1523 559 1592 300.
587 1525 626 1590 B.
675 1523 742 1592 Est
776 1524 984 1610 chartaceus,
1017 1521 1154 1607 saeculi,
1195 1527 1230 1586 ut
1264 1527 1298 1587 et
1328 1521 1369 1587 V.
1399 1519 1449 1587 Cl.
1476 1519 1644 1586 Edrmrdo
1679 1513 1937 1607 Zocbartoew)
1970 1517 2096 1604 placet,
2129 1515 2228 1580 decimi

413 1627 509 1692 sexti.
554 1624 705 1692 Continet
733 1625 877 1710 eclogam
903 1625 1131 1712 Basilicornm,
1160 1623 1317 1689 Novellas
1343 1623 1570 1708 imperatorum
1598 1619 1792 1688 Graecorum
1820 1619 1979 1698 selectas,
2009 1615 2147 1683 Cosmae
2172 1637 2229 1681 ma·

296 1776 299 1784 .
412 1729 506 1811 gistri
536 1729 728 1808 sententias¹
751 1729 820 1810 περὶ
854 1729 1034 1812 παροίκων,
1079 1724 1283 1810 partitionem
1319 1725 1451 1790 brevem
1485 1721 1713 1812 Digestorum,
1743 1717 1860 1804 ῥοπάς,
1908 1719 2002 1786 aliam
2037 1717 2230 1783 Novellarum

411 1828 666 1913 Byzantinarum
688 1827 926 1912 collectionem,
955 1825 1101 1910 eclogam
1122 1825 1332 1890 Novellarum
1353 1825 1492 1911 Leonis,
1520 1823 1658 1891 Sisinnii
1681 1821 1884 1910 patriarchae
1906 1819 1947 1887 de
1969 1819 2104 1886 incestis
2125 1820 2231 1903 nuptiis

412 1929 599 2016 epistolam,
630 1929 743 1995 librum
783 1927 825 1994 de
853 1926 1048 2015 actionibus,
1090 1944 1321 2012 mensurasque
1353 1928 1598 2012 geometricas,
1644 1925 1683 1991 In
1711 1943 1750 1990 eo
1779 1923 1890 1988 codice
1925 1929 2068 1987 nostrum
2106 1919 2230 2000 libellum

353 2070 360 2084 ·
412 2029 524 2095 haberi
554 2027 789 2095 Zceburioeus
816 2046 868 2094 me
896 2025 1018 2104 docuit,
1047 2045 1169 2114 proque
1196 2045 1252 2112 ea,
1288 2033 1444 2114 quaest,
1482 2027 1678 2094 humanitate
1705 2025 1885 2110 scripturae
1913 2023 2107 2090 varietatem
2132 2041 2173 2088 ex
2199 2039 2231 2085 eo

411 2136 573 2196 enotatam
594 2150 716 2196 mecum
737 2129 967 2196 communicare
988 2128 1100 2193 voluit.
1142 2127 1177 2192 Is
1199 2127 1325 2194 libellus
1353 2133 1429 2214 post
1449 2127 1550 2212 ῥοννάς
1577 2129 1703 2215 positus
1723 2125 1853 2192 videtur
1874 2143 1961 2190 esse.

538 2231 600 2296 lll.
633 2229 747 2296 Codex
775 2229 940 2316 Graecus,
966 2229 1019 2314 qui
1046 2229 1130 2294 inter
1157 2227 1300 2294 eiusdem
1327 2229 1541 2298 bibliothecae
1568 2229 1668 2294 libros
1695 2247 1825 2294 numero
1856 2223 1971 2290 1351.
2002 2223 2149 2308 signatus
2179 2229 2231 2302 est,

412 2333 597 2418 descriptus
625 2329 680 2396 ille
707 2329 834 2416 quidem
860 2349 881 2396 a
909 2329 1048 2414 catalogi
1073 2329 1199 2413 Regiae
1227 2329 1440 2398 bibliothecae
1474 2331 1731 2418 compilatoribus
1761 2335 1836 2395 tom.
1857 2327 1900 2393 11.
1923 2347 1956 2413 p.
1980 2322 2070 2389 301.
2092 2324 2135 2388 A.
2176 2321 2233 2388 Est

412 2435 613 2518 chartaceus
642 2431 774 2516 sacculi,
795 2437 830 2496 ut
851 2437 884 2497 et
905 2429 946 2496 V.
969 2427 1018 2495 Cl.
1040 2427 1437 2498 Ednrrrdo'Zaclrortaeo
1451 2427 1612 2521 placet²],
1635 2430 1750 2498 decimi
1771 2430 1881 2516 quinti.
1926 2425 2089 2506 Continet,
2110 2431 2232 2490 auctore

411 2527 688 2622 Zacborr'oeoitj,
712 2533 854 2618 eclogam
874 2531 1104 2620 Basilicarum,
1130 2531 1287 2598 Novellas
1307 2534 1532 2620 imperatorum
1554 2531 1750 2598 Graecorum
1771 2529 1930 2618 selectas,
1953 2529 2094 2612 eclogam
2116 2524 2233 2590 Novel-

407 2635 509 2700 larum
530 2633 669 2718 LeoniS,
697 2623 792 2699 aliam
813 2633 1067 2719 Byzantinarum
1087 2633 1295 2700 Novellarum
1315 2633 1556 2721 collectionem,
1583 2631 1785 2699 iurisiurandi
1805 2630 1847 2697 de
1869 2631 1926 2717 iis,
1954 2631 2008 2716 qui
2029 2645 2160 2694 munero
2180 2627 2232 2692 ob-

408 2741 497 2822 eunt,
517 2735 692 2812 formulam,
714 2731 879 2800 Eustathii
900 2735 1046 2819 magistri
1066 2733 1206 2800 libellum
1228 2733 1268 2800 de
1290 2734 1459 2820 hypobolo,
1481 2734 1819 2820 anonymiscriptoris
1841 2731 1881 2798 de
1901 2731 2111 2818 contumacia,
2132 2727 2234 2810 tutela,

407 2835 534 2922 peculio
546 2835 706 2900 castrensi
721 2839 754 2899 et
767 2833 924 2920 paganico
936 2834 1059 2924 librum,
1076 2833 1188 2918 ῥοπάς,
1205 2835 1344 2901 libellum
1360 2839 1429 2920 περὶ
1442 2835 1607 2924 διαφόρων
1619 2832 1879 2918 ἀναγνωσμάτων
1892 2825 2100 2924 (1014272),
2122 2829 2232 2912 lexica,

407 2935 522 3022 quibus
543 2954 644 3001 voces
669 2936 748 2999 iuris
773 2933 993 3023 declarantur,
1021 2941 1188 3022 quattuor,
1209 2943 1335 3023 septem
1356 2935 1559 3024 Sapientium
1580 2937 1868 3024 apophthegmata,
1899 2935 1941 3000 de
1968 2933 2128 2998 mensuris
2149 2931 2233 3013 frag-

408 3041 560 3122 mentum,
581 3035 742 3101 lllatthaei
764 3035 910 3104 monachi
932 3034 973 3102 de
996 3037 1110 3102 officiis
1131 3057 1267 3124 magnae
1289 3039 1450 3105 ecclesiae
1472 3047 1507 3105 et
1521 3039 1615 3104 aulae
1630 3037 2006 3122 Constantinopolitanae
2021 3052 2142 3099 versus
2157 3031 2233 3117 poli-

407 3139 508 3225 ticos,
530 3143 708 3224 postremo,
735 3156 817 3222 quae
840 3143 962 3202 tantum
984 3137 1155 3225 bibliopegi
1176 3159 1285 3207 errore
1306 3141 1338 3206 in
1366 3139 1450 3205 hunc
1473 3139 1616 3206 codicem
1638 3139 1797 3206 translata
1826 3145 1917 3219 sunt,
1947 3133 2120 3202 Michaelis
2139 3131 2235 3197 Pselli

408 3238 449 3306 de
477 3237 631 3324 gradibus
659 3237 858 3323 cognationis
888 3237 1073 3324 epistolam,
1105 3240 1259 3306 lobannis
1287 3241 1442 3329 Xiphilini
1471 3240 1513 3306 de
1541 3241 1745 3327 sponsalibus
1767 3239 1918 3326 opuscula
1940 3235 2023 3324 duo,
2051 3235 2147 3301 aliam
2167 3231 2234 3318 By-

407 3341 607 3406 zantinarum
628 3338 835 3406 Novellarum
857 3339 1094 3425 collectionem,
1124 3339 1260 3428 denique
1282 3342 1323 3410 de
1350 3343 1541 3408 haeresibus
1569 3343 1790 3427 fragmentum.
1842 3341 1882 3406 In
1904 3358 1943 3407 eo
1964 3336 2076 3404 codice
2097 3341 2235 3402 nostrum

361 3496 367 3509 .
405 3441 544 3506 libellum
566 3440 680 3507 haberi
699 3441 934 3508 Zacharioeoa
960 3441 1081 3528 primus
1108 3461 1160 3509 me
1181 3442 1290 3510 docuit
1310 3441 1458 3532 idemque
1481 3443 1579 3510 etiam
1606 3445 1785 3530 scripturae
1806 3443 1998 3510 varietatem
2026 3457 2070 3504 ex
2091 3455 2132 3504 eo
2159 3435 2234 3502 libro

405 3542 481 3608 mihi
502 3541 732 3627 suppeditavit.

529 3641 588 3706 IV.
633 3635 746 3708 Codex
768 3639 925 3728 Graecus,
947 3643 1001 3730 qui
1020 3644 1107 3711 inter
1127 3645 1229 3712 libros
1250 3644 1392 3712 eiusdem
1414 3646 1626 3714 bibliothecae
1646 3646 1882 3732 manuscriptos
1903 3659 2032 3709 numero
2059 3633 2173 3703 1357.
2196 3633 2234 3698 A.

406 3744 554 3828 signatus
581 3741 733 3823 habetur,
760 3743 940 3830 descriptus
962 3743 1016 3810 ille
1034 3745 1205 3832 quideme
1232 3747 1370 3832 catalogi
1398 3747 1541 3813 ciusdem
1571 3747 1784 3814 bibliothecae
1811 3741 2069 3832 compilatoribus
2097 3746 2173 3804 tom.
2193 3735 2234 3800 II.

404 3864 437 3928 p.
462 3838 553 3907 620.
595 3839 661 3907 Est
686 3845 963 3934 membranaceus,
988 3847 1106 3932 partim
1133 3847 1256 3914 saeculi
1283 3847 1397 3914 decimi
1426 3850 1541 3934 quarti.
1584 3847 1736 3916 Continet
1757 3855 1865 3914 autem
1892 3843 2048 3931 synopsin
2076 3839 2236 3905 Basilieo-

404 3965 490 4032 rum,
510 3943 670 4009 Novellas
699 3944 924 4030 imperatorum
952 3945 1224 4036 Byzantinorum,
1253 3946 1390 4015 Sisinnii
1412 3950 1615 4034 patriarchae
1644 3949 1823 4036 synodicam
1831 3996 1842 4038 ,
1868 3967 1910 4014 ne
1932 3945 1993 4011 dno
2015 3944 2136 4009 fratres
2157 3941 2236 4008 duas

406 4045 616 4112 consobrinas
636 4064 756 4111 uxores
777 4045 915 4135 ducant,
951 4048 1125 4114 Athanasii
1146 4049 1348 4134 patriarchae
1370 4049 1539 4140 quaedam,
1569 4051 1691 4120 sedium
1712 4051 2026 4137 metropolitanarum
2049 4043 2238 4130 catalogum,

405 4147 558 4234 anonymi
580 4147 725 4235 lexicon,
753 4168 814 4234 quo
844 4149 923 4214 iuris
950 4149 1053 4216 verba
1080 4149 1302 4238 declarantur,
1327 4151 1527 4218 Moschionis
1554 4153 1771 4239 hypothecas,
1800 4149 1885 4218 aliud
1912 4148 1991 4220 iuris
2018 4145 2157 4212 lexicon.
2198 4143 2237 4207 ln

407 4265 446 4314 eo
475 4247 586 4314 codice
611 4245 713 4330 ῥονάς
740 4255 774 4314 et
801 4249 942 4316 libellum
963 4253 1033 4336 περὶ
1053 4251 1144 4338 diam.
1173 4248 1434 4334 ἀναγνωσμάτων
1462 4254 1573 4320 inesse
1601 4253 1709 4320 docuit
1737 4253 1778 4318 V.
1803 4251 1855 4319 ch·
1882 4248 2070 4316 Edicordus
2098 4244 2236 4311 Zacha-

406 4343 583 4440 rtoeost),
612 4349 664 4434 qui
686 4348 769 4414 idem
792 4350 862 4416 eius
883 4351 956 4416 libri
978 4351 1088 4418 varias
1115 4351 1274 4418 lectiones
1314 4372 1436 4420 mecum
1466 4356 1720 4420 communicavit.
1783 4351 1876 4438 Quae
1905 4348 2033 4438 quidem
2060 4347 2237 4434 scripturae

408 4451 560 4528 varietas,
581 4469 651 4516 cum
672 4450 741 4516 fere
762 4469 891 4536 semper
912 4471 983 4516 cum
1005 4451 1086 4540 eius,
1107 4471 1200 4540 quem
1221 4455 1362 4522 secundo
1384 4455 1455 4521 loco
1469 4456 1571 4542 posui,
1593 4456 1714 4522 codicis
1727 4450 1910 4522 testimonio
1924 4451 2119 4538 consentiat,
2141 4449 2238 4534 digna

403 4550 478 4616 visa
499 4569 563 4620 non
584 4557 654 4639 est,
679 4552 815 4636 quaein
836 4551 922 4619 notis
944 4559 1225 4640 commemoretur,
1252 4556 1314 4620 nisi
1336 4555 1366 4620 si
1387 4556 1461 4642 quid
1484 4557 1524 4622 ab
1546 4557 1639 4622 huius
1659 4557 1731 4621 libri
1752 4556 1815 4622 side
1836 4556 1913 4620 abit.

533 4649 573 4718 V.
615 4649 729 4718 Codex
757 4652 1033 4741 vindobonensia,
1061 4655 1113 4740 qui
1134 4653 1220 4720 inter
1242 4653 1427 4722 Caesareae
1448 4657 1660 4724 bibliothecae
1690 4657 1912 4743 supplementa
1940 4653 2081 4720 numeris
2101 4649 2238 4719 XLVII.

403 4758 438 4819 et
459 4751 615 4820 XLVIII.
645 4753 792 4837 signatus
820 4753 972 4840 habetur,
999 4754 1181 4842 descriptus
1202 4757 1257 4824 ille
1278 4756 1405 4843 quidem
1433 4775 1453 4823 a
1481 4757 1627 4824 Kollario
1649 4759 1682 4824 in
1709 4759 1787 4826 libro
1814 4759 1914 4846 primo
1945 4756 2237 4841 supplementorum

404 4861 483 4922 tom.
509 4852 538 4918 I.
568 4875 600 4938 p.
629 4851 710 4918 334
731 4892 770 4902 —
793 4851 881 4922 341.
946 4853 1012 4919 Est
1039 4856 1072 4920 in
1100 4856 1191 4945 folio,
1226 4857 1437 4946 chartaceus,
1472 4857 1618 4926 loliorum
1647 4855 1758 4946 355„
1794 4859 1915 4927 saeculi
1948 4855 2064 4922 decimi
2098 4852 2236 4940 septimi

404 4951 544 5020 Constat
565 4953 687 5020 duobus
709 4955 939 5044 voluminibus,
967 4957 1110 5024 continet
1137 4959 1296 5044 synopsin
1323 4957 1555 5050 Basilicarum,
1591 4960 1750 5028 Novellas
1777 4959 2002 5047 imperatorum
2029 4955 2236 5042 Byzantino-

400 5075 488 5142 rum,
524 5055 656 5121 brevem
690 5055 900 5142 Digestorum
933 5059 1153 5148 partitionem,
1185 5057 1303 5142 ῥοπάς,
1344 5060 1439 5126 aliam
1473 5063 1682 5130 Novellarum
1717 5061 1971 5148 Byzantinarnm
2005 5057 2238 5138 collectionem,

403 5157 548 5242 eclogam
582 5157 791 5224 Novellarum
824 5159 963 5248 LeoniS,
1003 5159 1141 5247 denique
1182 5157 1338 5246 quandam
1372 5159 1487 5228 Basilii
1516 5163 1849 5250 Porphyrogennetae
1881 5160 2063 5227 Novellam.
2123 5159 2162 5224 ln
2196 5171 2235 5219 eo

403 5257 515 5324 codiee
550 5257 662 5325 haberi
690 5265 835 5326 nostrum
862 5261 1001 5327 libellum
1031 5261 1073 5326 V.
1095 5261 1145 5327 Ill.
1175 5260 1339 5328 Bicraeras
1367 5281 1418 5328 me
1447 5263 1618 5332 admonuit
1677 5265 1795 5352 Incipit
1822 5284 1844 5330 a
1868 5263 1943 5329 folio
1966 5259 2057 5327 220.
2085 5259 2125 5325 B.
2182 5253 2237 5322 Ad

402 5359 578 5443 marginem
612 5359 733 5426 codicis
770 5361 917 5427 rubricae
952 5362 1111 5428 habentur
1142 5361 1310 5450 legumque
1346 5363 1568 5450 allegationes.
1621 5366 1746 5434 Partim
1776 5358 1868 5433 limus
1898 5363 2042 5452 opusculi
2070 5361 2155 5430 idem
2184 5357 2237 5424 vit

403 5461 699 5542 praestantissimus
721 5481 841 5528 meeum
862 5462 1094 5530 communicare
1120 5465 1231 5529 voluit.

551 5763 883 5827 meipsamcrs
983 5769 1186 5833 cannam.
1286 5775 1350 5833 aar.
1367 5776 1386 5825 1.
1402 5787 1426 5839 p.
1445 5777 1487 5825 so.
1505 5783 1559 5826 not.
1577 5775 1620 5828 rs.
1725 5778 1790 5838 ωε
1812 5781 1831 5829 ι.
1849 5795 1873 5843 1».
1889 5778 1931 5830 aa.
1949 5783 1976 5828 et
1992 5791 2047 5842 seq.
