4784 7068
326 599 475 668 ·1m
878 586 881 592 '
1132 593 1558 664 aumannsu

393 789 604 864 ἐξιονσατίονος
625 793 738 850 δίκαιον.
777 786 936 871 Ἐγριίηη
957 783 1025 868 πρὸ
1047 788 1080 856 ἶζ,
1109 784 1303 849 καλάνάων
1345 785 1508 843 cusatinnis
1530 786 1646 842 liabent.
1689 789 1813 860 Scripta
1834 793 1963 846 estante
1979 792 2008 846 7.
2025 792 2226 856 valendano.

387 871 679 955 Aiyoiaaeavtt)
713 877 917 952 βασιλείας
949 872 1219 934 Ἰονστινιανοῦ
1260 872 1303 948 (v.
1343 875 1448 942 μανίαν
1469 873 1585 942 imperii
1606 873 1773 928 Iustiniani
1794 889 1876 930 ονοεο
1899 875 1951 932 ie.
1975 881 2231 946 postconsulatum

391 957 681 1034 ’ίονστενιανοίὴ
717 955 757 1020 τὸ
786 956 886 1038 ιβ’θθ)
914 951 1005 1036 μετὰ
1033 953 1092 1036 την
1119 955 1304 1018 ὑπατείαν
1346 956 1452 1012 11αείίὺ
1472 971 1553 1012 aleno
1574 957 1605 1012 2.

395 1045 599 1105 Βασιλείαν
620 1038 657 1104 τὺ
680 1038 721 1122 β’.

494 1222 551 1297 ια’.
584 1221 666 1326 περὶ
681 1219 1010 1313 ἀποκαταστάσεως
1018 1227 1063 1304 ⁶⁷)
1093 1221 1154 1297 καὶ
1175 1227 1303 1304 τῶνδ’)
1447 1216 1572 1296 Const.
1600 1219 1658 1296 11.
1710 1223 1768 1296 De
1786 1221 2034 1298 substitutione
2058 1234 2092 1298 et
2114 1226 2232 1302 aliena·

392 1327 623 1422 κωλυομένων
674 1319 748 1398 ὑπὸ
790 1329 858 1398 τοῦ
893 1321 1112 1426 τεοτάτορος
1162 1321 1304 1399 ἐκποιί-
1344 1319 1516 1412 tionibus„
1551 1345 1639 1417 quae
1664 1348 1686 1395 a
1710 1331 1880 1398 testatore
1905 1323 2133 1424 prohibentur.

397 1455 500 1502 σεων.
597 1452 605 1467 ·

244 1613 304 1655 pov,
320 1608 375 1656 ηας,
477 1579 510 1644 ‘O
544 1573 634 1651 αὑτὺς
666 1574 798 1660 βασιλεὺς
833 1581 993 1657 Μουσωνίῳ
1032 1573 1146 1660 ἐπάρχῳ
1185 1574 1303 1652 πόλεως.
1430 1575 1510 1633 Idem
1529 1577 1687 1650 inperator
1707 1581 1848 1638 Musonio
1871 1583 2022 1653 praetecta
2044 1583 2129 1640 urbis.
2157 1584 2231 1642 Tan·

399 1669 590 1728 Tetradion
618 1663 699 1744 ἡμϊν
721 1667 1013 1746 φιλανθρωπίας
1044 1663 1301 1744 περίεστινῖθ).
1345 1666 1409 1718 tum
1429 1665 1514 1718 nobis
1535 1665 1723 1737 benipnitntia
1743 1672 1887 1738 superest.

477 1779 542 1846 Ἐάν
570 1782 670 1857 τιςῊ)
700 1788 738 1854 είς
766 1778 831 1856 νοὺς
861 1785 976 1854 οἰκείους
1002 1785 1172 1859 διαθέμενος
1198 1785 1304 1854 παῖδας
1429 1779 1462 1836 Si
1484 1781 1560 1852 quis,
1590 1782 1717 1854 condito,
1744 1783 1822 1838 inter
1843 1783 1952 1840 liberos
1980 1797 2053 1838 suos
2079 1789 2235 1854 testamento

394 1863 622 1947 ὑποκαταστὴσει
642 1867 691 1945 μὲν
712 1863 816 1938 αὑτοὺς
837 1861 968 1946 ἀλλήλοις
988 1865 1018 1938 ἐξ
1038 1863 1186 1941 ἀπαιδίας,
1216 1863 1301 1928 κωλὺ-
1344 1862 1425 1936 ipsos
1447 1865 1504 1920 sibi
1525 1866 1652 1922 invicem
1674 1868 1914 1940 substituet.ita‚
1936 1867 1963 1924 si
1985 1869 2052 1923 sine
2073 1869 2169 1925 liberis
2188 1871 2236 1927 de-

395 1976 438 2014 σει
472 1952 501 2012 ni
536 1955 664 2032 διηνεκῶς
698 1957 754 2012 τῶν
791 1949 859 2030 παρ’
897 1948 985 2012 αὑτοῦ
1019 1953 1302 2030 καταλιμπανομίνων
1344 1948 1465 2020 cedant,
1494 1949 1658 2020 prohibebit
1677 1957 1776 2008 autem
1798 1953 1828 2009 in
1855 1959 2028 2024 perpetuum
2051 1968 2236 2024 rerumquae

394 2032 568 2117 πραγμάτων
588 2031 640 2114 τὴν
653 2033 698 2112 ⁷²)
720 2039 870 2113 ἐκποίησιν,
893 2030 977 2096 είπάν
998 2058 1045 2094 ται
1068 2041 1108 2112 (ν,
1131 2035 1234 2110 νε)73)
1254 2037 1301 2095 καὶ
1344 2033 1380 2088 ab
1403 2033 1468 2104 ipso
1489 2035 1610 2090 relictae
1632 2041 1710 2108 sunt,
1731 2036 1945 2107 alienationem,
1968 2036 2072 2092 dicens
2086 2043 2115 2094 et
2136 2039 2238 2096 consti-

393 2116 594 2200 διαταξάμενος
620 2123 756 2199 μηδαμῶς
787 2125 879 2180 ταῦτα
912 2114 1070 2198 βούλεσθαι
1098 2117 1221 2191 ἐξελθεῖν
1251 2125 1302 2198 τῆς
1325 2121 1448 2188 tuens,
1477 2119 1662 2176 nullomodo
1691 2136 1724 2176 se
1746 2121 1823 2177 velle
1845 2121 1900 2178 has
1932 2121 1968 2177 de
1990 2137 2047 2176 sua
2075 2123 2181 2178 tamilla
2206 2129 2231 2179 et

393 2203 481 2266 αὑτοῦ
503 2206 638 2284 ηαμιλίας
659 2204 689 2264 τὲ
714 2205 761 2262 καὶ
782 2198 938 2282 ὀνόματος,
971 2201 1005 2264 οὑ
1026 2207 1181 2282 περαιτέρω
1203 2199 1301 2282 νενάρ·
1343 2202 1460 2257 nomine
1489 2203 1587 2258 exire:
1625 2221 1660 2260 ea
1686 2205 1826 2262 alienatio
1862 2222 1918 2262 uon
1946 2205 2147 2277 prohibebitur
2171 2208 2240 2263 ultra

392 2311 442 2367 της
463 2286 542 2364 αὑτῷ
566 2291 689 2368 γενεσίας
711 2283 748 2348 τά
769 2287 874 2366 τὴςΉ)
903 2283 1073 2388 ίκποιὴσεως
1093 2282 1303 2366 κωλνδὴσεται,
1345 2293 1478 2358 quartum
1501 2303 1609 2362 eorum,
1631 2289 1681 2360 qui
1702 2290 1739 2344 ab
1760 2306 1796 2346 eo
1819 2289 2016 2360 descendunt,
2040 2291 2169 2364 gradum,
2191 2308 2239 2346 ve·

394 2369 468 2434 ἀλλὰ
495 2367 705 2451 δονηθὴσονται
732 2370 817 2448 05⁷³)
844 2368 916 2451 μετά
944 2394 1048 2450 ταυτην
1074 2367 1125 2451 τὴι
1152 2368 1300 2451 positvm)
1344 2385 1407 2426 rum
1430 2371 1470 2445 hi,
1493 2371 1542 2442 qni
1565 2375 1722 2444 posthunc
1742 2375 1866 2447 gradum
1888 2391 1952 2431 cum
1973 2389 2007 2432 eo
2031 2377 2150 2448 cognati
2170 2383 2241 2446 sunt,

393 2469 533 2537 συγγενεῖς
563 2455 652 2517 αὑτοῦ
682 2451 845 2528 ἀνευθύνως
872 2460 964 2516 ταῦτα
986 2461 1111 2517 ἐκπονεῖν.
1138 2460 1302 2535 σημείωσαι,
1344 2455 1462 2526 impune
1483 2457 1538 2512 has
1560 2457 1691 2514 alienare
1715 2465 1860 2531 poterunt.
1902 2460 1981 2516 Nota
2003 2461 2121 2516 nornine
2149 2475 2241 2532 „meae

392 2535 438 2602 ὅτι
459 2546 499 2615 νῷ
521 2535 696 2616 ὀνόμαιιῖἵ)
725 2544 775 2618 τῆς
796 2541 918 2621 ἐμῆςῖθ)
941 2541 1075 2620 ηαμιλίας
1095 2543 1142 2602 αα)
1171 2535 1302 2619 ἡνάμφη
1342 2535 1505 2610 Γενυκίίλαυα
1547 2547 1577 2597 et
1616 2558 1751 2614 sponsam
1788 2559 1881 2600 meam
1916 2543 2077 2616 contineri,
2121 2560 2171 2616 ae,
2218 2545 2240 2600 si

392 2648 448 2704 μου
469 2623 745 2725 σνμπεριίχεταιῖθ),
774 2628 819 2685 καί
841 2619 886 2686 ὅτι
907 2621 953 2686 ἐὰν
974 2619 1077 2696 πάντες
1098 2630 1126 2685 σί
1151 2628 1303 2704 γραφέντες
1343 2640 1460 2696 enthea,
1486 2625 1536 2695 qui
1559 2626 1702 2683 haeredes
1723 2628 1828 2699 scripti
1850 2633 1920 2684 suni
1935 2633 1964 2684 ei
1986 2628 2046 2683 sibi
2061 2627 2185 2684 invicem
2205 2629 2242 2683 ila

392 2711 560 2788 κληρονομοι
588 2711 635 2769 καί
671 2705 801 2788 ἀλλὴλοις
830 2707 859 2781 s}
886 2706 1021 2781 ἀπαιδίας
1054 2704 1301 2779 ὑποκαταστάντες
1343 2709 1370 2764 si
1388 2709 1452 2764 sine
1468 2709 1570 2765 liberis
1589 2711 1741 2784 decedant,
1763 2713 1934 2784 substituti,
1955 2728 2004 2769 res
2027 2711 2241 2782 haereditarias,

395 2787 591 2872 ἐκποιὴσονσιν
617 2788 772 2873 πράγματα
792 2797 842 2872 τῆς
862 2795 1062 2872 κληρονομίας,
1091 2791 1133 2871 ἐφ’
1157 2788 1236 2864 οἷςὺ
1258 2814 1300 2854 τε·
1343 2808 1463 2864 quarum
1476 2794 1682 2852 alienationem
1697 2801 1820 2852 testator
1835 2797 1992 2870 probibuit,
2013 2797 2155 2868 alienent,
2169 2795 2244 2871 (eos)

399 2872 514 2958 οτάτωρ
535 2873 672 2938 ἐκώλυσεν
686 2873 736 2957 τὴν
757 2880 906 2956 ἐνεποίησεν,
928 2875 961 2938 οὑ
974 2873 1115 2953 δὺνανταε,
1135 2873 1230 2958 χώραν
1251 2879 1300 2938 λοι-
1342 2893 1398 2934 non
1422 2894 1528 2952 prosse,
1565 2880 1591 2935 si
1614 2881 1817 2937 substitutioni
1840 2883 1923 2938 locus
1950 2885 2052 2938 iactus
2081 2883 2186 2952 tuerit,
2211 2881 2243 2936 de

394 2956 498 3041 βοὺσιγς
527 2967 577 3040 τῆς
598 2955 864 3034 ἀποκαταστάσεως,
884 2963 949 3040 περὶ
969 2957 1073 3040 ταὺτης
1093 2960 1154 3022 κατ’
1177 2957 1300 3042 ἀλλὴλον
1341 2961 1398 3017 hac
1419 2961 1496 3018 inter
1525 2979 1558 3019 se
1581 2967 1809 3022 controversiam
1832 2982 1967 3036 movere,
2001 2981 2071 3022 cum
2102 2981 2154 3038 per
2175 2965 2245 3022 aile-

396 3047 438 3122 (v.
446 3039 588 3124 ἀλλὴλων)
600 3047 646 3122 ⁸⁰)
669 3042 757 3124 κεινὴν
780 3049 819 3118 (v.
827 3043 922 3120 κινεῖν)
937 3051 966 3105 αι’
976 3046 1173 3121 donanim-⁸¹)
1189 3041 1236 3107 διὰ
1250 3051 1301 3126 τῆς
1343 3047 1498 3120 nationem,
1520 3063 1605 3118 quam
1629 3051 1688 3121 ipsi
1709 3051 1844 3122 fecerint,
1864 3068 1882 3105 a
1903 3051 2066 3122 sententia,
2096 3067 2182 3122 quam
2204 3057 2247 3105 te-

392 3133 536 3211 γενομίνης
557 3127 623 3210 παρ’
645 3128 815 3206 adserva)
837 3125 1007 3208 lahoriosae
1017 3136 1068 3210 τῆς
1081 3133 1146 3210 περλ
1166 3125 1218 3208 τὴν
1231 3128 1299 3191 ὑπο·
1341 3136 1434 3198 stator
1455 3131 1535 3188 circa
1556 3135 1794 3191 substitutionem
1817 3135 1936 3208 habuit,
1958 3135 2107 3192 recedere
2127 3136 2248 3191 uidean-

391 3209 570 3275 κατάστασιν
590 3213 743 3295 ἀναχωρεῖν
763 3210 873 3294 γνώμης
894 3218 944 3274 τοῦ
966 3210 1144 3295 τεστάτορος.
1186 3210 1300 3295 Ἐγρά-
1341 3219 1398 3270 tur.
1440 3217 1564 3289 Scripta
1585 3224 1629 3276 στί
1651 3221 1791 3276 Calendis
1813 3221 1986 3276 Februariis
2007 3222 2138 3292 imperii
2158 3221 2249 3278 Iusti·

392 3319 449 3377 ηει
468 3297 510 3371 (υ.
530 3293 682 3378 ἐγράφη)
703 3296 1211 3380 αα)ααοώα(ε1σ)ψιβροοαρ.
1234 3303 1298 3380 βα·
1341 3301 1427 3356 πίοιεν·
1446 3317 1529 3360 cano
1551 3303 1601 3359 19.
1621 3310 1690 3376 ροτί
1711 3307 1899 3362 cumulatum
1921 3305 2016 3362 Basili
2043 3320 2130 3362 ααπο
2152 3305 2185 3362 4.

393 3383 536 3454 σιλείας
555 3381 817 3445 Ἱονοτινιανοὺ
831 3381 1154 3460 (ν.’1ονστινιανοὺ)
1177 3380 1217 3445 τὸ
1235 3379 1296 3444 ιδ’.

393 3467 458 3541 8111)
479 3462 569 3546 μετά
591 3463 655 3546 τὴν
677 3464 858 3528 ὑπατείαν
879 3469 1086 3530 Βασιλείαν
1113 3465 1151 3528 τὸ
1172 3472 1295 3550 σίταρ-

390 3571 459 3612 τον.

493 3729 549 3820 ηδ.
600 3727 693 3806 ὥστε
717 3727 805 3824 τοὺς
834 3735 971 3824 παῖδας
1009 3738 1077 3808 τοῦ
1109 3735 1296 3834 προτελεο-
1442 3733 1567 3811 Const.
1582 3734 1641 3809 12.
1668 3737 1719 3811 Ut
1731 3737 1831 3813 liberi
1859 3737 2113 3840 praedefuncti
2138 3739 2253 3813 iratr'm

391 3831 574 3932 τὴοαντος
610 3833 767 3933 ἀδελφοῦ
806 3837 1042 3936 κληρονομεῖν
1086 3829 1180 3930 μετὰ
1224 3842 1297 3931 τῶν
1338 3833 1511 3912 haeredes
1543 3838 1615 3912 siut
1643 3863 1712 3912 uua
1742 3841 2023 3931 cumfratribus,
2094 3841 2168 3916 etsi
2193 3839 2253 3914 ad*

392 3934 573 4034 ἀδελφῶν,
605 3931 667 4007 καὶ
697 3929 871 4010 ἀνιόντων
901 3933 1083 4025 ὑπόντων,
1123 3933 1184 4010 καί
1214 3933 1297 4038 περὶ
1338 3935 1552 4012 scandentes
1576 3937 1720 4032 adsunt,
1756 3965 1800 4017 ac
1825 3939 1872 4016 de
1896 3951 1978 4017 aute
2010 3943 2167 4044 nuptias
2193 3940 2257 4016 do·

389 4037 564 4114 ἔδυωνθθ).
1340 4037 1545 4112 nationibus.
2039 4063 2048 4072 ’

259 4212 318 4256 sou.
332 4209 387 4256 tan.
472 4187 505 4250 Ὁ
539 4183 627 4260 αὑτὺς
660 4185 792 4268 βασιλεὺς
833 4185 973 4266 Θιωδάτῳ
1009 4191 1053 4266 (v.
1091 4187 1237 4269 Θεοδότῳ)
1248 4191 1294 4272 ⁸⁴)
1421 4195 1500 4252 Idem
1522 4195 1687 4268 imperator.
1735 4198 1886 4256 'l'heodoto
1913 4201 2075 4271 praelecto
2098 4200 2258 4274 praetorio.

392 4267 506 4354 ἐπάρχῳ
544 4277 732 4352 πραιτωρίων.
795 4270 889 4346 Τοὺς
918 4272 1121 4354 ἡμετέρους
1144 4271 1296 4356 νόμους
1338 4279 1465 4338 Nostrae
1486 4281 1562 4354 leyen
1582 4285 1742 4339 emetrdnre
1761 4300 1816 4342 νεον
1837 4299 1898 4342 non
1917 4285 2009 4359 pipat.

390 4355 496 4436 ἡμεῖς
518 4358 808 4439 ἐπανορθοῦνθῧ)
831 4357 894 4419 οὐκ
915 4356 1095 4438 ἀκνοὺμεν.

476 4479 516 4535 nt
534 4477 580 4536 καὶ
607 4471 730 4546 ἀνιόντες
758 4479 825 4538 eloh
853 4481 893 4553 τῷ
921 4471 1118 4554 τελευτήσαντι
1146 4479 1193 4538 καλ
1218 4475 1321 4556 ἀδελ-Ι
1423 4481 1490 4540 lltsi
1532 4483 1747 4542 adscendentes
1786 4485 1925 4544 defuncto
1964 4493 2038 4545 snut
2079 4493 2115 4544 et
2153 4488 2264 4544 tratres

391 4559 499 4638 polite)
523 4562 569 4618 καλ
591 4563 685 4638 ἑτίρον
707 4558 831 4639 ἀδελφοῦ
852 4564 966 4632 παῖδες,
1001 4559 1079 4620 οὐδὲν
1099 4549 1182 4639 ἡττον
1203 4568 1232 4624 ol
1256 4586 1297 4624 τε·
1338 4570 1368 4622 et
1396 4561 1519 4624 alterius
1562 4571 1663 4626 fratris
1692 4571 1760 4642 nni,
1809 4571 1998 4629 nihilominus
2038 4575 2181 4629 fratrum
2214 4569 2267 4626 illii

391 4638 541 4716 κνάδεληοι
559 4646 830 4722 σιηκληρονομοῦσιν
842 4657 901 4717 τοῖς
915 4647 1013 4716 θείοις,
1036 4639 1100 4704 ὅσοι
1113 4640 1148 4705 ἀν
1163 4637 1299 4726 dcliv),
1341 4667 1399 4707 una
1417 4667 1481 4708 cum
1500 4653 1652 4727 (suorum)
1666 4661 1779 4727 patrum
1792 4657 1943 4728 tratribus,
1965 4662 2174 4728 quotcunque
2189 4655 2266 4730 (nu-

390 4721 442 4803 τὴν
460 4727 465 4806 Ι
485 4728 533 4806 ⁸⁸)
556 4734 607 4787 τοῦ
629 4730 700 4790 ίδίον
720 4723 833 4804 πατρὸς
847 4725 1036 4809 λαμβάνοντες
1049 4724 1136 4802 τάξιν,
1157 4723 1228 4791 ὅσον
1241 4727 1299 4811 ἡκει
1340 4733 1437 4808 mero)
1467 4742 1568 4811 erunt,
1604 4739 1746 4796 haeredes
1768 4747 1872 4813 erunt,
1911 4741 1959 4796 sui
1980 4741 2087 4813 pratris
2112 4742 2270 4798 inlocum
2376 4731 2377 4820 ἡ

390 4815 429 4882 είς
457 4807 489 4871 τὸ
520 4809 549 4882 ἐξ
576 4807 637 4882 ίνὺς
658 4811 812 4892 γονέωςῦθ)
845 4809 914 4892 ἡίξ
940 4815 1071 4892 ἑκατέρω
1091 4814 1213 4896 πλευροῦ
1235 4839 1298 4878 σον·
1339 4819 1552 4896 succedentes,
1578 4829 1715 4894 quantum
1742 4825 1870 4896 pertinet
1890 4825 1926 4882 ad
1949 4841 2019 4898 eos,
2063 4827 2124 4896 qni
2148 4841 2191 4882 ex
2213 4838 2270 4880 uno

389 4891 538 4957 ἀπτεσθαι
559 4901 599 4972 τῷ
621 4891 833 4975 τελευτήσαντι,
861 4891 895 4976 ἡν
916 4893 1002 4968 αὑτὸς
1023 4899 1139 4959 δέδωκεν
1167 4896 1300 4978 ὑνὺμος,
1345 4909 1466 4975 parente
1493 4911 1545 4963 aut
1566 4923 1604 4964 ex
1629 4913 1752 4978 utroque
1780 4909 1872 4967 latere
1899 4926 1965 4967 cum
1997 4909 2165 4968 defunctu
2198 4925 2274 4966 cou-

389 4981 436 5040 aai
464 4977 546 5058 ἡνίκα
574 4975 647 5059 μετά
666 4975 759 5059 μόνων
768 4979 815 5056 ⁹⁰)
838 4977 944 5055 αὑτοὺς
973 4975 1103 5044 ἐκάλεσεν
1128 4989 1186 5044 τῶν
1206 4987 1302 5059 θείων,
1344 4989 1525 5066 iunguntur,
1556 5007 1641 5065 quem
1663 4991 1793 5068 (locum)
1814 4995 1880 5068 ipsa
1899 4995 1949 5052 lex
1971 4993 2047 5069 (iis)
2074 4992 2270 5072 adsignavit,

465 5330 510 5394 tib)
528 5333 583 5384 Pro
599 5330 761 5396 Ἀιγοί-στωκ
778 5333 868 5384 Codex
891 5335 971 5386 babet
985 5331 1103 5398 Ἀίνοάς.
1171 5335 1219 5399 68)
1236 5335 1290 5386 Ρτο
1308 5334 1354 5400 ιβ’.
1371 5337 1509 5403 legendnm
1533 5343 1638 5396 videtur
1653 5341 1687 5408 γί.
1710 5345 1777 5396 vide
1800 5347 1939 5396 litenerum
1962 5347 1990 5394 ln
2014 5345 2133 5396 histor.
2161 5347 2238 5396 Nou.
2258 5357 2281 5404 p·

389 5399 460 5446 523.
606 5402 656 5464 117)
680 5401 720 5450 nd
743 5404 888 5464 marginem
910 5402 1016 5452 Codicis
1038 5400 1108 5470 (ουδ’.
1254 5403 1299 5468 de)
1316 5405 1369 5455 Pro
1385 5406 1429 5458 καί
1450 5410 1503 5458 τῶν
1523 5409 1613 5461 Codex
1634 5413 1711 5462 babet
1730 5431 1745 5461 ν
1761 5414 1832 5464 aeds.
1978 5412 2034 5470 70)
2056 5413 2170 5465 codex
2191 5427 2282 5480 περιε-

391 5477 458 5512 οτιν.
533 5463 580 5528 71)
597 5467 686 5518 Codes
704 5465 750 5516 εἰὶν
766 5467 814 5524 τίς.
901 5467 1009 5532 nmmo
1026 5465 1075 5536 τὴν
1091 5471 1182 5522 Codex
1199 5472 1277 5522 babet
1294 5459 1314 5520 ἀ
1324 5509 1330 5522 ,
1420 5474 1468 5539 in)
1485 5475 1538 5526 Pro
1556 5473 1635 5528 εἰπάν
1650 5495 1679 5530 τε
1701 5431 1790 5532 Codex
1813 5481 1890 5530 habet
1911 5475 2039 5530 δ’ποιντατ.
2131 5481 2191 5544 74)
2209 5481 2285 5532 labeo

391 5543 487 5606 ameum
505 5533 621 5591 γενναίας
637 5535 671 5583 τὰ
688 5539 735 5600 τῇς
752 5535 842 5586 Codex
859 5537 937 5586 babet
953 5537 1067 5597 γενναίας
1083 5539 1137 5602 τῆς.
1206 5539 1254 5598 7ο)
1271 5539 1324 5589 Ρτο
1341 5537 1367 5590 ολ
1383 5541 1473 5594 Codex
1489 5539 1608 5596 habeti.
1676 5545 2023 5612 remanebimus.
2110 5547 2170 5612 77)
2190 5549 2288 5598 Codes

392 5611 425 5646 το
442 5593 562 5656 δνομαει.
629 5601 674 5662 78)
691 5603 781 5652 Codex
797 5602 862 5670 ε’νῆς.
938 5605 983 5660 ie)
1001 5606 1072 5654 Loco
1090 5605 1232 5655 verborum
1250 5602 1264 5670 ἡ
1282 5604 1368 5672 νάμαη
1391 5627 1444 5670 μου
1464 5613 1662 5680 συμπιριίχεται
1684 5614 1775 5666 Codex
1799 5617 1876 5666 habet
1891 5613 1998 5680 ίιινὺμαη
2013 5611 2142 5674 aomos
2160 5615 2286 5684 περιίγε·

393 5680 450 5712 ται.
512 5666 567 5744 Ι80)
584 5665 674 5716 Codex
690 5669 857 5736 καταλλὴλον.
937 5667 985 5734 81)
1002 5671 1093 5722 Codex
1109 5669 1265 5730 ἀδικοῦντες.
1308 5675 1574 5740 Νον,1ι111.οεεη.θ.
1596 5675 2011 5751 ἀςναὶτνῑνάλλωνἹερίου...
2034 5682 2117 5734 υἱῶν
2136 5681 2178 5734 τὰ
2198 5679 2291 5733 αὑτῶν

392 5728 584 5811 ίιιποιηραντων
601 5735 743 5798 πράγματα
759 5739 803 5788 κοιλ
819 5738 1048 5801 συμφωνησάντων,
1065 5733 1150 5808 άοπερ
1163 5739 1206 5790 καὶ
1222 5745 1278 5798 τοῖς
1293 5745 1345 5791 τιῑν
1361 5739 1458 5794 λιιπνῖν
1479 5743 1636 5812 ίιιποτὴοεοε.
1703 5753 1769 5808 82η)
1788 5751 1878 5802 Codex
1898 5749 2079 5801 serenabat.
2102 5753 2218 5801 Melina
2238 5753 2291 5798 erit
2373 5761 2374 5801 l

395 5799 448 5858 tepi
465 5815 561 5878 ara-nv.
629 5801 691 5863 seu)
709 5807 761 5852 Aut
778 5813 892 5856 erratum
909 5813 951 5856 est
968 5809 994 5856 ln
1013 5811 1113 5856 mensis
1130 5811 1322 5870 designatione,
1339 5817 1384 5860 nni
1400 5813 1564 5863 scribendum
1582 5823 1625 5865 ast
1638 5817 1961 5880 βασιλείαςἸουοτινεανοῦ
1976 5815 2007 5866 τὸ
2029 5817 2095 5882 ιη’.
2159 5823 2215 5880 ῆθ)
2234 5817 2292 5866 Co·

389 5867 439 5915 <tex
461 5863 547 5914 ίδνιιν.
621 5869 667 5930 si)
696 5869 786 5920 codex
810 5870 941 5936 Θεωδάτη,
964 5886 1021 5924 crim
1044 5875 1213 5924 hundintuna
1237 5883 1376 5926 contextus
1398 5877 1492 5942 Βάοοη
1511 5883 1615 5932 habeat.
1652 5885 1719 5936 Vide
1738 5887 1845 5936 Bienari
1864 5887 2000 5936 historiam
2029 5887 2245 5938 Novellarum
2269 5899 2295 5946 p·

390 5935 452 5982 532.
526 5933 574 5994 85)
591 5931 681 5984 Codex
697 5933 789 5994 νόμους
806 5935 878 6004 ἡμεῖς
900 5939 1077 6010 ίπεετωρθοὺν.
1122 5942 1252 5992 eouecno
1274 5944 1415 5997 cnxvlll.
1454 5948 1624 6002 Nnt'eliartim
1644 5949 1739 6013 νόμους
1755 5952 1923 6022 ίπανορθοῦν
1940 5949 2021 6018 ἡμεῖς.
2115 5953 2176 6014 86)
2197 5955 2296 6006 codex

389 5995 534 6128 ἡρὴλαμρηω
550 5999 736 6118 hfflcndex
752 5999 821 6056 ἀσιν.
889 6009 935 6071 88)
953 6009 1005 6061 Pro
1027 6005 1075 6076 εὴν
1092 6009 1182 6061 Codex
1200 6009 1340 6062 habettd.
1374 6013 1659 6082 irruptionibus
1774 6018 1828 6082 99)
1844 6019 1934 6072 Codex
1948 6019 2063 6086 γὸνεενς.
2160 6020 2296 6088 110)οα
