<?xml version="1.0" encoding="UTF-8"?>
<!DOCTYPE html PUBLIC "-//W3C//DTD XHTML 1.0 Transitional//EN"
    "http://www.w3.org/TR/xhtml1/DTD/xhtml1-transitional.dtd">
<html xmlns="http://www.w3.org/1999/xhtml" xml:lang="en" lang="en">
 <head>
  <title>
</title>
<meta http-equiv="Content-Type" content="text/html;charset=utf-8" />
  <meta name='ocr-system' content='tesseract 3.04.00' />
  <meta name='ocr-capabilities' content='ocr_page ocr_carea ocr_par ocr_line ocrx_word'/>
</head>
<body>
  <div class='ocr_page' id='page_1' title='image "./anekdotaexcodic00theogoog/anekdotaexcodic00theogoog_0318.png"; bbox 0 0 4748 7074; ppageno 0'>
   <div class='ocr_carea' id='block_1_1' title="bbox 618 1557 1519 1636">
    <p class='ocr_par' dir='ltr' id='par_1_1' title="bbox 618 1557 1519 1636">
     <span class='ocr_line' id='line_1_1' title="bbox 618 1557 1519 1636; baseline -0.007 -2"><span class='ocrx_word' id='word_1_1' title='bbox 618 1557 1519 1636; x_wconf 69' lang='lat' dir='ltr'>PROLEGOMENA.</span> 
     </span>
    </p>
   </div>
   <div class='ocr_carea' id='block_1_2' title="bbox 152 1745 2004 2170">
    <p class='ocr_par' dir='ltr' id='par_1_2' title="bbox 152 1745 2004 2170">
     <span class='ocr_line' id='line_1_2' title="bbox 257 1745 2002 1876; baseline 0.004 -29"><span class='ocrx_word' id='word_1_2' title='bbox 257 1745 368 1876; x_wconf 78' lang='lat' dir='ltr'>Quod</span> <span class='ocrx_word' id='word_1_3' title='bbox 395 1779 576 1848; x_wconf 89' lang='lat' dir='ltr'>iamdudum</span> <span class='ocrx_word' id='word_1_4' title='bbox 596 1781 630 1846; x_wconf 91' lang='lat' dir='ltr'>iu</span> <span class='ocrx_word' id='word_1_5' title='bbox 649 1782 739 1848; x_wconf 87' lang='lat' dir='ltr'>votis</span> <span class='ocrx_word' id='word_1_6' title='bbox 759 1781 834 1850; x_wconf 85' lang='lat' dir='ltr'>milri</span> <span class='ocrx_word' id='word_1_7' title='bbox 856 1781 935 1866; x_wconf 87' lang='lat' dir='ltr'>suit,</span> <span class='ocrx_word' id='word_1_8' title='bbox 978 1786 1013 1846; x_wconf 86' lang='lat' dir='ltr'>ut</span> <span class='ocrx_word' id='word_1_9' title='bbox 1037 1776 1207 1845; x_wconf 72' lang='lat' dir='ltr'>Theodori</span> <span class='ocrx_word' id='word_1_10' title='bbox 1227 1777 1268 1845; x_wconf 89' lang='lat' dir='ltr'>de</span> <span class='ocrx_word' id='word_1_11' title='bbox 1288 1776 1461 1844; x_wconf 85' lang='lat' dir='ltr'>Iustiniani</span> <span class='ocrx_word' id='word_1_12' title='bbox 1486 1776 1634 1844; x_wconf 86' lang='lat' dir='ltr'>Novellis</span> <span class='ocrx_word' id='word_1_13' title='bbox 1662 1780 1842 1866; x_wconf 82' lang='lat' dir='ltr'>fragmenta</span> <span class='ocrx_word' id='word_1_14' title='bbox 1867 1785 2002 1871; x_wconf 87' lang='lat' dir='ltr'>collige-</span> 
     </span>
     <span class='ocr_line' id='line_1_3' title="bbox 152 1878 2004 1969; baseline 0.002 -19"><span class='ocrx_word' id='word_1_15' title='bbox 152 1900 210 1950; x_wconf 85' lang='lat' dir='ltr'>rem</span> <span class='ocrx_word' id='word_1_16' title='bbox 231 1884 446 1969; x_wconf 89' lang='lat' dir='ltr'>collectaque,</span> <span class='ocrx_word' id='word_1_17' title='bbox 482 1901 576 1968; x_wconf 91' lang='lat' dir='ltr'>quam</span> <span class='ocrx_word' id='word_1_18' title='bbox 598 1902 730 1968; x_wconf 91' lang='lat' dir='ltr'>possem</span> <span class='ocrx_word' id='word_1_19' title='bbox 752 1882 1016 1968; x_wconf 89' lang='lat' dir='ltr'>diligentissime,</span> <span class='ocrx_word' id='word_1_20' title='bbox 1050 1898 1291 1968; x_wconf 79' lang='lat' dir='ltr'><strong>componerem,</strong></span> <span class='ocrx_word' id='word_1_21' title='bbox 1323 1878 1357 1944; x_wconf 94' lang='lat' dir='ltr'>id</span> <span class='ocrx_word' id='word_1_22' title='bbox 1378 1895 1463 1943; x_wconf 86' lang='lat' dir='ltr'>nunc</span> <span class='ocrx_word' id='word_1_23' title='bbox 1484 1896 1505 1944; x_wconf 93' lang='lat' dir='ltr'>a</span> <span class='ocrx_word' id='word_1_24' title='bbox 1525 1897 1576 1944; x_wconf 89' lang='lat' dir='ltr'>me</span> <span class='ocrx_word' id='word_1_25' title='bbox 1596 1887 1790 1964; x_wconf 79' lang='lat' dir='ltr'><strong>praestatur.</strong></span> <span class='ocrx_word' id='word_1_26' title='bbox 1841 1883 1879 1949; x_wconf 92' lang='lat' dir='ltr'>ld</span> <span class='ocrx_word' id='word_1_27' title='bbox 1901 1894 1936 1950; x_wconf 94' lang='lat' dir='ltr'>ut</span> <span class='ocrx_word' id='word_1_28' title='bbox 1956 1889 2004 1954; x_wconf 88' lang='lat' dir='ltr'>ita</span> 
     </span>
     <span class='ocr_line' id='line_1_4' title="bbox 152 1977 2003 2072; baseline 0.003 -24"><span class='ocrx_word' id='word_1_29' title='bbox 152 1984 302 2063; x_wconf 87' lang='lat' dir='ltr'>lacerem,</span> <span class='ocrx_word' id='word_1_30' title='bbox 323 1983 405 2049; x_wconf 84' lang='lat' dir='ltr'><strong>duae</strong></span> <span class='ocrx_word' id='word_1_31' title='bbox 429 2001 567 2049; x_wconf 77' lang='lat' dir='ltr'>caussae</span> <span class='ocrx_word' id='word_1_32' title='bbox 589 2001 729 2072; x_wconf 90' lang='lat' dir='ltr'>eaeque,</span> <span class='ocrx_word' id='word_1_33' title='bbox 749 1990 785 2048; x_wconf 92' lang='lat' dir='ltr'>ut</span> <span class='ocrx_word' id='word_1_34' title='bbox 807 1983 935 2069; x_wconf 81' lang='lat' dir='ltr'>opinor,</span> <span class='ocrx_word' id='word_1_35' title='bbox 957 1983 1174 2068; x_wconf 87' lang='lat' dir='ltr'>gravissimae</span> <span class='ocrx_word' id='word_1_36' title='bbox 1195 1999 1247 2046; x_wconf 91' lang='lat' dir='ltr'>me</span> <span class='ocrx_word' id='word_1_37' title='bbox 1267 1979 1469 2065; x_wconf 90' lang='lat' dir='ltr'>impulerunt.</span> <span class='ocrx_word' id='word_1_38' title='bbox 1512 1977 1597 2044; x_wconf 90' lang='lat' dir='ltr'>Nam</span> <span class='ocrx_word' id='word_1_39' title='bbox 1617 1986 1651 2046; x_wconf 90' lang='lat' dir='ltr'>et</span> <span class='ocrx_word' id='word_1_40' title='bbox 1673 1983 1900 2068; x_wconf 87' lang='lat' dir='ltr'>periucundum</span> <span class='ocrx_word' id='word_1_41' title='bbox 1927 1989 2003 2054; x_wconf 89' lang='lat' dir='ltr'>mihi</span> 
     </span>
     <span class='ocr_line' id='line_1_5' title="bbox 152 2071 2003 2170; baseline 0.002 -21"><span class='ocrx_word' id='word_1_42' title='bbox 152 2083 319 2149; x_wconf 76' lang='lat' dir='ltr'>uidebatur</span> <span class='ocrx_word' id='word_1_43' title='bbox 338 2071 538 2149; x_wconf 71' lang='lat' dir='ltr'><em>Athanasio</em></span> <span class='ocrx_word' id='word_1_44' title='bbox 559 2079 771 2148; x_wconf 76' lang='lat' dir='ltr'>Theodoram</span> <span class='ocrx_word' id='word_1_45' title='bbox 792 2085 885 2168; x_wconf 92' lang='lat' dir='ltr'>quasi</span> <span class='ocrx_word' id='word_1_46' title='bbox 912 2083 1072 2170; x_wconf 77' lang='lat' dir='ltr'>quendam</span> <span class='ocrx_word' id='word_1_47' title='bbox 1100 2081 1220 2146; x_wconf 89' lang='lat' dir='ltr'>socium</span> <span class='ocrx_word' id='word_1_48' title='bbox 1243 2082 1453 2165; x_wconf 81' lang='lat' dir='ltr'>comitemque</span> <span class='ocrx_word' id='word_1_49' title='bbox 1475 2078 1554 2146; x_wconf 91' lang='lat' dir='ltr'>dare</span> <span class='ocrx_word' id='word_1_50' title='bbox 1580 2087 1691 2148; x_wconf 89' lang='lat' dir='ltr'>aetate</span> <span class='ocrx_word' id='word_1_51' title='bbox 1719 2103 1891 2169; x_wconf 89' lang='lat' dir='ltr'>supparem</span> <span class='ocrx_word' id='word_1_52' title='bbox 1921 2105 2003 2154; x_wconf 82' lang='lat' dir='ltr'>erru-</span> 
     </span>
    </p>
   </div>
   <div class='ocr_carea' id='block_1_3' title="bbox 38 2180 2004 2270">
    <p class='ocr_par' dir='ltr' id='par_1_3' title="bbox 38 2180 2004 2270">
     <span class='ocr_line' id='line_1_6' title="bbox 38 2180 2004 2270; baseline 0.003 -21"><span class='ocrx_word' id='word_1_53' title='bbox 38 2189 43 2210; x_wconf 79' lang='lat'><em>⁶</em></span> <span class='ocrx_word' id='word_1_54' title='bbox 154 2183 284 2270; x_wconf 89' lang='lat' dir='ltr'>demque</span> <span class='ocrx_word' id='word_1_55' title='bbox 306 2202 423 2268; x_wconf 87' lang='lat' dir='ltr'>magna</span> <span class='ocrx_word' id='word_1_56' title='bbox 443 2183 528 2270; x_wconf 87' lang='lat' dir='ltr'>apud</span> <span class='ocrx_word' id='word_1_57' title='bbox 550 2181 698 2250; x_wconf 84' lang='lat' dir='ltr'>Graecos</span> <span class='ocrx_word' id='word_1_58' title='bbox 718 2184 824 2268; x_wconf 89' lang='lat' dir='ltr'>gratia</span> <span class='ocrx_word' id='word_1_59' title='bbox 844 2185 1103 2269; x_wconf 79' lang='lat' dir='ltr'>auctoritateque</span> <span class='ocrx_word' id='word_1_60' title='bbox 1125 2183 1309 2268; x_wconf 87' lang='lat' dir='ltr'>lloreutem,</span> <span class='ocrx_word' id='word_1_61' title='bbox 1331 2185 1465 2245; x_wconf 79' lang='lat' dir='ltr'>civero</span> <span class='ocrx_word' id='word_1_62' title='bbox 1487 2180 1704 2265; x_wconf 84' lang='lat' dir='ltr'>intelligebam</span> <span class='ocrx_word' id='word_1_63' title='bbox 1724 2203 1830 2251; x_wconf 87' lang='lat' dir='ltr'>novae</span> <span class='ocrx_word' id='word_1_64' title='bbox 1848 2187 2004 2256; x_wconf 88' lang='lat' dir='ltr'>lastinia-</span> 
     </span>
    </p>
   </div>
   <div class='ocr_carea' id='block_1_4' title="bbox 153 2279 2092 3480">
    <p class='ocr_par' dir='ltr' id='par_1_4' title="bbox 153 2279 2092 3480">
     <span class='ocr_line' id='line_1_7' title="bbox 153 2279 2092 2371; baseline 0.002 -19"><span class='ocrx_word' id='word_1_65' title='bbox 153 2305 254 2352; x_wconf 89' lang='lat' dir='ltr'>uamm</span> <span class='ocrx_word' id='word_1_66' title='bbox 274 2284 485 2350; x_wconf 88' lang='lat' dir='ltr'>Novellarum</span> <span class='ocrx_word' id='word_1_67' title='bbox 505 2281 656 2349; x_wconf 86' lang='lat' dir='ltr'>editionis</span> <span class='ocrx_word' id='word_1_68' title='bbox 678 2284 886 2351; x_wconf 84' lang='lat' dir='ltr'>fundamenta</span> <span class='ocrx_word' id='word_1_69' title='bbox 907 2287 956 2351; x_wconf 91' lang='lat' dir='ltr'>sic</span> <span class='ocrx_word' id='word_1_70' title='bbox 978 2284 1103 2350; x_wconf 93' lang='lat' dir='ltr'>demum</span> <span class='ocrx_word' id='word_1_71' title='bbox 1123 2288 1214 2349; x_wconf 91' lang='lat' dir='ltr'>recte</span> <span class='ocrx_word' id='word_1_72' title='bbox 1235 2281 1314 2368; x_wconf 92' lang='lat' dir='ltr'>iaci,</span> <span class='ocrx_word' id='word_1_73' title='bbox 1356 2279 1385 2344; x_wconf 88' lang='lat' dir='ltr'>si</span> <span class='ocrx_word' id='word_1_74' title='bbox 1412 2286 1512 2346; x_wconf 89' lang='lat' dir='ltr'>tutam</span> <span class='ocrx_word' id='word_1_75' title='bbox 1539 2281 1622 2347; x_wconf 78' lang='lat' dir='ltr'>lianc</span> <span class='ocrx_word' id='word_1_76' title='bbox 1658 2283 1856 2371; x_wconf 89' lang='lat' dir='ltr'>eandemque</span> <span class='ocrx_word' id='word_1_77' title='bbox 1878 2289 2003 2356; x_wconf 89' lang='lat' dir='ltr'>unicam</span> <span class='ocrx_word' id='word_1_78' title='bbox 2063 2296 2092 2341; x_wconf 86' lang='lat'>&#39;-</span> 
     </span>
     <span class='ocr_line' id='line_1_8' title="bbox 155 2381 2003 2470; baseline 0.003 -18"><span class='ocrx_word' id='word_1_79' title='bbox 155 2389 230 2452; x_wconf 78' lang='lat' dir='ltr'>tiam</span> <span class='ocrx_word' id='word_1_80' title='bbox 241 2383 281 2451; x_wconf 89' lang='lat' dir='ltr'>ad</span> <span class='ocrx_word' id='word_1_81' title='bbox 292 2382 441 2450; x_wconf 86' lang='lat' dir='ltr'>Graecae</span> <span class='ocrx_word' id='word_1_82' title='bbox 462 2384 617 2450; x_wconf 87' lang='lat' dir='ltr'>orationis</span> <span class='ocrx_word' id='word_1_83' title='bbox 638 2381 731 2449; x_wconf 86' lang='lat' dir='ltr'>iidem</span> <span class='ocrx_word' id='word_1_84' title='bbox 753 2383 983 2470; x_wconf 86' lang='lat' dir='ltr'>explorandam</span> <span class='ocrx_word' id='word_1_85' title='bbox 1005 2401 1139 2469; x_wconf 90' lang='lat' dir='ltr'>eamque</span> <span class='ocrx_word' id='word_1_86' title='bbox 1161 2401 1181 2448; x_wconf 93' lang='lat' dir='ltr'>a</span> <span class='ocrx_word' id='word_1_87' title='bbox 1203 2382 1415 2468; x_wconf 81' lang='lat' dir='ltr'>posteriorum</span> <span class='ocrx_word' id='word_1_88' title='bbox 1437 2387 1612 2467; x_wconf 91' lang='lat' dir='ltr'>temporum</span> <span class='ocrx_word' id='word_1_89' title='bbox 1634 2384 1756 2450; x_wconf 90' lang='lat' dir='ltr'>iniuriis</span> <span class='ocrx_word' id='word_1_90' title='bbox 1777 2387 2003 2458; x_wconf 89' lang='lat' dir='ltr'>vindicandam</span> 
     </span>
     <span class='ocr_line' id='line_1_9' title="bbox 159 2482 2003 2572; baseline 0.003 -20"><span class='ocrx_word' id='word_1_91' title='bbox 159 2487 331 2552; x_wconf 86' lang='lat' dir='ltr'>muniissem</span> <span class='ocrx_word' id='word_1_92' title='bbox 353 2491 450 2572; x_wconf 91' lang='lat' dir='ltr'>atque</span> <span class='ocrx_word' id='word_1_93' title='bbox 471 2484 660 2552; x_wconf 87' lang='lat' dir='ltr'>firmassem.</span> <span class='ocrx_word' id='word_1_94' title='bbox 688 2485 803 2571; x_wconf 88' lang='lat' dir='ltr'>ltaque</span> <span class='ocrx_word' id='word_1_95' title='bbox 824 2486 865 2551; x_wconf 91' lang='lat' dir='ltr'>ad</span> <span class='ocrx_word' id='word_1_96' title='bbox 889 2487 951 2552; x_wconf 88' lang='lat' dir='ltr'>hoo</span> <span class='ocrx_word' id='word_1_97' title='bbox 973 2485 1151 2552; x_wconf 88' lang='lat' dir='ltr'>taediosum</span> <span class='ocrx_word' id='word_1_98' title='bbox 1174 2501 1256 2549; x_wconf 89' lang='lat' dir='ltr'>sane</span> <span class='ocrx_word' id='word_1_99' title='bbox 1276 2482 1424 2568; x_wconf 88' lang='lat' dir='ltr'>idemque</span> <span class='ocrx_word' id='word_1_100' title='bbox 1438 2482 1591 2548; x_wconf 92' lang='lat' dir='ltr'>lubricum</span> <span class='ocrx_word' id='word_1_101' title='bbox 1612 2485 1733 2551; x_wconf 90' lang='lat' dir='ltr'>laboris</span> <span class='ocrx_word' id='word_1_102' title='bbox 1753 2508 1857 2572; x_wconf 89' lang='lat' dir='ltr'>genus</span> <span class='ocrx_word' id='word_1_103' title='bbox 1878 2511 2003 2557; x_wconf 92' lang='lat' dir='ltr'>manum</span> 
     </span>
     <span class='ocr_line' id='line_1_10' title="bbox 157 2581 2004 2675; baseline 0.003 -22"><span class='ocrx_word' id='word_1_104' title='bbox 157 2588 285 2673; x_wconf 87' lang='lat' dir='ltr'>admovi,</span> <span class='ocrx_word' id='word_1_105' title='bbox 297 2607 360 2652; x_wconf 92' lang='lat' dir='ltr'>nou</span> <span class='ocrx_word' id='word_1_106' title='bbox 375 2606 436 2673; x_wconf 89' lang='lat' dir='ltr'>quo</span> <span class='ocrx_word' id='word_1_107' title='bbox 450 2586 589 2651; x_wconf 92' lang='lat' dir='ltr'>virorum</span> <span class='ocrx_word' id='word_1_108' title='bbox 601 2583 766 2650; x_wconf 90' lang='lat' dir='ltr'>doctorum</span> <span class='ocrx_word' id='word_1_109' title='bbox 780 2587 964 2675; x_wconf 78' lang='lat' dir='ltr'>suffragium</span> <span class='ocrx_word' id='word_1_110' title='bbox 980 2585 1187 2673; x_wconf 85' lang='lat' dir='ltr'>plausumque</span> <span class='ocrx_word' id='word_1_111' title='bbox 1207 2601 1419 2670; x_wconf 88' lang='lat' dir='ltr'>promererer,</span> <span class='ocrx_word' id='word_1_112' title='bbox 1439 2581 1509 2662; x_wconf 91' lang='lat' dir='ltr'>sed,</span> <span class='ocrx_word' id='word_1_113' title='bbox 1532 2591 1567 2650; x_wconf 93' lang='lat' dir='ltr'>ut</span> <span class='ocrx_word' id='word_1_114' title='bbox 1585 2587 1667 2673; x_wconf 74' lang='lat' dir='ltr'>eiuS,</span> <span class='ocrx_word' id='word_1_115' title='bbox 1686 2607 1780 2673; x_wconf 91' lang='lat' dir='ltr'>quam</span> <span class='ocrx_word' id='word_1_116' title='bbox 1798 2590 1904 2656; x_wconf 89' lang='lat' dir='ltr'>animo</span> <span class='ocrx_word' id='word_1_117' title='bbox 1923 2612 2004 2658; x_wconf 91' lang='lat' dir='ltr'>con-</span> 
     </span>
     <span class='ocr_line' id='line_1_11' title="bbox 157 2681 2003 2775; baseline 0.003 -22"><span class='ocrx_word' id='word_1_118' title='bbox 157 2688 229 2775; x_wconf 88' lang='lat' dir='ltr'>cepi,</span> <span class='ocrx_word' id='word_1_119' title='bbox 247 2687 452 2772; x_wconf 87' lang='lat' dir='ltr'>cogitationis</span> <span class='ocrx_word' id='word_1_120' title='bbox 469 2685 575 2772; x_wconf 90' lang='lat' dir='ltr'>aliqua</span> <span class='ocrx_word' id='word_1_121' title='bbox 593 2685 738 2751; x_wconf 86' lang='lat' dir='ltr'>eluceret</span> <span class='ocrx_word' id='word_1_122' title='bbox 759 2685 962 2770; x_wconf 88' lang='lat' dir='ltr'>significatio.</span> <span class='ocrx_word' id='word_1_123' title='bbox 994 2681 1074 2753; x_wconf 77' lang='lat' dir='ltr'>Cum</span> <span class='ocrx_word' id='word_1_124' title='bbox 1089 2693 1196 2752; x_wconf 91' lang='lat' dir='ltr'>autem</span> <span class='ocrx_word' id='word_1_125' title='bbox 1215 2685 1248 2749; x_wconf 89' lang='lat' dir='ltr'>in</span> <span class='ocrx_word' id='word_1_126' title='bbox 1268 2684 1404 2768; x_wconf 84' lang='lat' dir='ltr'>singulis</span> <span class='ocrx_word' id='word_1_127' title='bbox 1417 2683 1580 2750; x_wconf 85' lang='lat' dir='ltr'>Theodori</span> <span class='ocrx_word' id='word_1_128' title='bbox 1602 2687 1790 2772; x_wconf 80' lang='lat' dir='ltr'>fragmentis</span> <span class='ocrx_word' id='word_1_129' title='bbox 1812 2690 2003 2775; x_wconf 84' lang='lat' dir='ltr'>colligendis</span> 
     </span>
     <span class='ocr_line' id='line_1_12' title="bbox 157 2785 2003 2875; baseline 0.003 -21"><span class='ocrx_word' id='word_1_130' title='bbox 157 2797 187 2854; x_wconf 88' lang='lat' dir='ltr'>et</span> <span class='ocrx_word' id='word_1_131' title='bbox 204 2791 235 2854; x_wconf 91' lang='lat' dir='ltr'>in</span> <span class='ocrx_word' id='word_1_132' title='bbox 254 2808 312 2853; x_wconf 89' lang='lat' dir='ltr'>suo</span> <span class='ocrx_word' id='word_1_133' title='bbox 334 2787 511 2874; x_wconf 89' lang='lat' dir='ltr'>quibusque</span> <span class='ocrx_word' id='word_1_134' title='bbox 536 2785 605 2851; x_wconf 88' lang='lat' dir='ltr'>loco</span> <span class='ocrx_word' id='word_1_135' title='bbox 633 2786 830 2852; x_wconf 89' lang='lat' dir='ltr'>collocandis</span> <span class='ocrx_word' id='word_1_136' title='bbox 858 2787 919 2870; x_wconf 82' lang='lat' dir='ltr'>boc</span> <span class='ocrx_word' id='word_1_137' title='bbox 939 2789 1015 2854; x_wconf 89' lang='lat' dir='ltr'>mibi</span> <span class='ocrx_word' id='word_1_138' title='bbox 1037 2788 1157 2872; x_wconf 88' lang='lat' dir='ltr'>negotii</span> <span class='ocrx_word' id='word_1_139' title='bbox 1180 2785 1289 2852; x_wconf 88' lang='lat' dir='ltr'>datum</span> <span class='ocrx_word' id='word_1_140' title='bbox 1311 2803 1389 2851; x_wconf 88' lang='lat' dir='ltr'>esse</span> <span class='ocrx_word' id='word_1_141' title='bbox 1411 2785 1573 2871; x_wconf 85' lang='lat' dir='ltr'>viderem,</span> <span class='ocrx_word' id='word_1_142' title='bbox 1603 2793 1638 2852; x_wconf 89' lang='lat' dir='ltr'>ut</span> <span class='ocrx_word' id='word_1_143' title='bbox 1660 2789 1817 2875; x_wconf 88' lang='lat' dir='ltr'>quaedam</span> <span class='ocrx_word' id='word_1_144' title='bbox 1839 2789 1879 2858; x_wconf 91' lang='lat' dir='ltr'>de</span> <span class='ocrx_word' id='word_1_145' title='bbox 1904 2797 2003 2860; x_wconf 90' lang='lat' dir='ltr'>totius</span> 
     </span>
     <span class='ocr_line' id='line_1_13' title="bbox 159 2875 2002 2980; baseline 0.004 -27"><span class='ocrx_word' id='word_1_146' title='bbox 159 2889 254 2975; x_wconf 89' lang='lat' dir='ltr'>operis</span> <span class='ocrx_word' id='word_1_147' title='bbox 274 2889 399 2954; x_wconf 88' lang='lat' dir='ltr'>ratione</span> <span class='ocrx_word' id='word_1_148' title='bbox 419 2885 601 2974; x_wconf 82' lang='lat' dir='ltr'>praefarer,</span> <span class='ocrx_word' id='word_1_149' title='bbox 634 2893 735 2952; x_wconf 89' lang='lat' dir='ltr'>totam</span> <span class='ocrx_word' id='word_1_150' title='bbox 757 2887 840 2953; x_wconf 90' lang='lat' dir='ltr'>hanc</span> <span class='ocrx_word' id='word_1_151' title='bbox 860 2888 1110 2975; x_wconf 90' lang='lat' dir='ltr'>disputationem</span> <span class='ocrx_word' id='word_1_152' title='bbox 1132 2888 1164 2952; x_wconf 93' lang='lat' dir='ltr'>iu</span> <span class='ocrx_word' id='word_1_153' title='bbox 1188 2892 1337 2973; x_wconf 90' lang='lat' dir='ltr'>quattuor</span> <span class='ocrx_word' id='word_1_154' title='bbox 1358 2892 1471 2971; x_wconf 90' lang='lat' dir='ltr'>partes</span> <span class='ocrx_word' id='word_1_155' title='bbox 1494 2885 1682 2972; x_wconf 82' lang='lat' dir='ltr'>disposuere</span> <span class='ocrx_word' id='word_1_156' title='bbox 1706 2875 1859 2980; x_wconf 80' lang='lat' dir='ltr'>concepi,</span> <span class='ocrx_word' id='word_1_157' title='bbox 1888 2896 2002 2960; x_wconf 92' lang='lat' dir='ltr'>uuius-</span> 
     </span>
     <span class='ocr_line' id='line_1_14' title="bbox 161 2987 2003 3076; baseline 0.003 -21"><span class='ocrx_word' id='word_1_158' title='bbox 161 2990 297 3075; x_wconf 86' lang='lat' dir='ltr'>caiusque</span> <span class='ocrx_word' id='word_1_159' title='bbox 317 2989 422 3076; x_wconf 90' lang='lat' dir='ltr'>partis</span> <span class='ocrx_word' id='word_1_160' title='bbox 442 2995 662 3071; x_wconf 85' lang='lat' dir='ltr'>argumentum</span> <span class='ocrx_word' id='word_1_161' title='bbox 684 2989 776 3074; x_wconf 89' lang='lat' dir='ltr'>quasi</span> <span class='ocrx_word' id='word_1_162' title='bbox 797 2988 983 3074; x_wconf 90' lang='lat' dir='ltr'>quibusdam</span> <span class='ocrx_word' id='word_1_163' title='bbox 1005 2990 1100 3056; x_wconf 88' lang='lat' dir='ltr'>lineis</span> <span class='ocrx_word' id='word_1_164' title='bbox 1121 2987 1323 3075; x_wconf 81' lang='lat' dir='ltr'>adumbravi,</span> <span class='ocrx_word' id='word_1_165' title='bbox 1344 3005 1400 3053; x_wconf 88' lang='lat' dir='ltr'>res</span> <span class='ocrx_word' id='word_1_166' title='bbox 1421 3007 1480 3053; x_wconf 91' lang='lat' dir='ltr'>suo</span> <span class='ocrx_word' id='word_1_167' title='bbox 1503 2988 1714 3074; x_wconf 85' lang='lat' dir='ltr'>quamquain</span> <span class='ocrx_word' id='word_1_168' title='bbox 1735 2989 1805 3057; x_wconf 86' lang='lat' dir='ltr'>loeo</span> <span class='ocrx_word' id='word_1_169' title='bbox 1827 2993 2003 3060; x_wconf 91' lang='lat' dir='ltr'>collocatas</span> 
     </span>
     <span class='ocr_line' id='line_1_15' title="bbox 161 3087 2003 3179; baseline 0.003 -25"><span class='ocrx_word' id='word_1_170' title='bbox 161 3089 318 3156; x_wconf 87' lang='lat' dir='ltr'>elaboravi.</span> <span class='ocrx_word' id='word_1_171' title='bbox 360 3089 413 3156; x_wconf 89' lang='lat' dir='ltr'>lta</span> <span class='ocrx_word' id='word_1_172' title='bbox 435 3094 584 3174; x_wconf 90' lang='lat' dir='ltr'>quattuor</span> <span class='ocrx_word' id='word_1_173' title='bbox 606 3087 756 3154; x_wconf 86' lang='lat' dir='ltr'>exierunt</span> <span class='ocrx_word' id='word_1_174' title='bbox 775 3088 1026 3174; x_wconf 83' lang='lat' dir='ltr'>prolegomenoio</span> <span class='ocrx_word' id='word_1_175' title='bbox 1048 3089 1172 3176; x_wconf 89' lang='lat' dir='ltr'>capita,</span> <span class='ocrx_word' id='word_1_176' title='bbox 1204 3107 1334 3174; x_wconf 89' lang='lat' dir='ltr'>quorum</span> <span class='ocrx_word' id='word_1_177' title='bbox 1355 3089 1456 3178; x_wconf 84' lang='lat' dir='ltr'>primo</span> <span class='ocrx_word' id='word_1_178' title='bbox 1477 3087 1519 3154; x_wconf 90' lang='lat' dir='ltr'>de</span> <span class='ocrx_word' id='word_1_179' title='bbox 1541 3091 1686 3176; x_wconf 91' lang='lat' dir='ltr'>nomine,</span> <span class='ocrx_word' id='word_1_180' title='bbox 1718 3093 1843 3178; x_wconf 89' lang='lat' dir='ltr'>patria,</span> <span class='ocrx_word' id='word_1_181' title='bbox 1881 3099 2003 3179; x_wconf 90' lang='lat' dir='ltr'>aetate,</span> 
     </span>
     <span class='ocr_line' id='line_1_16' title="bbox 161 3188 2002 3278; baseline 0.004 -26"><span class='ocrx_word' id='word_1_182' title='bbox 161 3190 408 3274; x_wconf 86' lang='lat' dir='ltr'>praeceptoribus</span> <span class='ocrx_word' id='word_1_183' title='bbox 437 3188 601 3254; x_wconf 83' lang='lat' dir='ltr'>Theodori</span> <span class='ocrx_word' id='word_1_184' title='bbox 623 3207 771 3278; x_wconf 82' lang='lat' dir='ltr'>agemus3</span> <span class='ocrx_word' id='word_1_185' title='bbox 805 3188 949 3255; x_wconf 88' lang='lat' dir='ltr'>secundo</span> <span class='ocrx_word' id='word_1_186' title='bbox 972 3189 1013 3256; x_wconf 93' lang='lat' dir='ltr'>de</span> <span class='ocrx_word' id='word_1_187' title='bbox 1035 3188 1142 3255; x_wconf 92' lang='lat' dir='ltr'>indole</span> <span class='ocrx_word' id='word_1_188' title='bbox 1164 3195 1342 3274; x_wconf 85' lang='lat' dir='ltr'>naturaque</span> <span class='ocrx_word' id='word_1_189' title='bbox 1363 3189 1451 3276; x_wconf 91' lang='lat' dir='ltr'>eius,</span> <span class='ocrx_word' id='word_1_190' title='bbox 1480 3208 1573 3274; x_wconf 90' lang='lat' dir='ltr'>quem</span> <span class='ocrx_word' id='word_1_191' title='bbox 1596 3188 1637 3255; x_wconf 92' lang='lat' dir='ltr'>de</span> <span class='ocrx_word' id='word_1_192' title='bbox 1658 3189 1830 3258; x_wconf 89' lang='lat' dir='ltr'>Iustiniani</span> <span class='ocrx_word' id='word_1_193' title='bbox 1853 3193 2002 3261; x_wconf 89' lang='lat' dir='ltr'>Novellis</span> 
     </span>
     <span class='ocr_line' id='line_1_17' title="bbox 162 3287 2007 3382; baseline 0.005 -30"><span class='ocrx_word' id='word_1_194' title='bbox 162 3291 340 3378; x_wconf 88' lang='lat' dir='ltr'>composuit,</span> <span class='ocrx_word' id='word_1_195' title='bbox 361 3290 433 3355; x_wconf 91' lang='lat' dir='ltr'>libri</span> <span class='ocrx_word' id='word_1_196' title='bbox 454 3288 667 3378; x_wconf 73' lang='lat' dir='ltr'>disseremus,</span> <span class='ocrx_word' id='word_1_197' title='bbox 689 3289 786 3354; x_wconf 88' lang='lat' dir='ltr'>tertio</span> <span class='ocrx_word' id='word_1_198' title='bbox 808 3288 849 3355; x_wconf 94' lang='lat' dir='ltr'>de</span> <span class='ocrx_word' id='word_1_199' title='bbox 871 3290 1026 3376; x_wconf 83' lang='lat' dir='ltr'>fontibus,</span> <span class='ocrx_word' id='word_1_200' title='bbox 1047 3287 1132 3355; x_wconf 93' lang='lat' dir='ltr'>unde</span> <span class='ocrx_word' id='word_1_201' title='bbox 1153 3289 1214 3356; x_wconf 90' lang='lat' dir='ltr'>boc</span> <span class='ocrx_word' id='word_1_202' title='bbox 1236 3289 1484 3374; x_wconf 79' lang='lat' dir='ltr'>fragmentorum</span> <span class='ocrx_word' id='word_1_203' title='bbox 1505 3307 1621 3374; x_wconf 90' lang='lat' dir='ltr'>corpus</span> <span class='ocrx_word' id='word_1_204' title='bbox 1642 3289 1788 3358; x_wconf 89' lang='lat' dir='ltr'>haustum</span> <span class='ocrx_word' id='word_1_205' title='bbox 1819 3293 1873 3380; x_wconf 83' lang='lat' dir='ltr'>sit,</span> <span class='ocrx_word' id='word_1_206' title='bbox 1891 3293 2007 3382; x_wconf 87' lang='lat' dir='ltr'>dispu-</span> 
     </span>
     <span class='ocr_line' id='line_1_18' title="bbox 167 3387 1652 3480; baseline 0.001 -26"><span class='ocrx_word' id='word_1_207' title='bbox 167 3389 306 3480; x_wconf 72' lang='lat' dir='ltr'>nomm,</span> <span class='ocrx_word' id='word_1_208' title='bbox 334 3397 466 3478; x_wconf 87' lang='lat' dir='ltr'>quarto,</span> <span class='ocrx_word' id='word_1_209' title='bbox 488 3388 750 3477; x_wconf 90' lang='lat' dir='ltr'>quemadmodum</span> <span class='ocrx_word' id='word_1_210' title='bbox 770 3397 882 3458; x_wconf 90' lang='lat' dir='ltr'>nostro</span> <span class='ocrx_word' id='word_1_211' title='bbox 904 3389 1039 3458; x_wconf 88' lang='lat' dir='ltr'>editoris</span> <span class='ocrx_word' id='word_1_212' title='bbox 1060 3387 1164 3456; x_wconf 82' lang='lat' dir='ltr'>officio</span> <span class='ocrx_word' id='word_1_213' title='bbox 1185 3390 1285 3458; x_wconf 82' lang='lat' dir='ltr'>functi</span> <span class='ocrx_word' id='word_1_214' title='bbox 1305 3391 1422 3479; x_wconf 89' lang='lat' dir='ltr'>simus,</span> <span class='ocrx_word' id='word_1_215' title='bbox 1444 3407 1652 3475; x_wconf 84' lang='lat' dir='ltr'>exponemus.</span> 
     </span>
    </p>
   </div>
   <div class='ocr_carea' id='block_1_5' title="bbox 879 3719 1287 3736">
    <p class='ocr_par' dir='ltr' id='par_1_5' title="bbox 879 3719 1287 3736">
     <span class='ocr_line' id='line_1_19' title="bbox 879 3719 1287 3736; baseline 0 -1"><span class='ocrx_word' id='word_1_216' title='bbox 879 3719 1287 3736; x_wconf 52' lang='lat' dir='ltr'><em>m</em></span> 
     </span>
    </p>
   </div>
   <div class='ocr_carea' id='block_1_6' title="bbox 813 4047 1349 4150">
    <p class='ocr_par' dir='ltr' id='par_1_6' title="bbox 813 3999 1349 4150">
     <span class='ocr_line' id='line_1_20' title="bbox 813 4047 1349 4150; baseline -0.006 -12"><span class='ocrx_word' id='word_1_217' title='bbox 813 4047 1349 4150; x_wconf 72' lang='lat' dir='ltr'>aaroni</span> 
     </span>
    </p>
   </div>
   <div class='ocr_carea' id='block_1_7' title="bbox 157 4299 2075 5297">
    <p class='ocr_par' dir='ltr' id='par_1_7' title="bbox 157 4299 2075 5297">
     <span class='ocr_line' id='line_1_21' title="bbox 279 4299 2006 4392; baseline 0.001 -22"><span class='ocrx_word' id='word_1_218' title='bbox 279 4303 357 4370; x_wconf 86' lang='lat' dir='ltr'>Cum</span> <span class='ocrx_word' id='word_1_219' title='bbox 384 4303 483 4370; x_wconf 86' lang='lat' dir='ltr'>multa</span> <span class='ocrx_word' id='word_1_220' title='bbox 512 4308 547 4369; x_wconf 89' lang='lat' dir='ltr'>et</span> <span class='ocrx_word' id='word_1_221' title='bbox 574 4302 638 4370; x_wconf 91' lang='lat' dir='ltr'>alia</span> <span class='ocrx_word' id='word_1_222' title='bbox 666 4300 707 4368; x_wconf 93' lang='lat' dir='ltr'>de</span> <span class='ocrx_word' id='word_1_223' title='bbox 733 4299 803 4368; x_wconf 91' lang='lat' dir='ltr'>inre</span> <span class='ocrx_word' id='word_1_224' title='bbox 829 4299 1136 4369; x_wconf 83' lang='lat' dir='ltr'>Graeco-Romano</span> <span class='ocrx_word' id='word_1_225' title='bbox 1165 4319 1186 4367; x_wconf 89' lang='lat' dir='ltr'>a</span> <span class='ocrx_word' id='word_1_226' title='bbox 1212 4301 1285 4367; x_wconf 87' lang='lat' dir='ltr'>viro</span> <span class='ocrx_word' id='word_1_227' title='bbox 1311 4299 1595 4388; x_wconf 87' lang='lat' dir='ltr'>praestantissimo</span> <span class='ocrx_word' id='word_1_228' title='bbox 1629 4300 1775 4369; x_wconf 84' lang='lat' dir='ltr'>Bieocro</span> <span class='ocrx_word' id='word_1_229' title='bbox 1805 4305 1872 4372; x_wconf 91' lang='lat' dir='ltr'>sint</span> <span class='ocrx_word' id='word_1_230' title='bbox 1899 4303 2006 4392; x_wconf 89' lang='lat' dir='ltr'>docte,</span> 
     </span>
     <span class='ocr_line' id='line_1_22' title="bbox 164 4391 2006 4496; baseline 0.002 -29"><span class='ocrx_word' id='word_1_231' title='bbox 164 4404 342 4494; x_wconf 87' lang='lat' dir='ltr'>mehercule,</span> <span class='ocrx_word' id='word_1_232' title='bbox 363 4403 559 4491; x_wconf 85' lang='lat' dir='ltr'>egregieque</span> <span class='ocrx_word' id='word_1_233' title='bbox 581 4403 758 4489; x_wconf 87' lang='lat' dir='ltr'>disputata,</span> <span class='ocrx_word' id='word_1_234' title='bbox 781 4408 846 4469; x_wconf 94' lang='lat' dir='ltr'>tum</span> <span class='ocrx_word' id='word_1_235' title='bbox 867 4403 938 4492; x_wconf 92' lang='lat' dir='ltr'>illa,</span> <span class='ocrx_word' id='word_1_236' title='bbox 959 4419 1041 4488; x_wconf 89' lang='lat' dir='ltr'>quae</span> <span class='ocrx_word' id='word_1_237' title='bbox 1063 4402 1105 4467; x_wconf 93' lang='lat' dir='ltr'>de</span> <span class='ocrx_word' id='word_1_238' title='bbox 1127 4401 1291 4468; x_wconf 82' lang='lat' dir='ltr'>Theodori</span> <span class='ocrx_word' id='word_1_239' title='bbox 1312 4407 1436 4490; x_wconf 87' lang='lat' dir='ltr'>aetate,</span> <span class='ocrx_word' id='word_1_240' title='bbox 1457 4401 1542 4491; x_wconf 88' lang='lat' dir='ltr'>vita,</span> <span class='ocrx_word' id='word_1_241' title='bbox 1562 4401 1740 4496; x_wconf 86' lang='lat' dir='ltr'>scriptis1]</span> <span class='ocrx_word' id='word_1_242' title='bbox 1762 4391 1910 4494; x_wconf 80' lang='lat' dir='ltr'>scripsit,</span> <span class='ocrx_word' id='word_1_243' title='bbox 1931 4411 2006 4472; x_wconf 90' lang='lat' dir='ltr'>sunt</span> 
     </span>
     <span class='ocr_line' id='line_1_23' title="bbox 163 4501 2006 4594; baseline 0.002 -28"><span class='ocrx_word' id='word_1_244' title='bbox 163 4503 206 4570; x_wconf 84' lang='lat' dir='ltr'>ita</span> <span class='ocrx_word' id='word_1_245' title='bbox 226 4512 420 4594; x_wconf 89' lang='lat' dir='ltr'>comparata,</span> <span class='ocrx_word' id='word_1_246' title='bbox 455 4515 490 4570; x_wconf 88' lang='lat' dir='ltr'>ut</span> <span class='ocrx_word' id='word_1_247' title='bbox 512 4505 587 4572; x_wconf 90' lang='lat' dir='ltr'>nibil</span> <span class='ocrx_word' id='word_1_248' title='bbox 610 4523 718 4590; x_wconf 88' lang='lat' dir='ltr'>supra.</span> <span class='ocrx_word' id='word_1_249' title='bbox 766 4501 840 4588; x_wconf 83' lang='lat' dir='ltr'>Ego</span> <span class='ocrx_word' id='word_1_250' title='bbox 867 4505 932 4570; x_wconf 89' lang='lat' dir='ltr'>viri</span> <span class='ocrx_word' id='word_1_251' title='bbox 959 4501 1279 4569; x_wconf 85' lang='lat' dir='ltr'>doctissimiscrinia</span> <span class='ocrx_word' id='word_1_252' title='bbox 1307 4521 1372 4568; x_wconf 90' lang='lat' dir='ltr'>uon</span> <span class='ocrx_word' id='word_1_253' title='bbox 1399 4503 1591 4589; x_wconf 91' lang='lat' dir='ltr'>compilabo,</span> <span class='ocrx_word' id='word_1_254' title='bbox 1626 4503 1706 4591; x_wconf 90' lang='lat' dir='ltr'>sed,</span> <span class='ocrx_word' id='word_1_255' title='bbox 1743 4507 1773 4571; x_wconf 87' lang='lat' dir='ltr'>si</span> <span class='ocrx_word' id='word_1_256' title='bbox 1804 4506 1880 4593; x_wconf 92' lang='lat' dir='ltr'>quid</span> <span class='ocrx_word' id='word_1_257' title='bbox 1908 4525 2006 4572; x_wconf 88' lang='lat' dir='ltr'>secus</span> 
     </span>
     <span class='ocr_line' id='line_1_24' title="bbox 163 4600 2007 4696; baseline 0 -28"><span class='ocrx_word' id='word_1_258' title='bbox 163 4605 316 4696; x_wconf 73' lang='lat' dir='ltr'>rideatur,</span> <span class='ocrx_word' id='word_1_259' title='bbox 351 4606 412 4671; x_wconf 88' lang='lat' dir='ltr'>boe</span> <span class='ocrx_word' id='word_1_260' title='bbox 433 4605 504 4672; x_wconf 92' lang='lat' dir='ltr'>loco</span> <span class='ocrx_word' id='word_1_261' title='bbox 531 4605 564 4669; x_wconf 92' lang='lat' dir='ltr'>in</span> <span class='ocrx_word' id='word_1_262' title='bbox 586 4604 721 4670; x_wconf 91' lang='lat' dir='ltr'>medium</span> <span class='ocrx_word' id='word_1_263' title='bbox 742 4605 918 4689; x_wconf 83' lang='lat' dir='ltr'>proferam,</span> <span class='ocrx_word' id='word_1_264' title='bbox 945 4605 1011 4669; x_wconf 89' lang='lat' dir='ltr'>illis</span> <span class='ocrx_word' id='word_1_265' title='bbox 1018 4651 1028 4691; x_wconf 93' lang='lat'>,</span> <span class='ocrx_word' id='word_1_266' title='bbox 1064 4618 1147 4688; x_wconf 92' lang='lat' dir='ltr'>quae</span> <span class='ocrx_word' id='word_1_267' title='bbox 1175 4600 1260 4688; x_wconf 90' lang='lat' dir='ltr'>apud</span> <span class='ocrx_word' id='word_1_268' title='bbox 1287 4600 1460 4669; x_wconf 90' lang='lat' dir='ltr'>Bienernm</span> <span class='ocrx_word' id='word_1_269' title='bbox 1482 4610 1516 4670; x_wconf 91' lang='lat' dir='ltr'>et</span> <span class='ocrx_word' id='word_1_270' title='bbox 1536 4603 1650 4670; x_wconf 73' lang='lat' dir='ltr'>melius</span> <span class='ocrx_word' id='word_1_271' title='bbox 1672 4612 1706 4671; x_wconf 89' lang='lat' dir='ltr'>et</span> <span class='ocrx_word' id='word_1_272' title='bbox 1727 4606 1920 4673; x_wconf 84' lang='lat' dir='ltr'>commodius</span> <span class='ocrx_word' id='word_1_273' title='bbox 1941 4605 2007 4689; x_wconf 90' lang='lat' dir='ltr'>legi</span> 
     </span>
     <span class='ocr_line' id='line_1_25' title="bbox 163 4701 2006 4795; baseline -0.001 -25"><span class='ocrx_word' id='word_1_274' title='bbox 163 4715 287 4795; x_wconf 89' lang='lat' dir='ltr'>queant,</span> <span class='ocrx_word' id='word_1_275' title='bbox 314 4706 408 4794; x_wconf 92' lang='lat' dir='ltr'>plane</span> <span class='ocrx_word' id='word_1_276' title='bbox 429 4705 679 4794; x_wconf 87' lang='lat' dir='ltr'>praetermissis.</span> <span class='ocrx_word' id='word_1_277' title='bbox 735 4704 774 4769; x_wconf 92' lang='lat' dir='ltr'>ln</span> <span class='ocrx_word' id='word_1_278' title='bbox 794 4705 851 4786; x_wconf 84' lang='lat' dir='ltr'>iis,</span> <span class='ocrx_word' id='word_1_279' title='bbox 879 4725 959 4793; x_wconf 91' lang='lat' dir='ltr'>quos</span> <span class='ocrx_word' id='word_1_280' title='bbox 987 4702 1134 4789; x_wconf 89' lang='lat' dir='ltr'>equidem</span> <span class='ocrx_word' id='word_1_281' title='bbox 1155 4701 1300 4790; x_wconf 91' lang='lat' dir='ltr'>legerim,</span> <span class='ocrx_word' id='word_1_282' title='bbox 1326 4703 1405 4768; x_wconf 88' lang='lat' dir='ltr'>iuris</span> <span class='ocrx_word' id='word_1_283' title='bbox 1427 4702 1545 4771; x_wconf 86' lang='lat' dir='ltr'>Graeci</span> <span class='ocrx_word' id='word_1_284' title='bbox 1567 4705 1659 4771; x_wconf 84' lang='lat' dir='ltr'>libris</span> <span class='ocrx_word' id='word_1_285' title='bbox 1681 4705 1872 4774; x_wconf 80' lang='lat' dir='ltr'>Theodorus</span> <span class='ocrx_word' id='word_1_286' title='bbox 1894 4711 2006 4771; x_wconf 90' lang='lat' dir='ltr'>noster</span> 
     </span>
     <span class='ocr_line' id='line_1_26' title="bbox 162 4801 2007 4895; baseline 0 -25"><span class='ocrx_word' id='word_1_287' title='bbox 162 4805 337 4895; x_wconf 89' lang='lat' dir='ltr'>plemmque</span> <span class='ocrx_word' id='word_1_288' title='bbox 368 4808 458 4872; x_wconf 91' lang='lat' dir='ltr'>audit</span> <span class='ocrx_word' id='word_1_289' title='bbox 490 4801 704 4891; x_wconf 78' lang='lat' dir='ltr'>Theodorus,</span> <span class='ocrx_word' id='word_1_290' title='bbox 744 4807 933 4892; x_wconf 86' lang='lat' dir='ltr'>cognomine</span> <span class='ocrx_word' id='word_1_291' title='bbox 959 4803 1087 4872; x_wconf 91' lang='lat' dir='ltr'>adiecto</span> <span class='ocrx_word' id='word_1_292' title='bbox 1114 4801 1212 4890; x_wconf 92' lang='lat' dir='ltr'>plane</span> <span class='ocrx_word' id='word_1_293' title='bbox 1239 4801 1336 4869; x_wconf 82' lang='lat' dir='ltr'>nrrllo.</span> <span class='ocrx_word' id='word_1_294' title='bbox 1385 4801 1445 4871; x_wconf 83' lang='lat' dir='ltr'>Sic</span> <span class='ocrx_word' id='word_1_295' title='bbox 1468 4805 1622 4893; x_wconf 90' lang='lat' dir='ltr'>pleraque</span> <span class='ocrx_word' id='word_1_296' title='bbox 1646 4806 1861 4876; x_wconf 87' lang='lat' dir='ltr'>Basilicorum</span> <span class='ocrx_word' id='word_1_297' title='bbox 1882 4805 2007 4872; x_wconf 88' lang='lat' dir='ltr'>scholia</span> 
     </span>
     <span class='ocr_line' id='line_1_27' title="bbox 161 4901 2007 4994; baseline 0 -24"><span class='ocrx_word' id='word_1_298' title='bbox 161 4907 256 4972; x_wconf 86' lang='lat' dir='ltr'>solam</span> <span class='ocrx_word' id='word_1_299' title='bbox 275 4907 437 4975; x_wconf 88' lang='lat' dir='ltr'>Theodori</span> <span class='ocrx_word' id='word_1_300' title='bbox 458 4906 578 4974; x_wconf 89' lang='lat' dir='ltr'>habeut</span> <span class='ocrx_word' id='word_1_301' title='bbox 598 4907 810 4994; x_wconf 90' lang='lat' dir='ltr'>mentionem,</span> <span class='ocrx_word' id='word_1_302' title='bbox 831 4907 879 4972; x_wconf 88' lang='lat' dir='ltr'>sie</span> <span class='ocrx_word' id='word_1_303' title='bbox 902 4901 1258 4972; x_wconf 87' lang='lat' dir='ltr'>Pseudo-Eustatbius</span> <span class='ocrx_word' id='word_1_304' title='bbox 1278 4905 1312 4968; x_wconf 91' lang='lat' dir='ltr'>in</span> <span class='ocrx_word' id='word_1_305' title='bbox 1332 4904 1413 4971; x_wconf 90' lang='lat' dir='ltr'>libro</span> <span class='ocrx_word' id='word_1_306' title='bbox 1434 4909 1552 4994; x_wconf 76' lang='lat' dir='ltr'>ponda,</span> <span class='ocrx_word' id='word_1_307' title='bbox 1573 4908 1622 4973; x_wconf 89' lang='lat' dir='ltr'>sic</span> <span class='ocrx_word' id='word_1_308' title='bbox 1643 4927 1820 4994; x_wconf 88' lang='lat' dir='ltr'>anonymus</span> <span class='ocrx_word' id='word_1_309' title='bbox 1842 4906 1883 4972; x_wconf 91' lang='lat' dir='ltr'>de</span> <span class='ocrx_word' id='word_1_310' title='bbox 1905 4923 2007 4991; x_wconf 92' lang='lat' dir='ltr'>pecu·</span> 
     </span>
     <span class='ocr_line' id='line_1_28' title="bbox 158 5002 2058 5096; baseline -0.001 -29"><span class='ocrx_word' id='word_1_311' title='bbox 158 5002 211 5070; x_wconf 89' lang='lat' dir='ltr'>liis</span> <span class='ocrx_word' id='word_1_312' title='bbox 236 5011 381 5096; x_wconf 91' lang='lat' dir='ltr'>scriptor,</span> <span class='ocrx_word' id='word_1_313' title='bbox 420 5009 469 5073; x_wconf 85' lang='lat' dir='ltr'>sio</span> <span class='ocrx_word' id='word_1_314' title='bbox 499 5007 696 5073; x_wconf 86' lang='lat' dir='ltr'>scholiastes</span> <span class='ocrx_word' id='word_1_315' title='bbox 733 5003 927 5092; x_wconf 87' lang='lat' dir='ltr'>Synopseos</span> <span class='ocrx_word' id='word_1_316' title='bbox 955 5006 1184 5091; x_wconf 91' lang='lat' dir='ltr'>Basilicorum,</span> <span class='ocrx_word' id='word_1_317' title='bbox 1226 5023 1310 5090; x_wconf 91' lang='lat' dir='ltr'>quae</span> <span class='ocrx_word' id='word_1_318' title='bbox 1336 5005 1369 5070; x_wconf 94' lang='lat' dir='ltr'>in</span> <span class='ocrx_word' id='word_1_319' title='bbox 1402 5004 1522 5074; x_wconf 88' lang='lat' dir='ltr'>Codice</span> <span class='ocrx_word' id='word_1_320' title='bbox 1554 5006 1712 5074; x_wconf 87' lang='lat' dir='ltr'>Vaticano</span> <span class='ocrx_word' id='word_1_321' title='bbox 1740 5003 1831 5072; x_wconf 70' lang='lat'>852.</span> <span class='ocrx_word' id='word_1_322' title='bbox 1859 5006 2006 5072; x_wconf 90' lang='lat' dir='ltr'>habetur.</span> <span class='ocrx_word' id='word_1_323' title='bbox 2045 5049 2058 5096; x_wconf 23' lang='grc'>1.</span> 
     </span>
     <span class='ocr_line' id='line_1_29' title="bbox 164 5089 2063 5212; baseline -0.003 -42"><span class='ocrx_word' id='word_1_324' title='bbox 164 5101 371 5204; x_wconf 77' lang='lat' dir='ltr'>Tbepdunrr,</span> <span class='ocrx_word' id='word_1_325' title='bbox 400 5109 528 5212; x_wconf 68' lang='lat' dir='ltr'>adieqto</span> <span class='ocrx_word' id='word_1_326' title='bbox 549 5106 818 5190; x_wconf 79' lang='lat' dir='ltr'>Hamopottlooi</span> <span class='ocrx_word' id='word_1_327' title='bbox 839 5107 1027 5190; x_wconf 78' lang='lat' dir='ltr'>cognomine</span> <span class='ocrx_word' id='word_1_328' title='bbox 1037 5101 1092 5197; x_wconf 79' lang='lat'>²),</span> <span class='ocrx_word' id='word_1_329' title='bbox 1118 5105 1254 5172; x_wconf 87' lang='lat' dir='ltr'>habetur</span> <span class='ocrx_word' id='word_1_330' title='bbox 1275 5105 1360 5192; x_wconf 89' lang='lat' dir='ltr'>apud</span> <span class='ocrx_word' id='word_1_331' title='bbox 1380 5106 1597 5194; x_wconf 88' lang='lat' dir='ltr'>Matthaeum,</span> <span class='ocrx_word' id='word_1_332' title='bbox 1610 5108 1656 5171; x_wconf 85' lang='lat' dir='ltr'>&#39;in</span> <span class='ocrx_word' id='word_1_333' title='bbox 1678 5106 2006 5194; x_wconf 87' lang='lat' dir='ltr'>Nomopbylacisque‚</span> <span class='ocrx_word' id='word_1_334' title='bbox 2055 5089 2063 5165; x_wconf 86' lang='grc'>’.</span> 
     </span>
     <span class='ocr_line' id='line_1_30' title="bbox 157 5201 2075 5297; baseline 0.001 -27"><span class='ocrx_word' id='word_1_335' title='bbox 157 5203 361 5278; x_wconf 86' lang='lat' dir='ltr'>Basilicarum</span> <span class='ocrx_word' id='word_1_336' title='bbox 381 5209 582 5296; x_wconf 88' lang='lat' dir='ltr'>interpretis,</span> <span class='ocrx_word' id='word_1_337' title='bbox 602 5205 736 5273; x_wconf 86' lang='lat' dir='ltr'>scholiis</span> <span class='ocrx_word' id='word_1_338' title='bbox 745 5201 793 5297; x_wconf 75' lang='lat'>³).</span> <span class='ocrx_word' id='word_1_339' title='bbox 836 5206 926 5272; x_wconf 90' lang='lat' dir='ltr'>Idem</span> <span class='ocrx_word' id='word_1_340' title='bbox 943 5205 1239 5292; x_wconf 78' lang='lat' dir='ltr'>Hmmopolitanaa</span> <span class='ocrx_word' id='word_1_341' title='bbox 1259 5213 1406 5290; x_wconf 88' lang='lat' dir='ltr'>vocatur,</span> <span class='ocrx_word' id='word_1_342' title='bbox 1427 5206 1590 5275; x_wconf 85' lang='lat' dir='ltr'>Theodori</span> <span class='ocrx_word' id='word_1_343' title='bbox 1610 5206 1738 5274; x_wconf 90' lang='lat' dir='ltr'>nomine</span> <span class='ocrx_word' id='word_1_344' title='bbox 1759 5207 1855 5294; x_wconf 89' lang='lat' dir='ltr'>plane</span> <span class='ocrx_word' id='word_1_345' title='bbox 1876 5205 2008 5294; x_wconf 89' lang='lat' dir='ltr'>omisso,</span> <span class='ocrx_word' id='word_1_346' title='bbox 2069 5270 2075 5281; x_wconf 90' lang='grc'>,</span> 
     </span>
    </p>
   </div>
   <div class='ocr_carea' id='block_1_8' title="bbox 159 5381 556 5402">
    <p class='ocr_par' dir='ltr' id='par_1_8' title="bbox 159 5381 556 5402">
     <span class='ocr_line' id='line_1_31' title="bbox 159 5381 556 5402; baseline 0 -3"><span class='ocrx_word' id='word_1_347' title='bbox 159 5381 556 5402; x_wconf 42' lang='lat' dir='ltr'>*r——n—n—-n</span> 
     </span>
    </p>
   </div>
   <div class='ocr_carea' id='block_1_9' title="bbox 159 5486 2068 5990">
    <p class='ocr_par' dir='ltr' id='par_1_9' title="bbox 159 5486 2068 5990">
     <span class='ocr_line' id='line_1_32' title="bbox 298 5486 2068 5578; baseline -0.001 -28"><span class='ocrx_word' id='word_1_348' title='bbox 298 5499 329 5560; x_wconf 85' lang='lat'>1)</span> <span class='ocrx_word' id='word_1_349' title='bbox 346 5499 377 5549; x_wconf 91' lang='lat' dir='ltr'>ln</span> <span class='ocrx_word' id='word_1_350' title='bbox 394 5499 480 5548; x_wconf 88' lang='lat' dir='ltr'>libro:</span> <span class='ocrx_word' id='word_1_351' title='bbox 501 5497 553 5546; x_wconf 87' lang='lat' dir='ltr'>Dle</span> <span class='ocrx_word' id='word_1_352' title='bbox 572 5495 732 5578; x_wconf 78' lang='lat' dir='ltr'>Gesqhichte</span> <span class='ocrx_word' id='word_1_353' title='bbox 749 5495 797 5546; x_wconf 87' lang='lat' dir='ltr'>der</span> <span class='ocrx_word' id='word_1_354' title='bbox 814 5496 942 5546; x_wconf 82' lang='lat' dir='ltr'>Novellen</span> <span class='ocrx_word' id='word_1_355' title='bbox 961 5511 986 5560; x_wconf 89' lang='lat' dir='ltr'>p.</span> <span class='ocrx_word' id='word_1_356' title='bbox 1005 5495 1113 5547; x_wconf 75' lang='lat' dir='ltr'>tta-au.</span> <span class='ocrx_word' id='word_1_357' title='bbox 1191 5497 1221 5556; x_wconf 77' lang='lat'>2)</span> <span class='ocrx_word' id='word_1_358' title='bbox 1238 5499 1269 5548; x_wconf 85' lang='lat' dir='ltr'>ln</span> <span class='ocrx_word' id='word_1_359' title='bbox 1285 5497 1371 5562; x_wconf 80' lang='lat' dir='ltr'>praei.</span> <span class='ocrx_word' id='word_1_360' title='bbox 1388 5497 1567 5558; x_wconf 79' lang='lat' dir='ltr'>syntagmatis</span> <span class='ocrx_word' id='word_1_361' title='bbox 1583 5506 1714 5548; x_wconf 75' lang='lat' dir='ltr'>mnonnm</span> <span class='ocrx_word' id='word_1_362' title='bbox 1736 5499 1763 5550; x_wconf 84' lang='lat' dir='ltr'>in</span> <span class='ocrx_word' id='word_1_363' title='bbox 1780 5498 1906 5562; x_wconf 81' lang='lat' dir='ltr'>synodici</span> <span class='ocrx_word' id='word_1_364' title='bbox 1922 5499 2008 5549; x_wconf 81' lang='lat' dir='ltr'>Bere·</span> <span class='ocrx_word' id='word_1_365' title='bbox 2059 5486 2068 5526; x_wconf 75' lang='lat'>²</span> 
     </span>
     <span class='ocr_line' id='line_1_33' title="bbox 160 5575 2008 5650; baseline 0.002 -21"><span class='ocrx_word' id='word_1_366' title='bbox 160 5585 257 5646; x_wconf 81' lang='lat' dir='ltr'>regiam</span> <span class='ocrx_word' id='word_1_367' title='bbox 273 5584 379 5634; x_wconf 85' lang='lat' dir='ltr'>tom.ll.</span> <span class='ocrx_word' id='word_1_368' title='bbox 398 5580 538 5637; x_wconf 77' lang='grc' dir='ltr'><em>Θαλελαϊος</em></span> <span class='ocrx_word' id='word_1_369' title='bbox 555 5581 646 5650; x_wconf 75' lang='grc' dir='ltr'><strong><em>κένσωρ</em></strong></span> <span class='ocrx_word' id='word_1_370' title='bbox 663 5581 729 5644; x_wconf 82' lang='lat' dir='ltr'>(leg.</span> <span class='ocrx_word' id='word_1_371' title='bbox 739 5577 902 5650; x_wconf 74' lang='lat' dir='ltr'>oinraivomp)</span> <span class='ocrx_word' id='word_1_372' title='bbox 920 5579 982 5638; x_wconf 77' lang='grc' dir='ltr'><strong>τοὺς</strong></span> <span class='ocrx_word' id='word_1_373' title='bbox 999 5579 1104 5638; x_wconf 78' lang='grc' dir='ltr'><em>κώδικας</em></span> <span class='ocrx_word' id='word_1_374' title='bbox 1123 5577 1158 5638; x_wconf 73' lang='grc' dir='ltr'>εἷς</span> <span class='ocrx_word' id='word_1_375' title='bbox 1174 5577 1273 5636; x_wconf 76' lang='grc' dir='ltr'><strong><em>πλάτος</em></strong></span> <span class='ocrx_word' id='word_1_376' title='bbox 1289 5578 1413 5640; x_wconf 72' lang='grc' dir='ltr'><em>ἐκδέδωκε,</em></span> <span class='ocrx_word' id='word_1_377' title='bbox 1425 5575 1555 5648; x_wconf 81' lang='grc' dir='ltr'>Θεόδωρος</span> <span class='ocrx_word' id='word_1_378' title='bbox 1570 5576 1772 5650; x_wconf 77' lang='grc' dir='ltr'>Ἑρμουπολίτης</span> <span class='ocrx_word' id='word_1_379' title='bbox 1795 5585 2008 5648; x_wconf 63' lang='lat' dir='ltr'>dunstapulam,</span> 
     </span>
     <span class='ocr_line' id='line_1_34' title="bbox 161 5660 2008 5735; baseline 0.004 -24"><span class='ocrx_word' id='word_1_380' title='bbox 161 5663 197 5714; x_wconf 74' lang='lat' dir='ltr'>dn</span> <span class='ocrx_word' id='word_1_381' title='bbox 214 5667 237 5717; x_wconf 81' lang='lat' dir='ltr'>dl</span> <span class='ocrx_word' id='word_1_382' title='bbox 254 5665 442 5734; x_wconf 62' lang='grc' dir='ltr'>συντομώτερον</span> <span class='ocrx_word' id='word_1_383' title='bbox 456 5661 613 5722; x_wconf 60' lang='lat' dir='ltr'>livoribus.</span> <span class='ocrx_word' id='word_1_384' title='bbox 647 5667 692 5714; x_wconf 78' lang='lat' dir='ltr'>sio</span> <span class='ocrx_word' id='word_1_385' title='bbox 709 5667 783 5714; x_wconf 89' lang='lat' dir='ltr'>recte</span> <span class='ocrx_word' id='word_1_386' title='bbox 799 5660 1009 5734; x_wconf 75' lang='grc' dir='ltr'>Ἑρμουπολίτης.</span> <span class='ocrx_word' id='word_1_387' title='bbox 1043 5665 1110 5714; x_wconf 81' lang='lat' dir='ltr'>Nam</span> <span class='ocrx_word' id='word_1_388' title='bbox 1125 5661 1309 5735; x_wconf 76' lang='grc' dir='ltr'><strong><em>Ἑρμοπολίτης</em></strong></span> <span class='ocrx_word' id='word_1_389' title='bbox 1325 5675 1359 5712; x_wconf 84' lang='lat' dir='ltr'>ex</span> <span class='ocrx_word' id='word_1_390' title='bbox 1375 5663 1483 5724; x_wconf 82' lang='lat' dir='ltr'>linguae</span> <span class='ocrx_word' id='word_1_391' title='bbox 1492 5661 1612 5716; x_wconf 77' lang='lat' dir='ltr'>Graecae</span> <span class='ocrx_word' id='word_1_392' title='bbox 1629 5665 1733 5729; x_wconf 80' lang='lat' dir='ltr'>legibus</span> <span class='ocrx_word' id='word_1_393' title='bbox 1750 5673 1823 5716; x_wconf 85' lang='lat' dir='ltr'>stare</span> <span class='ocrx_word' id='word_1_394' title='bbox 1839 5679 1893 5718; x_wconf 91' lang='lat' dir='ltr'>non</span> <span class='ocrx_word' id='word_1_395' title='bbox 1909 5673 2008 5731; x_wconf 82' lang='lat' dir='ltr'>potest.</span> 
     </span>
     <span class='ocr_line' id='line_1_35' title="bbox 160 5742 2009 5818; baseline 0.002 -19"><span class='ocrx_word' id='word_1_396' title='bbox 160 5747 307 5806; x_wconf 66' lang='lat' dir='ltr'>blaesilla.</span> <span class='ocrx_word' id='word_1_397' title='bbox 325 5753 367 5802; x_wconf 87' lang='lat' dir='ltr'>ed.</span> <span class='ocrx_word' id='word_1_398' title='bbox 384 5751 463 5800; x_wconf 76' lang='lat' dir='ltr'>Fabr.</span> <span class='ocrx_word' id='word_1_399' title='bbox 482 5753 545 5799; x_wconf 84' lang='lat' dir='ltr'>tom.</span> <span class='ocrx_word' id='word_1_400' title='bbox 562 5749 597 5798; x_wconf 92' lang='lat' dir='ltr'>Il.</span> <span class='ocrx_word' id='word_1_401' title='bbox 613 5763 639 5812; x_wconf 86' lang='lat' dir='ltr'>p.</span> <span class='ocrx_word' id='word_1_402' title='bbox 656 5749 715 5798; x_wconf 73' lang='lat'>587.</span> <span class='ocrx_word' id='word_1_403' title='bbox 732 5747 764 5799; x_wconf 80' lang='grc' dir='ltr'>οὐ</span> <span class='ocrx_word' id='word_1_404' title='bbox 782 5747 822 5798; x_wconf 79' lang='grc' dir='ltr'>δεῖ</span> <span class='ocrx_word' id='word_1_405' title='bbox 836 5751 971 5818; x_wconf 73' lang='grc' dir='ltr'><strong><em>προσέχειν</em></strong></span> <span class='ocrx_word' id='word_1_406' title='bbox 987 5748 1108 5800; x_wconf 71' lang='grc' dir='ltr'><strong><em>ἐνταῦθα</em></strong></span> <span class='ocrx_word' id='word_1_407' title='bbox 1124 5751 1161 5814; x_wconf 80' lang='grc' dir='ltr'>τῷ</span> <span class='ocrx_word' id='word_1_408' title='bbox 1176 5744 1348 5818; x_wconf 69' lang='grc' dir='ltr'><em>Ἕρμοπολδτῃ</em></span> <span class='ocrx_word' id='word_1_409' title='bbox 1367 5742 1497 5814; x_wconf 78' lang='grc' dir='ltr'>Θεοδώρῳ,</span> <span class='ocrx_word' id='word_1_410' title='bbox 1514 5742 1581 5810; x_wconf 70' lang='grc' dir='ltr'>ἀλλὰ</span> <span class='ocrx_word' id='word_1_411' title='bbox 1596 5749 1693 5810; x_wconf 73' lang='grc' dir='ltr'><strong><em>μᾶλλον</em></strong></span> <span class='ocrx_word' id='word_1_412' title='bbox 1709 5754 1746 5816; x_wconf 80' lang='grc' dir='ltr'>τῷ</span> <span class='ocrx_word' id='word_1_413' title='bbox 1761 5748 1919 5817; x_wconf 76' lang='grc' dir='ltr'>Ἀδανασίῳ.</span> <span class='ocrx_word' id='word_1_414' title='bbox 1954 5752 2009 5802; x_wconf 88' lang='lat' dir='ltr'>lbi-</span> 
     </span>
     <span class='ocr_line' id='line_1_36' title="bbox 162 5826 2008 5904; baseline 0.003 -25"><span class='ocrx_word' id='word_1_415' title='bbox 162 5831 478 5900; x_wconf 72' lang='lat' dir='ltr'>(lamiam.111.p.360.</span> <span class='ocrx_word' id='word_1_416' title='bbox 501 5839 529 5884; x_wconf 84' lang='lat' dir='ltr'>et</span> <span class='ocrx_word' id='word_1_417' title='bbox 544 5832 603 5882; x_wconf 78' lang='grc'><strong>861.</strong></span> <span class='ocrx_word' id='word_1_418' title='bbox 627 5829 694 5883; x_wconf 74' lang='grc' dir='ltr'><strong><em>οὕτω</em></strong></span> <span class='ocrx_word' id='word_1_419' title='bbox 715 5831 765 5902; x_wconf 72' lang='grc' dir='ltr'>γὰρ</span> <span class='ocrx_word' id='word_1_420' title='bbox 787 5834 902 5894; x_wconf 63' lang='grc' dir='ltr'>λέγοντες</span> <span class='ocrx_word' id='word_1_421' title='bbox 920 5829 979 5881; x_wconf 78' lang='grc' dir='ltr'>οὔτε</span> <span class='ocrx_word' id='word_1_422' title='bbox 1005 5834 1042 5896; x_wconf 79' lang='grc' dir='ltr'>τῷ</span> <span class='ocrx_word' id='word_1_423' title='bbox 1063 5831 1212 5896; x_wconf 60' lang='lat' dir='ltr'>&gt;licaonia</span> <span class='ocrx_word' id='word_1_424' title='bbox 1236 5826 1488 5894; x_wconf 76' lang='grc' dir='ltr'><em>ἰναπιωδησόμεθα</em></span> <span class='ocrx_word' id='word_1_425' title='bbox 1505 5855 1538 5866; x_wconf 89' lang='grc'><strong>-</strong></span> <span class='ocrx_word' id='word_1_426' title='bbox 1555 5827 1616 5882; x_wconf 78' lang='grc' dir='ltr'>οὔτε</span> <span class='ocrx_word' id='word_1_427' title='bbox 1638 5835 1675 5898; x_wconf 77' lang='lat' dir='ltr'>aqi</span> <span class='ocrx_word' id='word_1_428' title='bbox 1697 5829 1867 5904; x_wconf 78' lang='grc' dir='ltr'>Ἐρμοπολδτῃ</span> <span class='ocrx_word' id='word_1_429' title='bbox 1891 5831 2008 5903; x_wconf 74' lang='grc' dir='ltr'><em>Θεοδδρφ</em></span> 
     </span>
     <span class='ocr_line' id='line_1_37' title="bbox 159 5915 2009 5990; baseline -0.001 -20"><span class='ocrx_word' id='word_1_430' title='bbox 159 5916 222 5984; x_wconf 76' lang='lat' dir='ltr'>flag.</span> <span class='ocrx_word' id='word_1_431' title='bbox 239 5919 379 5990; x_wconf 74' lang='grc' dir='ltr'><em>θεοδώρῳ).</em></span> <span class='ocrx_word' id='word_1_432' title='bbox 413 5919 484 5970; x_wconf 86' lang='lat' dir='ltr'>Data</span> <span class='ocrx_word' id='word_1_433' title='bbox 500 5931 584 5982; x_wconf 88' lang='lat' dir='ltr'>opera</span> <span class='ocrx_word' id='word_1_434' title='bbox 600 5919 680 5984; x_wconf 69' lang='lat' dir='ltr'>omisi</span> <span class='ocrx_word' id='word_1_435' title='bbox 697 5917 818 5966; x_wconf 79' lang='lat' dir='ltr'>codicum</span> <span class='ocrx_word' id='word_1_436' title='bbox 835 5916 1096 5980; x_wconf 81' lang='lat' dir='ltr'>vindobonenslum,</span> <span class='ocrx_word' id='word_1_437' title='bbox 1114 5918 1158 5980; x_wconf 85' lang='lat' dir='ltr'>qul</span> <span class='ocrx_word' id='word_1_438' title='bbox 1176 5915 1311 5966; x_wconf 82' lang='lat' dir='ltr'>&#39;rbeodorl</span> <span class='ocrx_word' id='word_1_439' title='bbox 1327 5915 1539 5977; x_wconf 78' lang='lat' dir='ltr'>Hermopolitenl</span> <span class='ocrx_word' id='word_1_440' title='bbox 1552 5927 1649 5966; x_wconf 86' lang='lat' dir='ltr'>nomeu</span> <span class='ocrx_word' id='word_1_441' title='bbox 1663 5919 1831 5985; x_wconf 78' lang='lat' dir='ltr'>praererrmt,</span> <span class='ocrx_word' id='word_1_442' title='bbox 1848 5921 2009 5970; x_wconf 85' lang='lat' dir='ltr'>testimonia.</span> 
     </span>
    </p>
   </div>
   <div class='ocr_carea' id='block_1_10' title="bbox 1546 6009 1598 6080">
    <p class='ocr_par' dir='ltr' id='par_1_10' title="bbox 1546 6009 1598 6080">
     <span class='ocr_line' id='line_1_38' title="bbox 1546 6009 1598 6080; baseline -0.019 0"><span class='ocrx_word' id='word_1_443' title='bbox 1546 6009 1598 6080; x_wconf 72' lang='grc'>26</span> 
     </span>
    </p>
   </div>
   <div class='ocr_carea' id='block_1_11' title="bbox 0 0 2396 7074">
    <p class='ocr_par' dir='ltr' id='par_1_11' title="bbox 0 0 2396 7074">
     <span class='ocr_line' id='line_1_39' title="bbox 0 0 2396 7074; baseline 0 0"><span class='ocrx_word' id='word_1_444' title='bbox 0 0 2396 7074; x_wconf 95' lang='lat' dir='ltr'> </span> 
     </span>
    </p>
   </div>
  </div>
 </body>
</html>
