4864 7070
984 555 1321 628 cnaurur.
1409 516 1416 531 '
1830 640 1838 661 Ι
2001 573 2058 624 ιιι

192 743 425 834 άναιιάθαρσις
452 747 513 813 νῶν
540 745 686 812 παλαιῶν
707 738 824 831 νόμον,
862 761 946 831 quac
967 763 1060 830 quam
1081 762 1146 810 non
1167 739 1308 810 absurde
1328 739 1390 808 hac
1410 737 1548 808 nominis
1568 737 1691 828 adeptu
1718 738 1778 827 sit,
1812 759 1855 808 ex
1876 738 1946 830 bis,
1972 759 2057 830 quse

193 851 344 936 diximus,
366 849 450 916 satis
471 843 823 932 constat—Sequitur
836 845 941 912 altera
965 845 1059 912 huius
1079 843 1307 931 disputationis
1328 861 1417 929 parS,
1437 837 1498 906 boc
1518 845 1583 930 est,
1603 846 1638 905 ut
1658 841 1719 907 boc
1740 841 1896 908 Basilinni
1918 841 2059 929 praebiti

192 953 264 1019 laca
286 951 375 1032 illud,
397 949 482 1018 uude
502 955 616 1016 nostra
635 948 781 1014 Basilica
801 945 992 1036 prodierint,
1013 966 1094 1034 opus
1115 943 1282 1032 designari
1302 943 1568 1010 demonstremus.
1611 939 1703 1024 uuae
1724 939 1849 1030 quidem
1870 943 2057 1030 disputatio,

193 1071 264 1119 cum
287 1053 393 1117 certis
414 1049 666 1136 indubitatisque
691 1053 839 1114 veterum
859 1047 1051 1134 scriptorum
1072 1046 1267 1114 testimoniis
1288 1044 1481 1118 deliciamur,
1502 1041 1544 1108 ad
1563 1043 1797 1130 probabilitatis
1817 1045 1975 1110 rationem
2002 1044 2058 1109 vi-

193 1152 289 1221 detur
310 1152 418 1218 redire
439 1157 519 1218 tata.
564 1152 615 1216 Ac
636 1149 770 1237 primum
791 1145 935 1235 quidem,
963 1167 1034 1214 cum
1061 1148 1172 1235 plures
1191 1145 1406 1214 Basilicarum
1427 1143 1587 1212 editiones
1609 1145 1709 1212 luisse
1731 1163 1830 1231 supra
1859 1143 1978 1210 dictum
1999 1145 2058 1234 sit,

198 1260 331 1330 constet
359 1259 467 1318 autem
494 1252 592 1317 etiam
621 1251 742 1316 Leonis
767 1248 940 1316 editionem
961 1249 1173 1317 Basilicarum
1200 1249 1302 1316 inisse
1323 1249 1481 1335 ultimam,
1509 1245 1647 1334 denique
1675 1253 1753 1313 ante
1777 1244 1891 1312 Basilii
1913 1251 2059 1332 tempora

192 1351 432 1438 ἀνακάθαρσιν
453 1372 546 1420 nemo
569 1353 737 1438 quisquam
759 1349 971 1435 cogitaverit:
998 1370 1204 1439 consequens
1225 1352 1304 1436 erit,
1330 1353 1367 1416 nt
1388 1345 1480 1414 huius
1507 1347 1618 1434 aperis
1639 1346 1793 1431 originem
1815 1346 1870 1412 vel
1887 1346 1935 1414 'ad
1952 1349 2058 1434 ipsum

191 1455 341 1522 Leonem
367 1452 423 1520 vel
450 1451 492 1520 ad
519 1453 692 1530 Basiliam,
728 1451 799 1518 eius
826 1457 968 1536 patrem,
999 1453 1191 1519 referamus.
1258 1449 1402 1535 Cumque
1430 1453 1541 1514 nostra
1569 1445 1714 1514 Basilica
1739 1446 1825 1535 apud
1853 1447 2058 1518 Theodorum

193 1555 424 1622 Balsamanem
444 1551 705 1640 damasianae
725 1558 823 1639 atque
846 1554 943 1620 eiiam
970 1549 1232 1640 άναναθάρσιος
1258 1552 1323 1615 τῶν
1351 1545 1458 1630 νόμιον
1478 1550 1607 1616 nomine
1629 1549 1778 1636 veniant,
1808 1547 1923 1615 eadem
1949 1557 2058 1618 autem

197 1653 329 1723 dicendi
340 1673 463 1741 genere
476 1662 511 1722 et
525 1654 760 1722 Constantinus
773 1647 1126 1745 Porphyragcuueta1)
1140 1659 1175 1720 et
1192 1653 1264 1739 ipse
1277 1651 1361 1719 adea
1374 1644 1557 1740 ananim)
1577 1651 1610 1716 in
1623 1657 1720 1716 vasta
1733 1670 1791 1716 suo
1805 1649 1912 1735 legam
1922 1669 2059 1738 corpore

196 1755 401 1844 designando
422 1755 473 1820 asi
495 1773 572 1821 esse
600 1755 817 1841 reperiantur:
844 1754 991 1842 numquis
1017 1774 1083 1821 nou
1110 1751 1232 1832 videat,
1261 1753 1349 1820 iuter
1369 1758 1537 1836 utrumque
1565 1767 1646 1836 opus
1667 1751 1836 1818 maximam
1854 1751 2059 1822 intercedere

194 1855 434 1924 similitudinem
456 1861 491 1921 et
512 1856 604 1942 quasi
624 1855 783 1942 quandam
805 1847 1053 1942 cognationem?
1095 1853 1252 1943 Accedit,
1278 1853 1364 1942 quad
1384 1850 1550 1918 secundae
1573 1851 1693 1940 partis,
1716 1870 1798 1938 quae
1819 1853 1963 1938 carparis
1985 1851 2057 1920 Ba-

196 1958 306 2026 siliaai
327 1963 396 2046 est,
416 1957 502 2024 idem
522 1977 673 2024 numerus
693 1957 844 2028 librarum
864 1956 1039 2046 habeatur,
1068 1956 1122 2042 qui
1144 1962 1198 2023 est
1219 1963 1254 2024 et
1273 1963 1455 2024 nostrarum
1476 1953 1698 2020 Basilicarum.
1740 1953 1825 2018 Nam
1837 1957 1871 2019 et
1898 1955 1971 2042 ipse
1986 1953 2058 2021 Ba-

196 2058 295 2125 silius
307 2059 480 2143 sexaginta
492 2053 623 2150 libris³J
636 2077 708 2126 eam
721 2057 909 2124 constitisse
924 2057 1037 2124 auctor
1049 2065 1113 2146 est,
1133 2065 1178 2146 et,
1199 2063 1353 2144 quotquot
1368 2061 1443 2122 sunt
1456 2054 1612 2122 historiae
1625 2055 1703 2120 iuris
1714 2053 1902 2141 scriptores,
1921 2055 2058 2122 eundem

197 2160 353 2226 librorum
381 2178 544 2226 numerum
570 2159 604 2224 in
637 2157 761 2224 Leonis
788 2156 941 2222 Basilicis
967 2158 1068 2226 luisse
1097 2158 1277 2226 adiirmant.
1320 2159 1438 2244 Neque
1464 2155 1542 2220 illud
1569 2157 1668 2222 tacito
1696 2155 1962 2242 praetereundum
1993 2163 2057 2245 est,

198 2261 297 2349 qnod,
319 2279 401 2347 quae
422 2262 455 2326 iu
476 2259 599 2326 Leonis
621 2276 756 2345 corpore
777 2257 960 2324 inveniatur
990 2262 1110 2338 τειχῶν
1131 2261 1338 2348 distributio,
1365 2257 1460 2326 simili
1481 2257 1575 2324 modo
1596 2258 1630 2324 iu
1650 2255 1815 2324 Basiliana
1837 2275 1936 2342 opera
1957 2257 2058 2326 inisse

198 2355 401 2452 videatur⁴]
443 2359 545 2427 Parra
575 2360 608 2426 in
630 2359 772 2426 Novella
792 2359 916 2424 Leonis
946 2358 979 2424 1.
996 2356 1033 2451 ὅ)
1061 2361 1167 2446 legum
1195 2381 1313 2448 carpus
1340 2365 1622 2446 commemoratur,
1648 2359 1682 2423 in
1709 2377 1772 2444 qua
1801 2357 1996 2429 elaboranda
2022 2364 2059 2426 ci

199 2463 346 2530 Basilius
374 2469 408 2529 et
434 2461 504 2527 Lea
525 2479 658 2546 operam
684 2461 852 2546 posuerint
881 2477 988 2546 suam,
1023 2461 1083 2528 sed
1111 2461 1254 2529 diversis
1281 2459 1488 2547 temporibus.
1532 2457 1603 2540 Quo
1630 2459 1703 2526 laco
1724 2479 1794 2526 cum
1816 2465 1938 2524 certum
1959 2460 2003 2526 sit
2023 2465 2058 2528 ei

198 2564 415 2631 indubitatum
436 2561 578 2628 Basilica
600 2559 765 2646 designari
773 2555 822 2650 ⁶),
843 2561 993 2648 numquid
1014 2561 1100 2630 aliud
1122 2563 1331 2651 significatur,
1352 2563 1415 2630 uisi
1436 2560 1513 2649 baa,
1534 2562 1582 2648 ei,
1603 2559 1687 2648 quad
1709 2559 1851 2626 Basilius
1873 2561 2060 2648 coniecerit,

198 2665 307 2751 legum
329 2663 456 2750 corpori
483 2662 525 2729 ad
553 2661 698 2734 Basilica
724 2661 847 2728 Leonis
868 2663 1039 2730 maximam
1058 2665 1161 2731 fuisse
1188 2665 1282 2751 quasi
1313 2661 1472 2750 qrmndam
1500 2651 1714 2730 affinitatem?
1756 2659 1839 2727 Siue
1858 2661 1955 2745 igitur
1975 2661 2058 2728 bace

203 2763 515 2833 maleventani
537 2765 641 2850 ipsam
661 2762 777 2828 Basilii
797 2760 1030 2850 ἀνακάθαρσιν
1056 2765 1258 2852 antiquarum
1286 2765 1393 2851 legum
1413 2764 1556 2852 reseras,
1582 2765 1656 2830 sive
1683 2761 1726 2830 ad
1747 2760 1922 2830 secundum
1944 2761 2058 2828 Basilii

197 2887 301 2954 opus,
323 2864 407 2953 quod
429 2864 643 2952 quadraginta
670 2863 761 2930 libris
781 2871 928 2945 constat,
961 2865 1126 2952 pertinere
1153 2867 1284 2954 iubeas,
1312 2864 1389 2932 iilud
1416 2867 1529 2950 negari
1555 2885 1619 2931 non
1645 2864 1781 2951 poterit,
1807 2864 1912 2948 legum
1941 2882 2058 2950 carpus

196 2966 378 3056 quoddam,
400 2967 486 3054 quad
507 2967 550 3034 ud
571 2965 784 3033 Basilicarum
806 2949 1044 3032 similitudinem
1065 2967 1120 3034 vel
1141 2969 1279 3034 maxime
1299 2968 1489 3054 accesserit,
1509 2966 1632 3036 Basilia
1653 2972 1785 3032 auctare
1807 2966 1984 3032 coniectum
2005 2966 2059 3030 iu-

197 3071 281 3136 isse.
324 3068 440 3154 Neque
461 3087 542 3134 vero
565 3067 641 3133 iilud
664 3065 870 3133 coniecturae
886 3085 978 3134 meae
999 3067 1155 3156 obstabit,
1184 3068 1269 3156 quad
1297 3067 1507 3134 Basilicarum
1535 3065 1766 3132 coniectionem
1786 3066 1890 3132 Leoni
1912 3067 2058 3132 tribuen-

196 3170 277 3238 dam
305 3187 384 3236 esse
405 3167 527 3236 Graeci
547 3169 625 3234 iuris
647 3167 802 3234 historiae
824 3167 1002 3253 scriptores
1024 3170 1230 3235 consentiant
1249 3167 1292 3236 ad
1313 3189 1408 3236 uuum
1429 3185 1559 3236 amnes.
1594 3167 1679 3234 Nam
1700 3173 1734 3233 et
1754 3165 1841 3233 aliud
1861 3173 1937 3232 sunt
1957 3164 2058 3232 Basi-

178 3272 279 3358 lica,
299 3269 385 3336 alind
398 3268 513 3336 Basilii
534 3264 777 3356 άνανάθαρσις,
798 3267 1039 3354 quacBasiliais
1060 3269 1275 3357 promulgatis
1288 3270 1371 3337 satis
1386 3273 1508 3336 mature
1521 3267 1672 3336 oblivioni
1685 3268 1816 3333 videtur
1829 3286 1906 3334 esse
1920 3266 2058 3358 tradita3

197 3379 235 3439 et
246 3370 410 3459 prooemio
422 3369 544 3435 Leonis
556 3368 753 3455 Philosophi,
776 3369 861 3456 quod
874 3367 1262 3460 Basilicisprnemittitur,
1288 3369 1408 3436 inducti
1420 3367 1573 3436 videntur
1595 3383 1673 3435 esse
1693 3367 1844 3434 Graeculi
1865 3368 2055 3454 scriptores,

198 3479 237 3538 ut
256 3471 382 3538 Basilia
404 3470 507 3536 uuiias
527 3470 624 3557 plane
650 3475 761 3556 partes
782 3472 816 3536 in
836 3469 988 3562 Basilidis
1016 3469 1223 3538 conficiendis
1243 3471 1441 3558 reliquerint.
1484 3469 1640 3536 Nimirum
1660 3467 1745 3554 iliud
1772 3487 1835 3535 non
1864 3470 2056 3554 cogitarunt,

197 3574 263 3640 boc
283 3573 388 3660 ipsum
408 3571 531 3638 Laurus
552 3571 746 3658 prooemium
767 3591 831 3640 nan
852 3589 946 3652 esse,
972 3571 1037 3638 nisi
1057 3572 1184 3640 latioris
1211 3571 1344 3640 aienius
1371 3569 1625 3661 constitutionis,
1651 3588 1734 3656 quae
1753 3569 1858 3638 Leoni
1893 3569 2060 3660 debeatur,

272 3977 302 4044 1)
317 3980 348 4031 lu
366 3983 423 4030 rita
439 3979 528 4030 Basilii
545 3965 604 4041 cap.
620 3979 664 4028 8³.
683 3971 763 4048 ιύρύν
779 3975 807 4028 δέ
823 3977 867 4029 mi
883 3975 945 4038 τούς
959 3977 1109 4040 πολιτικούς
1123 3980 1220 4044 νόμους
1236 3971 1334 4050 πολλὴν
1349 3977 1477 4043 ἀσάφειαν
1502 3983 1546 4034 ναὶ
1562 3979 1684 4048 σύγχυσιν
1700 3979 1805 4044 {ponar
1820 3974 1864 4030 έιύ
1880 3977 1929 4048 τὴν
1943 3975 2064 4048 drudes,

198 4063 289 4136 ὥσπερ
305 4065 351 4115 aad
366 4065 494 4134 πονηρῶν,
510 4059 730 4132 συναναστροφὴ,
746 4062 810 4124 λέγω
827 4058 858 4128 δὴ
874 4061 923 4129 τὴν
939 4060 1104 4134 ἀνῃρημένων
1119 4066 1163 4116 καὶ
1178 4067 1382 4128 πολιτευομένων
1397 4065 1546 4138 ἀδιάκριτον
1562 4065 1606 4117 ναὶ
1622 4065 1709 4133 κοινὴν
1724 4061 1884 4136 ἀναγραφήν,
1900 4064 1945 4114 sori
1959 4063 2063 4124 τούτοις

199 4145 271 4200 κατὰ
287 4149 319 4199 τὸ
335 4149 466 4218 προσῆκον
482 4145 526 4195 ναὶ
542 4141 705 4208 ένύνχόμννον
721 4145 872 4216 προσφόροις
895 4145 1180 4218 ένννρνορθιύσατσ,
1205 4146 1255 4216 τὴν
1270 4154 1322 4201 νύν
1338 4148 1500 4222 ἀνῃρημένων
1524 4148 1668 4219 ἀχρηστίαν
1689 4146 1862 4220 nepesini„
1889 4147 1933 4198 καὶ
1948 4151 1999 4198 νῦν
2016 4167 2061 4200 νυ·

209 4235 273 4305 ριίιν
289 4228 516 4300 ἀνακαθάρας
540 4228 578 4280 τὸ
599 4229 753 4294 πλῆθος,
777 4228 833 4292 ναὶ,
857 4223 941 4301 ύσπορ
965 4227 993 4281 έν
1009 4233 1133 4298 συνάψαι,
1157 4231 1184 4283 έν
1201 4232 1361 4297 κεφαλαίοις,
1379 4230 1424 4284 διὰ
1438 4236 1469 4286 τὸ
1487 4232 1702 4300 νύμνημόνιυτον,
1723 4229 1772 4298 τὴν
1794 4233 1925 4302 προτέραν
1939 4229 2062 4302 άπιιρέσιν

199 4311 356 4387 νινριλαβύν.
392 4317 450 4366 liae
467 4315 527 4364 ioaa
544 4313 657 4362 Basilius
673 4316 714 4363 rei
729 4312 823 4378 legalis
840 4317 936 4366 statum
953 4317 1107 4368 ννιιοοιέαιιν
1122 4317 1218 4368 dicitur
1239 4320 1323 4370 tribas
1345 4319 1443 4382 modis,
1468 4323 1496 4369 et
1514 4318 1601 4383 legum
1622 4319 1785 4368 sublatarum
1809 4329 1863 4366 nan
1881 4329 1956 4366 usum
1972 4317 2062 4366 detra·

201 4403 302 4462 Ιιοοάυ,
326 4405 354 4452 et
368 4399 454 4464 legum
470 4398 617 4448 validarum
632 4396 823 4447 multitudinem
843 4400 1027 4462 repurgando,
1049 4403 1077 4450 et
1093 4399 1219 4467 denique,
1244 4405 1320 4467 quasi
1332 4403 1441 4466 quodam
1458 4404 1626 4465 compendio,
1651 4401 1778 4464 capitibus
1794 4403 1958 4452 anteriorem
1975 4401 2062 4464 legum

203 4480 657 4544 multitudinemcamprebendendo.
676 4482 861 4539 Quaeresaorn
873 4481 1180 4534 encaustantinirerbis
1190 4488 1227 4535 sit
1241 4483 1389 4553 mendesio,
1404 4487 1592 4550 uoniateiiigo,
1609 4484 1935 4550 quemadmodumv.ciar.
1952 4485 2063 4534 zacho-

200 4572 300 4620 riueus
317 4568 334 4616 i.
353 4566 371 4616 i.
388 4581 415 4630 p.
438 4568 481 4616 titi.
506 4571 561 4614 not
586 4567 630 4616 iiii.
652 4565 743 4614 dicere
765 4568 896 4629 punierit,
918 4567 969 4617 iac
985 4567 1045 4618 ioca
1061 4569 1094 4618 rie
1110 4571 1237 4632 praaiiro
1253 4569 1386 4622 basiliano
1403 4573 1453 4635 agi.
1487 4571 1586 4630 Quodsi
1601 4571 1634 4620 de
1651 4581 1695 4634 eo,
1712 4569 1781 4632 quud
1798 4571 1877 4619 tertia
1894 4569 1953 4619 ioca
1971 4567 2063 4630 posui·

201 4667 278 4716 murs,
294 4663 383 4701 sermo
402 4653 451 4714 sit,
476 4663 530 4699 nan
549 4647 687 4698 admodum
715 4649 883 4713 repugnaba3
912 4653 954 4700 sin
971 4652 1004 4701 ris
1020 4653 1128 4715 reliquis
1146 4665 1261 4718 quoqne,
1278 4665 1345 4718 quse
1361 4666 1441 4721 supra
1457 4654 1542 4704 relata
1560 4657 1635 4718 sunt,
1655 4656 1722 4703 inea
1738 4656 1892 4704 coniectura
1909 4655 1974 4715 ipsis
1990 4649 2062 4700 Con-

200 4738 314 4787 stantini
327 4737 417 4786 verbis
432 4735 579 4783 evertetur.
607 4731 688 4782 Certe
699 4731 761 4782 iliud
779 4733 823 4782 vei
837 4745 872 4783 cx
895 4736 998 4787 dicendi
1021 4747 1123 4801 genera
1140 4740 1208 4787 satis
1222 4739 1362 4802 constabit,
1374 4739 1465 4789 vertis
1476 4734 1525 4802 τὴν
1545 4737 1597 4787 νῦν
1608 4732 1770 4807 ἀνῃρημένων
1784 4733 1925 4806 ἀχρησιλαν
1941 4729 2063 4801 νιιριιλών

201 4821 372 4871 αιιιπέοννοι
389 4817 548 4868 Basilioaus
564 4811 838 4887 άναιιαοάρσιιις
853 4820 962 4882 portem
979 4819 1132 4882 designari3
1154 4823 1308 4886 lisaniam,
1334 4833 1400 4887 quae
1424 4823 1569 4886 sequuntur
1590 4820 1633 4870 sui
1658 4822 1709 4871 τῶν
1731 4819 1822 4892 rapias
1844 4813 2015 4885 ἀνσιαθύραι
2030 4815 2063 4866 τὸ

203 4903 325 4969 πλῆθος,
342 4903 528 4966 portatorem.
602 4901 633 4958 2)
658 4899 688 4948 lii
710 4900 875 4962 praelatione
890 4903 1009 4966 praaiiri
1026 4901 1044 4950 i.
1062 4901 1080 4951 Ι.
1098 4899 1125 4952 έν
1141 4904 1179 4968 τᾷ
1194 4902 1257 4975 παρ’
1277 4900 1351 4971 ἡμῶν
1369 4903 1461 4976 ἀρνέος
1477 4901 1715 4974 ἀπονενοθαρμένῳ
1732 4905 1781 4954 τοῦ
1798 4905 1879 4965 νόμου
1895 4900 1997 4950 πλάτει.
2031 4903 2064 4951 iit

203 4987 297 5052 paullo
314 4991 387 5048 post:
404 4981 493 5049 ἐπειδὴ
511 4983 538 5033 ai
554 4979 671 5050 ἀνωτέρω
688 4979 891 5054 ἀνααοιθύρσννις
906 4985 957 5035 νῦν
973 4985 1091 5036 πολοιύν
1112 4987 1196 5048 νόμον
1213 4985 1441 5055 έμννρμονιύσαμνν.
1505 4993 1535 5048 a)
1554 4991 1741 5042 Zachariam
1756 4987 1773 5038 i.
1792 4989 1808 5037 i.
1825 5001 1850 5050 p.
1869 4985 1928 5036 iot.
1946 4991 2001 5036 nat.
2018 4987 2064 5036 iis.

206 5069 302 5122 verbis
317 5068 346 5119 έν
362 5068 461 5138 stipare
476 5066 598 5134 ἑξήκοντα
615 5067 724 5131 βίβλοις,
757 5081 824 5130 quae
848 5081 883 5118 ex
905 5071 1072 5131 praefatione
1089 5073 1207 5132 praaiiri
1224 5073 1318 5122 bansta
1335 5079 1409 5136 sunt,
1432 5076 1578 5139 ινοσρὶιιλο
1596 5075 1732 5126 uolumina
1748 5073 1883 5134 designari
1900 5081 1981 5132 passe
1997 5082 2062 5120 aaa·

204 5157 282 5206 tecit.
312 5156 382 5218 seri,
403 5153 471 5218 quad
488 5164 553 5215 pace
570 5153 623 5201 viri
641 5152 782 5201 clarissimi
798 5153 925 5213 dixerim,
941 5146 959 5215 ἡ
974 5151 1075 5217 βέβλσς,
1092 5155 1136 5204 ubi
1152 5157 1190 5220 νβ
1206 5153 1301 5220 τιύχνι,
1318 5157 1368 5208 boa
1385 5161 1428 5207 cst
1442 5159 1587 5220 σολυοιλιιλ,
1610 5157 1703 5208 verbis
1720 5156 1825 5205 disertis
1843 5155 1964 5216 opposita
1981 5154 2063 5203 inbe-

202 5245 267 5301 tur,
290 5240 415 5288 ιολιινιινιι
437 5248 499 5286 essa
522 5238 617 5298 aequit.
651 5235 679 5284 iri
697 5238 733 5285 iia
750 5247 814 5286 esse
831 5237 860 5284 nt
875 5233 952 5284 nabis
968 5237 1188 5304 persuadeamus,
1204 5239 1309 5302 logicae
1326 5243 1392 5292 artis
1409 5245 1437 5291 et
1451 5241 1605 5303 disciplinae
1622 5241 1696 5304 leges
1712 5239 1809 5288 iubent.
1858 5237 1979 5300 Accedit,
1996 5237 2064 5301 quad

199 5325 301 5386 τεῦχος
317 5325 347 5372 et
362 5318 461 5384 βιβλίον
478 5324 506 5368 et
521 5319 584 5368 aliis
600 5319 667 5368 iocis
685 5322 808 5381 opposita
824 5313 965 5380 habentur,
982 5310 1056 5371 beina
1072 5324 1139 5386 apud
1164 5325 1316 5376 Atiaiiatam
1333 5327 1359 5374 in
1377 5327 1436 5375 iure
1452 5325 1499 5375 tir.
1516 5327 1592 5376 iiam.
1610 5327 1672 5375 tam.
1691 5321 1722 5372 il.
1741 5335 1765 5383 p.
1783 5321 1810 5370 2.
1829 5323 1856 5370 et
1877 5323 1944 5385 apud
1961 5322 2063 5372 illaeta-

199 5419 262 5459 i'eiit
280 5411 309 5456 lii
327 5405 502 5468 &vareglani
517 5402 645 5466 synodici
661 5405 724 5452 tuni.
742 5401 776 5451 ii.
825 5401 856 5461 4)
873 5401 961 5453 riser.
984 5407 1103 5468 proalilrl
1125 5421 1150 5470 p·
1175 5407 1222 5460 ix.
1241 5403 1283 5459 ὅτι
1309 5409 1494 5476 συναρηοχότις
1519 5407 1546 5459 έν
1569 5408 1607 5459 ένέ
1633 5404 1718 5467 τιύχιι
1734 5397 1769 5452 τὰ
1790 5400 1937 5474 ἀνῃρημένα
1963 5403 2063 5458 πάντα.

200 5490 235 5555 ὅ)
253 5487 357 5540 τούτοιν
374 5475 423 5538 adv
435 5481 501 5552 ’ἡμῖν
517 5481 586 5536 σύτο
603 5485 768 5550 διῳκημένον,
786 5481 840 5536 ἀπὸ
857 5487 906 5536 τοῦ
922 5488 970 5538 νύν
986 5487 1031 5538 καὶ
1047 5487 1084 5548 νές
1100 5491 1193 5541 ἔπειτα
1208 5485 1314 5542 ἅπαντα
1328 5493 1423 5562 χρόνον
1438 5485 1538 5543 ἅπασιν
1553 5521 1587 5531 -
1606 5488 1729 5559 ἄρχουσιν
1744 5485 1787 5538 sol
1803 5489 1933 5546 δικασταῖς
1949 5485 2063 5539 έννιλλύ·

197 5576 289 5636 paea,
304 5568 368 5628 τούς
383 5571 437 5632 μέν,
453 5563 508 5619 boas
524 5569 599 5630 νόμοι
616 5565 689 5639 παρὰ
705 5571 751 5638 τῆς
767 5569 898 5635 βασιλιέας
913 5565 983 5636 alpais
999 5574 1049 5622 τοῦ
1064 5574 1175 5636 νομίμου
1191 5573 1300 5635 έάάφους
1312 5573 1360 5645 τὴν
1376 5573 1582 5646 άνννιλλοτρέοσιν
1596 5570 1837 5638 mesapotamia,
1854 5570 1963 5631 τούτους
1979 5569 2063 5643 rippa}-

199 5674 285 5714 πως
305 5652 462 5722 ἡγουμένους
485 5650 531 5702 aas
553 5649 694 5722 έρρέφθαι·
715 5649 799 5703 κατὰ
822 5652 856 5704 δέ
873 5651 954 5712 τούς
975 5653 1119 5716 λοιπούς
1135 5655 1324 5729 ἐγγράφους
1339 5657 1416 5718 τούς
1434 5657 1603 5727 ἅρχαέοος
1619 5653 1674 5705 sai
1689 5652 1766 5715 τούς
1781 5658 1887 5724 μιαρῷ
1908 5657 2065 5727 πρύοθνν

198 5733 301 5812 παρὰ
319 5739 381 5789 τού
397 5734 605 5803 άιιμνήστου
621 5735 751 5807 πατρὸς
766 5733 863 5804 ἡμῶν,
876 5739 923 5789 νύν
936 5738 963 5789 ‹ii
973 5737 1034 5808 παρ’
1046 5735 1118 5806 ἡμῶν
1133 5740 1391 5815 έγνιιιριμένους
1407 5741 1424 5810 ἢ
1440 5739 1740 5802 τιθεσννισμένους
1761 5744 1818 5800 ταῖς
1834 5739 1915 5799 dimac
1930 5737 2066 5812 βραβεύειν

198 5825 248 5884 νὰς
266 5820 409 5882 διαλύσεις.
426 5823 550 5874 basiliani
567 5823 662 5885 aperis
675 5823 817 5874 manniam
834 5827 934 5886 partem
951 5824 1082 5890 designat.
1115 5823 1145 5889 6)
1162 5827 1229 5880 vide
1245 5841 1319 5882 meas
1339 5831 1407 5880 iuris
1423 5825 1661 5878 craeso-aunan
1678 5826 1880 5880 observationes
1895 5839 1921 5891 p.
1938 5826 2064 5878 88—88.

1629 5971 1657 6039 1r
