4748 7074
194 545 203 575 ¹
384 545 460 615 tri
1114 533 1538 606 ATHANASII

379 734 495 800 μάνναν
513 733 566 815 ἔχει
586 734 781 794 descenduntur
802 731 842 811 (ν.
849 727 1062 805 δικαιοδοσίαν).
1104 720 1280 810 ολύργονπις
1320 730 1484 800 competere
1504 725 1743 782 iurisdiotioaem.
1771 722 1970 799 Magistratus
1991 740 2148 798 conumque
2166 741 2212 786 eo-

379 827 427 886 ηιμ)
459 826 491 883 αι’
521 815 611 890 τεύξεις
627 819 672 896 ¹²)
704 812 742 896 μὴ
769 817 999 897 δγγαρενίτωσαν
1033 810 1099 886 τούς
1123 811 1279 886 ύποτελεῑς,
1320 813 1420 870 bortes
1445 828 1463 866 a
1488 810 1677 868 collatoribus
1704 810 1843 884 angarias
1871 826 1911 868 ne
1936 810 2095 884 exigunto,
2123 827 2212 870 verum

380 905 447 972 ἀλλ’
470 903 584 966 οἴκοθεν
604 899 877 976 δαπανότωσανῑῧ).
918 904 946 962 oi
964 891 1095 978 ἄρχοντες
1116 894 1152 960 ν’.
1173 897 1280 979 ἡμέρας
1321 897 1358 956 de
1389 911 1443 952 suo
1477 897 1624 966 impensas
1657 895 1798 950 iaciunto.
1840 894 2038 968 Magistratus
2075 896 2212 966 quinqua-

381 992 599 1070 διανριβίτωσαι
631 990 660 1046 ἐν
694 1001 758 1058 ταῖς
790 987 936 1063 ἐπαρχίαις
971 995 1029 1053 τοῖς
1065 979 1208 1061 ἐνόγουσιν
1225 983 1281 1058 ¹⁴).
1320 982 1406 1054 ginta
1433 979 1498 1036 diesi
1524 981 1555 1036 in
1583 980 1743 1051 provinciis
1771 981 1802 1034 in
1822 995 1939 1053 eorum,
1968 979 2019 1050 qui
2040 993 2093 1036 eos
2113 995 2215 1036 conre-

380 1073 514 1154 mpra)
544 1069 613 1141 ,ρης
635 1067 797 1140 emtum,
823 1064 1017 1147 σοοιρηόμιοοι
1049 1065 1280 1146 orsumque-129
1321 1067 1422 1138 niuut,
1443 1065 1620 1122 commodum
1643 1069 1860 1120 commorantur.
1901 1065 1991 1134 Apud
2018 1064 2169 1136 episcopos
2188 1065 2214 1136 ii,

381 1164 427 1224 νη)
456 1156 586 1236 πράξιος
617 1152 824 1236 ὑπομνημάτων
859 1150 899 1229 [ἢ]
918 1153 962 1231 ¹⁶)
991 1146 1176 1229 ipsinufl)
1204 1147 1278 1212 κατὰ
1322 1149 1372 1220 qui
1393 1149 1502 1206 iniuria
1523 1149 1634 1207 adiecti
1655 1154 1734 1220 aunt,
1754 1148 1961 1221 conveniunto,
1981 1153 2012 1206 et
2032 1164 2098 1204 curu
2120 1153 2214 1222 gesto-

274 1221 287 1248 *
372 1239 439 1308 'apio
458 1240 543 1321 ἁγίων
563 1237 725 1318 εὐαγγελίων
745 1233 965 1318 ρανερούτοισαν
991 1231 1044 1306 τὰς
1064 1239 1209 1314 γενομένας
1230 1233 1279 1296 αύ-
1320 1248 1383 1290 rum
1411 1233 1594 1290 coniectione
1622 1239 1673 1290 aut
1701 1233 1894 1290 iurisiurandi
1928 1247 1981 1305 per
2014 1247 2101 1289 sacra
2132 1248 2218 1290 evan·

381 1341 441 1400 νοις
462 1328 569 1406 ζημίας,
598 1321 644 1402 ἐφ’
667 1314 691 1398 ᾦ
711 1320 824 1397 κινδύνῳ
846 1326 903 1382 τῶν
923 1315 1053 1400 ίαόρχσιν
1073 1321 1120 1380 ναὶ
1140 1325 1191 1380 τοῦ
1212 1343 1280 1398 τρο·
1321 1319 1402 1392 gelia
1420 1319 1538 1374 datione
1559 1318 1664 1374 damna
1684 1317 1742 1372 sibi
1762 1317 1832 1372 data
1852 1317 2029 1390 declarante,
2051 1321 2085 1372 ut
2104 1319 2216 1388 praeie-

381 1418 498 1475 κτεντού
524 1415 574 1487 τῆς
600 1404 694 1488 χώρας
723 1414 753 1468 ἐκ
777 1413 828 1486 τῆς
861 1410 913 1465 τοῦ
940 1402 1089 1484 φεύγοντος
1117 1407 1284 1481 περιουσίας
1321 1401 1446 1458 ciorum
1463 1403 1593 1474 periculo
1621 1407 1651 1458 et
1676 1401 1843 1458 tractatoris
1870 1402 1972 1476 (eius)
2001 1402 2060 1458 loci
2087 1415 2126 1458 ex
2152 1402 2216 1456 sub-

382 1493 489 1568 ναύνοις
502 1491 597 1564 αὐτοῖς
616 1489 813 1570 ἀποσωθῆναι
844 1494 903 1559 πᾶς
920 1481 1015 1569 dopna
1027 1487 1279 1569 depinaaropiaaffl)
1320 1488 1429 1543 stantia
1455 1485 1697 1562 (magistratus),
1729 1488 1779 1558 qui
1806 1488 1939 1560 auiugit,
1975 1487 2050 1542 baec
2074 1485 2150 1556 ipsis
2172 1501 2217 1541 re-

382 1577 528 1660 ροχόμιοος
554 1573 571 1654 ἢ
598 1581 636 1646 εις
656 1580 751 1656 ἑτέρον
771 1569 860 1654 ἀρχὴν
886 1568 904 1652 i
927 1579 964 1644 είς
985 1575 1122 1652 δημοσίαν
1143 1569 1281 1652 patrari-
1321 1573 1494 1628 sarciantur.
1550 1572 1651 1630 Omnis
1686 1572 1892 1646 magistratus,
1932 1571 1983 1642 qui
2015 1570 2218 1626 revocatorium

381 1689 464 1746 μιοος
484 1666 629 1741 διοίκησιν,
650 1664 760 1722 ίνεολία
781 1660 977 1738 προβαλέσθαι
993 1657 1034 1731 (v.
1055 1657 1279 1736 προβαλλέσθω)
1322 1656 1446 1728 accipit,
1473 1659 1525 1712 aut
1551 1657 1589 1712 ad
1617 1656 1707 1712 aliurn
1732 1657 1951 1729 magistratum,
1985 1655 2034 1710 vel
2061 1655 2100 1710 ad
2127 1655 2217 1724 publi-

383 1753 428 1812 ιιι)
447 1761 509 1819 ναι-ς
527 1750 732 1822 νενομισμένοις
752 1743 868 1823 ἡμέραις
887 1739 961 1820 πρός
981 1737 1122 1822 ὑποδοχὴν
1142 1746 1198 1802 τῶν
1218 1738 1278 1802 κατ’
1322 1755 1385 1796 cam
1406 1741 1685 1796 administrationem
1703 1743 1893 1815 transfertur,
1920 1741 1951 1796 in
1972 1740 2077 1796 diebus
2098 1739 2218 1810 praesti-

383 1833 471 1896 ιιύτοῦ
492 1830 614 1910 ἀγωγῶν.
645 1835 672 1890 εί
689 1830 718 1890 δὲ
738 1825 875 1890 διαλάθοι
886 1825 939 1905 ¹⁹),
966 1829 1103 1905 κρατείτω
1130 1823 1178 1886 ἐπ’
1201 1824 1280 1902 αύτῷ
1322 1825 1394 1880 tuiis
1423 1825 1461 1879 ad
1492 1825 1680 1896 excipiendas
1706 1827 1853 1896 actiones,
1886 1841 1962 1895 quae
1995 1829 2097 1880 contra
2132 1823 2218 1894 ipsum

293 1954 299 1965 .
383 1915 420 1980 ιὰ
454 1914 600 1992 ώσησμίνα
638 1913 683 1990 (v.
718 1911 877 1989 ὡρισμένα)
916 1915 951 1987 τῇ
986 1907 1117 1989 παρούσῃ
1151 1907 1280 1982 διατάξει
1321 1909 1521 1982 instituantur,
1540 1915 1755 1982 procuratorem
1777 1910 1942 1982 designato.
1985 1909 2039 1966 Sin
2061 1913 2158 1964 autem
2177 1908 2218 1963 la·

381 1973 570 2082 Ἐηργῑνογ
600 1997 643 2082 ᾖ)
668 1996 827 2073 pavisti)
856 1998 1050 2075 βασιλςίας
1074 1993 1281 2056 ‘toppum-
1323 1993 1431 2065 titurit,
1460 2009 1512 2066 ea,
1539 2010 1614 2064 quae
1634 2010 1687 2065 per
1708 2000 1891 2065 praesentem
1913 1993 2152 2050 constitutionem
2171 1992 2219 2048 de-

384 2081 801 2161 μηη(ο,’)ηοσηιοιροηῡ)
830 2075 871 2140 ιι)
895 2074 959 2140 ον’,
986 2075 1080 2159 μου)
1106 2076 1169 2157 μὴν
1197 2078 1282 2164 ύιιμι.
1323 2077 1511 2148 fluitabunt,
1539 2079 1773 2136 incovalento.
1816 2079 1938 2150 Scripta
1959 2085 2002 2134 eat
2028 2083 2100 2133 onte
2121 2069 2219 2150 8.(1)

383 2174 463 2230 νιαν
485 2165 740 2247 (v.1innralnr)
762 2166 972 2226 Βασιλείαν
993 2159 1034 2226 τό
1056 2159 1117 2246 δ’.)
1144 2167 1199 2241 ²²).
1325 2162 1401 2218 idua
1420 2163 1530 2218 Iunios
1550 2165 1669 2236 imperii
1689 2165 1855 2221 imitationi
1881 2163 2041 2222 31111119.
2060 2167 2131 2232 post
2152 2175 2220 2218 con·

1324 2249 1455 2304 ειιλσναια
1475 2247 1581 2304 acaria·
1601 2263 1682 2306 anno
1703 2250 1738 2306 4.

483 2432 577 2524 dm).
603 2429 776 2532 περὶτοῦ,
796 2425 1039 2522 πῶςδεῖτοὺς
1060 2427 1285 2526 στρατιώτας
1426 2425 1551 2503 Corrst.
1578 2430 1612 2499 2.
1664 2428 1721 2504 De
1759 2431 1847 2526 hoc,
1891 2433 2062 2532 quomodo
2104 2437 2219 2514 milites

383 2533 452 2637 τὴν
477 2533 638 2636 πάροδον
658 2539 855 2606 ’ποιεῖσθαι
880 2537 918 2603 ἐν
942 2543 1025 2622 ταῖς
1050 2529 1197 2605 πόλεσιν
1223 2528 1283 2604 καί
1325 2528 1505 2602 transitum
1535 2529 1653 2604 iacere
1692 2543 1851 2632 oporteat
1882 2535 1918 2609 iu
1955 2536 2155 2613 civitatibus
2189 2555 2220 2614 et

384 2651 467 2756 περ)
493 2631 643 2764 ιγῶν).
1212 2741 1215 2746 Ι
1325 2627 1371 2705 de
1395 2629 1546 2704 introitu.

193 2850 203 2872 ¹
253 2881 311 2922 sev.
328 2874 383 2921 130,
464 2839 498 2905 Ὁ
518 2838 605 2912 αι’τός
626 2835 756 2921 βασιλεὺς
775 2843 817 2913 τῷ
838 2836 923 2916 αύτῷ.
965 2831 1119 2918 Πρύτην
1146 2840 1206 2898 καὶ
1232 2861 1283 2918 με·
1408 2839 1488 2894 idern
1509 2839 1667 2910 imperator
1692 2841 1795 2898 eidem.
1836 2843 1972 2900 Ρνύιπιιπι
1998 2859 2036 2901 ac
2062 2847 2221 2904 minuta

384 2932 511 3009 γίστην
532 2921 721 3007 ἡγούμεθα
743 2919 930 2984 σύστασιν.
1324 2924 1508 2981 arbitramur
1527 2930 1647 2981 statum.

464 3060 654 3123 Ἑπίσθωσαν
687 3053 871 3138 δελεγότωρες
896 3055 935 3137 (v.
958 3053 1203 3138 deieyoiropre)²⁵)
1225 3069 1284 3130 τοῖς
1408 3059 1600 3132 Delegatores
1622 3060 1769 3117 exercitus
1791 3067 1967 3138 sequuntur,
1999 3069 2032 3120 ut
2053 3065 2221 3123 alimentaa

384 3141 606 3228 στρατεύμασιν,
628 3141 669 3223 ἐφ’
688 3134 710 3220 ᾧ
731 3147 781 3222 τῆς
802 3140 968 3221 ἀνατροφῆς
988 3141 1280 3221 εύτρεπιζομίνουςῖθ)
1324 3144 1545 3218 magistratibus
1573 3151 1780 3218 procurantes,
1825 3162 1877 3218 per
1903 3150 2035 3218 optiones
2071 3167 2144 3208 suos
2173 3167 2222 3206 eo-

383 3228 465 3312 παρά
490 3237 547 3291 τῶν
574 3224 730 3309 ἀρχόντων,
756 3223 924 3306 (roysinum
957 3223 1062 3298 αύτούς
1095 3223 1141 3288 διὰ
1167 3229 1281 3306 raim)
1324 3243 1386 3283 rum
1408 3229 1606 3302 erogationem
1635 3231 1761 3300 iaciant,
1792 3231 1842 3302 qui
1878 3231 2057 3308 (optiones)
2085 3236 2220 3292 decimam

383 3315 468 3394 ἡδίων
489 3316 530 3390 (v.
552 3315 641 3390 ίδίων)
664 3307 880 3388 duracinum),
902 3305 952 3390 τὴν
973 3307 1012 3371 ιε’.
1034 3316 1091 3372 τῶν
1112 3314 1192 3372 eidus
1212 3312 1282 3388 λαμ·
1324 3313 1452 3382 quintam
1480 3313 1642 3383 specierum
1669 3319 1779 3384 partem
1807 3316 1994 3372 emolumenti
2015 3335 2126 3374 caussa
2146 3321 2223 3376 acci·
2318 3377 2319 3386 ,

383 3397 526 3481 βανόντων
557 3410 658 3477 μοῖραν
669 3395 715 3473 ²⁹)
750 3401 787 3468 είς
815 3398 1005 3476 παραμυθίαν
1032 3398 1078 3456 καλ
1104 3395 1280 3476 (lanosum)
1323 3397 1407 3468 piunt
1434 3401 1464 3453 et
1490 3397 1677 3454 collatoribus
1709 3399 1745 3454 de
1778 3403 1916 3470 expensis
1951 3404 2150 3475 suppeditatis
2176 3419 2222 3460 re-

384 3490 422 3556 τίς
449 3479 515 3554 τούς
540 3481 682 3552 ὑποτελεῖς
710 3483 891 3560 ἐκτιθεμένων
920 3485 971 3558 τῆς
999 3485 1206 3560 γορηγοομίνης
1240 3479 1281 3555 (v.
1324 3487 1411 3538 cauta
1436 3487 1585 3553 exponunt
1607 3483 1735 3553 periculo
1763 3487 1953 3542 exarchorum
1982 3493 2012 3544 et
2033 3487 2223 3545 diasostarum

383 3569 597 3648 χορηγοομίνης)
624 3561 751 3644 δαπάνης
778 3561 899 3644 κηνδύνῳ
930 3566 971 3640 (v.
999 3561 1129 3640 κινδύνῳ)
1158 3571 1215 3626 τῶν
1241 3563 1281 3636 ἐξ·
1324 3571 1354 3620 et
1381 3566 1523 3636 cuiusque
1553 3567 1681 3640 legionis
1715 3569 1893 3643 principum,
1922 3573 2036 3628 nemine
2063 3574 2095 3630 in
2124 3579 2224 3645 poste-

384 3649 478 3732 ύρχων
498 3654 544 3710 καὶ
565 3649 783 3724 innocentum)
806 3651 851 3708 καλ
872 3643 1073 3728 πρωτευόντων
1093 3646 1212 3710 ἑκάστου
1233 3644 1282 3710 τιν’-
1322 3665 1386 3706 rum
1407 3651 1554 3706 introitum
1576 3652 1724 3726 exigente.
1758 3654 1919 3710 Collatores
1939 3672 1991 3726 per
2011 3659 2137 3714 aliarum
2156 3674 2224 3730 spe-

384 3757 497 3816 γματος,
518 3731 634 3813 μηδενός
656 3737 693 3804 είς
713 3729 762 3793 τόν
783 3730 864 3792 ε’πιτα
886 3737 927 3808 (v.
941 3731 1049 3808 ἔπειτα)
1058 3731 1103 3810 ³²)
1125 3732 1279 3814 pisam)
1325 3735 1434 3791 cierum
1468 3751 1506 3792 ne
1538 3743 1680 3792 vexantur
1722 3739 1922 3812 exactionem,
1969 3757 2055 3812 quarn
2089 3759 2166 3814 quae
2197 3744 2225 3798 in

384 3815 572 3900 ίντρόιτον34)
599 3815 843 3889 ύπαιτούντοςῧῧ).
890 3812 928 3895 μὴ
957 3819 1231 3897 διαστρεφίσδωσαν
1258 3823 1286 3879 ol
1325 3820 1485 3892 provinciis
1513 3821 1718 3893 inveniuntur,
1753 3822 1799 3877 his
1828 3829 1924 3880 autern
1953 3832 2156 3897 computantor
2183 3843 2222 3898 ea,

383 3903 526 3973 ύποτελεῖς
554 3906 592 3972 είς
616 3899 753 3979 drenow)
782 3899 839 3980 ειδη
871 3897 952 3980 παρὰ
982 3897 1018 3962 τόι
1046 3897 1229 3982 εὑρισκόμενα
1255 3908 1283 3962 ἐν
1324 3921 1399 3975 quae
1419 3921 1471 3976 per
1492 3911 1610 3962 recauta
1632 3905 1825 3962 declarantur.
1849 3909 1902 3965 Sin
1924 3915 2020 3965 autem
2042 3913 2119 3982 plus,
2143 3927 2225 3984 quam

384 3999 447 4059 ταῖς
474 3985 670 4065 inceptorem)
700 3980 913 4064 ἀπαιτούμενοι·
946 3985 1101 4064 λογιζέσθω
1130 3987 1158 4046 oi
1185 3984 1283 4058 αὐτοῖς
1324 3989 1497 4062 debebatur,
1527 3991 1693 4064 solverunt,
1724 3991 1779 4046 hoc
1813 4009 1849 4048 ex
1879 3993 1918 4054 tis,
1946 3995 2119 4068 speciebus,
2155 4013 2224 4068 quas

384 4068 422 4133 τόν
448 4067 494 4132 διόι
523 4075 579 4130 τῶν
599 4065 739 4148 ῥεκαύτων
760 4065 1017 4148 φανερούμεναῧῦ).
1034 4075 1077 4132 ,εί
1095 4071 1124 4132 oi
1146 4069 1282 4150 ύπερίδω·
1324 4075 1381 4146 ipsi
1403 4079 1506 4146 postea
1526 4075 1660 4131 collaturi
1681 4080 1766 4152 sunt,
1787 4077 1945 4148 suppletor.
1986 4081 2144 4136 'transitus
2172 4097 2227 4137 au-

382 4179 444 4228 ιιαν,
467 4151 576 4232 [ἢ]39)
597 4150 884 4232 όναπληρούσδωσαν
903 4158 933 4214 ἐκ
953 4160 1010 4214 τῶν
1029 4152 1187 4236 μελλόντων
1207 4152 1281 4234 παρ’
1324 4165 1381 4214 tem
1402 4165 1556 4230 praetextu
1579 4159 1658 4215 nulla
1679 4163 1729 4215 ilat
1749 4163 1892 4230 pecuniae
1914 4171 2082 4220 numeratae
2103 4168 2228 4234 exactio,

383 4239 532 4319 αύτούνω)
562 4241 767 4300 σνντελεῖσθαι.
809 4233 952 4317 προφάσει
980 4238 1009 4298 δύ
1030 4236 1125 4302 διόδου
1151 4236 1189 4320 μὴ
1212 4242 1281 4320 γενί-
1323 4259 1424 4300 verum
1445 4245 1482 4300 ab
1503 4261 1557 4316 co,
1585 4247 1636 4316 qui
1657 4245 1711 4301 hoc
1733 4245 1820 4317 iecit,
1849 4247 1966 4318 duplum
1989 4249 2054 4304 eius
2076 4253 2226 4320 quantita·
2316 4295 2317 4312 ,

385 4329 452 4386 σθω
479 4319 707 4402 ἄπαργορισμός,
743 4320 810 4384 ἀλλ’
839 4320 909 4399 ύΗ)
939 4328 1024 4383 τοῦτο
1050 4319 1161 4402 τρύξας
1181 4322 1215 4386 τό
1243 4325 1281 4383 δι·
1322 4328 1379 4402 tis,
1406 4344 1491 4400 quam
1513 4331 1607 4406 cepit,
1635 4330 1771 4404 exigitor.
1813 4331 1846 4387 Si
1875 4333 2008 4404 optiones
2028 4341 2152 4391 recauta
2172 4351 2226 4392 aa·

1317 4417 1328 4434 δ

382 4403 503 4470 πλούσιον
523 4399 616 4488 ciust)
644 4405 742 4487 ἔλαβεν
768 4405 958 4468 decanatuum.
999 4411 1056 4468 τῶν
1077 4405 1216 4473 όπτιόνοιν
1239 4409 1279 4489 (V.

483 4608 529 4666 12)
546 4609 599 4658 Pro
615 4609 705 4658 verbis
722 4603 750 4657 ai
765 4603 850 4666 τάξεις
867 4603 1190 4666 οοδαπ11111ε1αἶτοὶεας.
1274 4608 1321 4668 13)
1339 4607 1429 4660 Codex
1445 4600 1620 4665 δσπανύτυό.
1687 4615 1734 4675 11)
1750 4618 1815 4667 Post
1830 4629 1925 4668 vocem
1942 4616 2123 4688 σινιρχόμενσν
2140 4623 2225 4670 inter·

383 4677 466 4740 pungi
483 4681 579 4740 potest,
596 4687 688 4726 rernm
705 4676 772 4724 Νον.
790 4675 847 4724 tas.
866 4687 924 4737 cap.
940 4675 982 4722 33.
1001 4681 1061 4737 post
1077 4687 1172 4725 vocem
1196 4675 1332 4738 διάγουσιν
1355 4681 1595 4740 interpungendum
1618 4695 1678 4733 esse
1703 4684 1791 4735 docet
1825 4689 1871 4734 Sic
1894 4689 1965 4736 enim
1982 4689 2033 4738 ibi:
2063 4687 2225 4752 πεντήκοντα

383 4741 478 4814 ἡμέρας
494 4742 521 4793 ίν
537 4747 594 4802 ταῖς
610 4741 746 4810 inunxisse
769 4741 908 4810 διατρίβειν
930 4741 974 4791 ναὶ
995 4745 1050 4800 τοῖς
1074 4741 1201 4805 ίνσιγονγάς
1221 4761 1295 4801 τινας
1316 4741 1371 4794 κατ’
1389 4743 1475 4796 αὐτῶν
1496 4751 1610 4800 κινοῦσιν
1631 4749 1829 4818 ἀποκρίνεσθαι.
1930 4755 1976 4816 io)
1992 4757 2055 4804 Noti
2071 4759 2227 4806 exbursare

383 4813 556 4860 Athanasium
573 4823 590 4859 a
608 4815 734 4861 contextu
751 4810 878 4858 Neratiae
897 4809 953 4859 128.
971 4823 1029 4872 cap.
1046 4811 1088 4858 23.
1108 4813 1235 4861 recedere
1253 4813 1380 4862 voluisse.
1432 4816 1505 4874 ortae
1531 4821 1653 4868 enimin
1677 4821 1724 4869 illa
1742 4823 1780 4869 ita
1797 4821 1970 4885 deliniuntur,
2003 4827 2027 4871 si
2045 4827 2118 4874 intra
2133 4825 2225 4887 legiti-

381 4891 439 4928 nros
456 4879 512 4928 dies
529 4880 699 4942 magistratus
719 4879 885 4939 provinciam
902 4877 1062 4939 deseruerit,
1080 4879 1123 4926 iric
1140 4881 1231 4941 patrois
1249 4881 1460 4941 comprehendit:
1479 4881 1506 4932 ίιι
1523 4887 1569 4949 τῆς
1585 4888 1632 4936 τοῦ
1650 4885 1788 4949 φεύγοντος
1804 4905 1836 4938 πε
1853 4889 1962 4947 ναυτίας.
2024 4891 2070 4949 13)
2087 4892 2140 4941 Ρτο
2159 4903 2227 4941 voce

381 4942 400 5011 ἢ
417 4945 508 4998 Codex
523 4947 602 4996 babet
613 4941 638 5011 ἥ.
661 4946 763 4994 Vocem
781 4939 797 5008 ἢ
815 4947 890 4994 uncis
906 4945 1090 4994 includendam
1107 4949 1205 5008 partam.
1228 4947 1295 4996 Nam
1313 4951 1364 4996 etsi
1381 4949 1509 4999 hocloco
1528 4953 1714 5018 terrineam,
1737 4961 1826 5006 umen
1866 4959 1970 5007 ovellae
1987 4962 2147 5010 sententiam
2166 4971 2227 5022 per-

382 5018 500 5064 verteret
517 5017 607 5064 iotam.
641 5013 784 5074 Utrumque
802 5014 873 5061 enlm
890 5014 1103 5074 coniungendam
1122 5019 1164 5064 est
1180 5028 1215 5063 ex
1231 5015 1359 5064 Novellae
1377 5016 1435 5066 128.
1453 5029 1511 5078 cap.
1527 5021 1571 5068 33.
1589 5027 1697 5083 tencre,
1720 5029 1748 5073 et
1764 5031 1900 5087 gestorum
1919 5027 2053 5076 confectio
2071 5033 2100 5076 et
2115 5029 2227 5077 iurisiu-

382 5081 459 5130 randi
476 5081 557 5130 daun.
590 5083 636 5130 Sic
653 5083 724 5128 euim
740 5080 790 5128 ini:
816 5078 859 5128 ani
875 5077 919 5128 tut
936 5078 1049 5147 πρόξενος
1065 5077 1256 5145 impransum
1272 5081 1318 5132 ἕνα
1335 5081 1441 5132 ἕκαστον
1457 5081 1604 5146 ἀπτόμενον
1620 5090 1671 5138 τῶν
1687 5087 1766 5151 ἁγίων
1783 5089 1936 5153 εὐαγγελίων
1953 5096 2079 5164 φανεροῦν
2095 5093 2144 5149 τὰς
2161 5094 2227 5144 inn-

380 5147 501 5212 χδοίσας.
536 5148 662 5198 Fortasse
679 5148 775 5208 aliquis
792 5148 920 5196 eontictnt
935 5159 985 5208 pro
1003 5159 1070 5198 voce
1087 5143 1102 5213 ἢ
1121 5151 1231 5200 verbum
1248 5149 1292 5199 sei
1307 5153 1478 5200 inserendum
1495 5166 1565 5203 essa.
1666 5157 1713 5217 17)
1731 5158 1821 5209 Codex
1838 5157 1968 5220 ὀμνύντες.
2071 5161 2116 5221 18)
2133 5161 2227 5212 Codex

382 5215 573 5331 ριβοοατσρλαν.
646 5215 692 5273 13)
710 5209 970 5264 aeternaitatem.
1054 5216 1101 5274 33)
1117 5217 1178 5266 litei
1194 5221 1300 5266 ineerta
1315 5231 1380 5268 sane
1395 5225 1440 5268 eat
1458 5221 1659 5274 demonstratio.
1693 5227 1723 5275 ln
1741 5227 1850 5290 reliquis
1866 5229 2038 5280 Novellarura
2057 5231 2228 5280 collectioni-

402 5297 432 5331 ua
449 5283 506 5332 dies
523 5284 603 5344 plane
620 5295 676 5334 non
692 5283 811 5332 babetur.
845 5281 914 5332 Vide
930 5283 1039 5335 literani
1055 5285 1192 5334 bistorianr
1209 5285 1381 5336 Noveilarum
1397 5301 1423 5350 p.
1440 5288 1498 5338 1133.
1565 5291 1612 5350 31)
1629 5292 1721 5342 Codex
1738 5297 1813 5344 ιοννῖ.
1880 5296 1928 5355 ἃ)
1945 5298 2041 5362 incipit
2056 5299 2104 5346 iol.
2122 5297 2184 5346 1ae
2194 5300 2229 5345 Α.

382 5351 428 5408 23)
445 5350 490 5400 ad
504 5354 652 5414 marginem
667 5349 706 5420 ρῑ.
806 5345 1030 5408 34)81οῦοδοτ.
1065 5352 1218 5414 Lugendum
1236 5349 1375 5420 ι’ννροίευν.
1409 5355 1479 5405 vida
1494 5357 1560 5407 Nor.
1578 5358 1636 5409 130.
1655 5373 1713 5423 cap.
1730 5360 1755 5410 1.
1837 5363 1884 5423 33)
1902 5363 1993 5414 codex
2010 5366 2091 5416 babet
2106 5363 2132 5414 di
2150 5363 2229 5426 λεγδ»

383 5433 469 5500 τορες.
552 5419 601 5476 26)
618 5417 708 5466 Codex
725 5407 896 5494 εύτρνπιζομ).
978 5418 1025 5475 27)
1043 5417 1095 5468 Pro
1117 5431 1185 5470 voce
1207 5420 1259 5470 τῶν
1281 5419 1372 5470 cnder
1394 5424 1473 5472 nabet
1496 5423 1591 5475 αὐτῶν.
1674 5429 1721 5487 28)
1739 5429 1829 5480 Codex
1846 5428 1987 5483 όπνιῶνινν.
2070 5431 2229 5491 aaronica

382 5500 483 5550 μοιρον.
567 5485 614 5544 stt)
631 5483 721 5534 Codex
739 5500 859 5548 ρενοντα.
932 5485 978 5544 31)
995 5485 1086 5535 Codex
1103 5484 1256 5537 δωσόντων.
1328 5489 1374 5547 33)
1392 5491 1444 5540 Pro
1460 5503 1528 5542 voce
1544 5495 1636 5544 insere
1653 5496 1743 5546 codex
1760 5498 1839 5546 babet
1854 5497 1898 5548 ini
1914 5498 1957 5548 τά.
2024 5501 2142 5559 33)1’1·11
2158 5513 2231 5548 voce

381 5547 582 5611 pirnacodex
599 5553 678 5602 babet
691 5538 756 5619 χρό’δ.
838 5551 885 5610 34)
903 5554 955 5602 Pro
972 5565 1040 5602 voce
1057 5551 1185 5620 ι’ντρύιεον
1201 5555 1292 5605 Codex
1309 5557 1387 5604 babet
1404 5554 1543 5626 ι’ίιτροιτον.
1621 5565 1669 5621 33)
1685 5567 1731 5612 sto
1753 5566 1902 5630 legendum.
1936 5567 2027 5618 Codex
2043 5567 2229 5618 ἀπαιτοῦντες.

446 5617 583 5681 Provoca
601 5617 675 5684 ἕτερα
692 5619 782 5669 Codex
805 5619 884 5668 babet
901 5621 983 5689 ὄτερα.
1051 5621 1098 5679 37)
1114 5622 1218 5674 Littera
1235 5621 1262 5682 ί,
1291 5635 1358 5684 quaa
1375 5626 1404 5672 in
1420 5637 1487 5675 roca
1504 5627 1640 5710 ἐπαρχίαις
1655 5632 1775 5694 babetur,
1800 5633 1834 5682 ad
1849 5635 2051 5686 similitudinem
2068 5637 2177 5686 litterae
2195 5633 2231 5684 θ·
2313 5621 2314 5654 i

383 5685 496 5734 amente.
561 5687 608 5744 88)
626 5685 715 5736 codex
733 5688 928 5754 φανερουμίνας.
962 5689 1029 5738 Nov-
1047 5689 1104 5738 lw-
1123 5701 1181 5751 dap.
1196 5692 1222 5738 8.
1239 5685 1287 5756 τὴν
1304 5689 1331 5740 δύ
1348 5694 1482 5758 γινομένην
1498 5712 1571 5764 παρα
1587 5699 1639 5746 τοῖν
1655 5697 1783 5768 ντητύροιν
1807 5700 1926 5766 δαπάνην
1947 5703 1991 5752 ami
2007 5703 2166 5768 episopum
2184 5697 2231 5750 διὰ

382 5752 434 5801 τῶν
450 5764 591 5802 recurrens.
659 5753 704 5811 aa)
721 5751 824 5804 Vcoeru
841 5749 867 5820 ἢ,
883 5768 949 5818 qrrne
967 5758 994 5802 iu
1012 5755 1111 5806 codiee
1128 5764 1177 5814 est.
1196 5761 1273 5808 uncta
1289 5759 1394 5808 inclrmi.
1418 5761 1484 5810 Nam
1501 5771 1529 5812 et
1545 5767 1579 5814 ab
1596 5765 1647 5815 boc
1663 5768 1725 5816 loco
1741 5769 1829 5817 abens
1846 5776 1895 5831 est,
1918 5777 1947 5819 et
1962 5771 2029 5820 Nnv.
2045 5772 2103 5822 133.
2119 5781 2183 5831 cap.
2200 5769 2228 5814 3.

381 5817 705 5938 ρηρρςρμιοοάθέῶῶρρ
721 5822 811 5936 {grtia
828 5820 992 5898 nap'qv'tds
1009 5823 1100 5874 Codex
1116 5825 1195 5876 babet
1210 5821 1284 5892 παρὰ
1299 5827 1358 5876 τοῖν.
1415 5827 1461 5890 it)
1478 5831 1532 5882 Pro
1548 5834 1637 5884 verbis
1655 5832 1716 5884 ἀλλ’
1734 5833 1748 5885 ὁ
1767 5835 1858 5886 codex
1874 5838 1952 5888 babet
1968 5835 2040 5890 arta
2106 5837 2153 5895 48)
2172 5837 2231 5888 Pro
