4748 7074
365 579 446 648 264
917 579 1279 652 mortarolium
1320 579 1664 651 FRAGMENTA

362 769 459 832 αὐτῶν
477 783 603 849 κρατεῖν,
640 767 674 834 τὸ
701 769 773 834 di‘
758 771 829 872 vaip
852 772 948 835 αὐτῶν
967 763 1073 852 άκνρον
1093 769 1176 850 εἶναι,
1198 770 1267 836 ἀλλ’
1319 773 1397 872 quod
1419 777 1519 830 contra
1540 787 1592 828 eos
1613 776 1674 846 est,
1696 771 1811 847 valere,
1832 772 1906 831 iliud
1932 778 2046 849 antem,
2072 775 2150 848 quod
2171 791 2229 850 pro

362 853 551 918 ἀπαιτεῖσθαι
572 859 627 930 δεῖ,
649 851 708 920 ὅσα
728 853 900 920 δεικνύοντα
918 861 1122 966 λογηθίσια,ε
1109 853 1191 940 cipi}
1212 854 1268 920 θά·
1318 859 1357 915 iis
1380 861 1442 928 est,
1476 857 1636 914 invalidum
1658 873 1741 928 esse,
1776 873 1877 916 verum
1898 865 2010 916 tantum
2031 865 2146 932 oportet
2167 878 2230 920 ex-

362 963 445 1020 τερον
465 945 549 1022 μίρος
576 905 683 1021 πλάνην
703 940 814 1038 ψηηου
826 938 843 1020 λη’
863 945 928 1020 περὶ
948 939 1034 1004 τόκου
1044 946 1162 1044 ληίμιν
1161 952 1268 1004 παθεῖν
1318 942 1379 1016 igi,
1409 949 1548 1012 quantum
1569 943 1698 998 rationes
1720 942 1934 1018 demonstrant,
1962 945 2021 1000 nisi
2041 947 2135 1002 altera
2156 952 2229 1004 utra

362 1031 518 1106 προφανῶς
548 1026 638 1098 δεῖξον,
687 1021 753 1086 τότε
782 1017 837 1104 γάρ
820 1030 987 1105 (νομίμως
1016 1025 1087 1087 αὐτο
1114 1025 1168 1131 χρὴ
1195 1031 1292 1106 8303)-
1319 1041 1387 1097 pars
1421 1027 1528 1082 calculi
1556 1041 1683 1082 ei‘i'oi'em
1710 1027 1759 1082 vel
1785 1029 1865 1084 circii
1890 1045 2045 1086 usurarum
2072 1029 2229 1101 captionem

361 1115 511 1181 (λοῦσθαι,
539 1103 614 1170 ὥστε
639 1104 673 1172 τὸ
695 1112 802 1170 δίκαιον
822 1112 869 1170 καλ
894 1109 945 1190 την
966 1105 1089 1210 ἰσότητα
1107 1109 1154 1172 ἐπ’
1168 1109 1268 1212 άμενο-
1319 1110 1418 1166 damni
1450 1111 1597 1208 quidpiam
1625 1127 1659 1167 se
1688 1127 1754 1167 esse
1783 1129 1899 1183 passam
1920 1113 2077 1170 manifesto
2099 1115 2228 1174 demon-

362 1197 451 1298 τίρων
469 1206 589 1272 κρατεῖν.
631 1189 678 1254 ἐάν
699 1191 918 1274 άργνροπράτης
939 1187 1178 1276 άλληλνγγάοοςη
1199 1218 1269 1274 μαν-
1319 1199 1402 1251 stret.
1435 1197 1519 1252 'func
1541 1195 1617 1251 enim
1639 1195 1771 1270 legitimo
1793 1197 1877 1254 rnodo
1900 1197 2112 1294 (bch1psum
2133 1215 2227 1272 opor·

363 1273 487 1356 δάτορας
513 1275 603 1422 λάβηὲ
615 1283 653 1350 είς
673 1283 815 1378 χηίος,ε
802 1275 921 1340 ε’ἶτα
891 1302 924 1340 το
947 1282 1079 1342 πλειστον
1100 1285 1150 1340 τοῦ
1171 1283 1270 1360 χρέους
1319 1279 1549 1354 tettcrnendari,
1587 1287 1619 1338 ut
1646 1281 1694 1336 ius
1721 1281 1912 1354 nequitiasque
1939 1283 1971 1338 in
1997 1287 2122 1354 utraque
2142 1291 2227 1355 parte.

361 1360 473 1463 λαβών,
494 1361 566 1442 παρ’
590 1359 649 1433 ἑνὸς
667 1362 764 1426 αῦτιῦν
784 1367 841 1424 τῶν
862 1359 964 1440 ddo20)
986 1387 998 1422 ε
991 1360 1094 1434 ”g-oeeo
1115 1359 1269 1444 ὁμολογίαν
1317 1364 1426 1420 ναίοιτε.
1479 1365 1512 1420 Si
1548 1363 1736 1438 argentarius
1770 1367 1828 1422 duo
1862 1381 1929 1422 reos
1961 1368 2147 1440 promittendi
2175 1370 2224 1426 rei

361 1442 436 1524 λάβη
456 1444 646 1524 δηλοῦσαν,ε
625 1470 665 1546 της
683 1442 1121 1546 ἐμπροθέσμωςκατμβνὶλλοοσι,
1142 1451 1189 1508 καλ
1210 1451 1268 1509 δια-
1318 1447 1504 1505 mandatores
1532 1449 1623 1506 debiti
1658 1449 1774 1506 nomine
1800 1451 1962 1524 acceperit,
1997 1451 2123 1526 deinde,
2159 1469 2228 1510 cam

361 1525 482 1610 λόσηται
507 1526 579 1610 πρὸς
591 1525 725 1626 πόντμς,
756 1534 849 1609 συμβῇ
876 1531 905 1590 δὲ
931 1527 980 1592 τόν
1001 1532 1199 1632 λσιποησθίπα
1226 1553 1269 1594 τε
1318 1534 1473 1590 maximam
1500 1531 1590 1588 debiti
1617 1539 1730 1605 portem
1757 1535 1936 1608 accepisset,
1970 1537 2008 1592 ab
2035 1551 2095 1593 uno
2117 1552 2156 1593 ex
2179 1537 2228 1594 iri·

361 1617 510 1692 λεντῆσαι,
549 1611 603 1694 γρη
635 1637 700 1714 τσης
728 1612 816 1676 αὐτοῦ
841 1611 1033 1696 κληρονόμους
1060 1612 1093 1678 τὸ
1122 1611 1268 1696 ἐγγράφως
1318 1617 1367 1672 vel
1390 1617 1503 1673 duobus
1525 1620 1743 1676 contessionem
1764 1626 1942 1676 consecutus
1963 1620 2017 1689 sit,
2047 1637 2124 1691 quae
2144 1621 2230 1693 ipsos

362 1697 537 1800 ὁμολογηθὲν
576 1694 804 1796 ασπροίττεοθηι
838 1699 911 1800 μετὰ
942 1705 994 1762 τοῦ
1029 1705 1268 1780 συμηωνηθίντος
1317 1703 1492 1774 praestituto
1514 1705 1644 1776 tempore
1664 1703 1812 1760 sotutmos
1833 1719 1901 1761 esse
1922 1705 2067 1778 declaret,
2094 1711 2126 1762 et
2146 1707 2230 1782 (sie)

362 1780 458 1846 τόκον
512 1779 560 1844 ἐάν
597 1805 668 1888 τινες
708 1778 789 1862 παρά
830 1782 1054 1890 ἁργυροπρατιῦν
1088 1789 1270 1846 δανείσωνται
1320 1802 1386 1842 cnm
1409 1787 1544 1844 omnibus
1566 1790 1793 1844 transactionem
1813 1788 1933 1860 iecerit3
1955 1787 2098 1846 acciderit
2118 1799 2229 1856 autem

361 1863 459 1940 δόντες
479 1871 593 1948 ἐνέχυρα
613 1869 660 1928 καλ
681 1871 905 1946 ἐπιτρεψωσιν’
890 1891 918 1928 εν
938 1883 1000 1966 τηιῖς
1021 1873 1179 1942 δανειακαις
1201 1894 1269 1973 συγ·
1321 1872 1383 1926 ut'
1376 1887 1402 1926 rs
1412 1872 1493 1942 ‚qni
1514 1873 1656 1942 reliquum
1679 1873 1794 1929 scivere
1815 1873 1954 1945 debebat,
1982 1881 2161 1932 moreretur.
2184 1875 2228 1935 id

362 1965 501 2033 γραφαῖς,
543 1957 572 2014 ἐκ
600 1947 781 2048 διαπράσεως
807 1957 863 2012 τῶν
889 1975 1023 2032 ενεγυοων
1050 1957 1143 2016 πίστει
1173 1953 1270 2016 αὐτῶν
1319 1955 1425 2026 quod
1418 1971 1448 2010 rn
1470 1957 1588 2028 scriptis
1609 1957 1783 2028 promissum
1803 1963 1864 2031 est,
1886 1974 1946 2015 una
1967 1973 2035 2016 cum
2055 1959 2168 2030 usuris,
2190 1961 2230 2015 de

361 2041 502 2136 γινομίηης
520 2037 636 2114 λαμβεῖν
654 2057 688 2096 το
702 2039 810 2114 τίμημα
824 2059 871 2096 και
862 2038 1115 2142 λογίσασθμιείς
1128 2035 1161 2100 τὸ
1179 2045 1267 2142 γηίοη,
1319 2040 1425 2112 quibos
1447 2047 1532 2111 pacto
1555 2041 1724 2097 convenerit
1732 2044 1845 2116 ,exigi
1868 2047 1991 2115 oportet.
2033 2046 2066 2100 Si
2082 2044 2147 2116 qni,
2176 2043 2230 2117 pi-

361 2119 395 2182 od
416 2144 469 2202 χρη
495 2123 799 2220 μολοπραγμονεῖσθαι
819 2117 940 2196 αὐτούς,
967 2121 1036 2183 disi
1059 2119 1184 2202 σ’μνιλειν,
1215 2122 1268 2187 πό-
1317 2125 1461 2198 gnoribus
1494 2125 1589 2198 datis,
1630 2127 1666 2181 ab
1702 2127 1880 2199 argentariis
1913 2131 2043 2184 mutuam
2070 2129 2231 2201 pecuniam

362 2227 417 2266 σου
444 2201 608 2308 ἐμιάλησαν,
641 2207 689 2265 καλ
716 2199 914 2266 πιστεύεσθαι.
966 2211 992 2268 εί
1010 2210 1042 2268 δέ
1061 2231 1102 2278 τις
1124 2203 1270 2290 ίγγρόηως
1319 2209 1494 2277 sumserint,
1537 2213 1567 2264 et
1601 2209 1631 2265 in
1668 2211 1849 2286 syngraphis
1885 2211 1923 2267 de
1948 2219 2049 2269 mutuo
2078 2215 2233 2269 contectis

360 2287 551 2367 δανειζόμενος
575 2293 690 2370 ἐνέχυρα
717 2287 970 2389 σηραγισθιῶντα
954 2317 971 2392 η
993 2289 1178 2371 νὶσηράγιστα
1198 2295 1269 2371 δοίη,
1307 2293 1519 2364 permiserint,
1555 2297 1587 2349 ut
1616 2309 1654 2350 ex
1681 2295 1836 2369 pignorum
1856 2297 2026 2354 venditione
2048 2313 2151 2354 eorum
2172 2297 2234 2354 tide

360 2372 544 2454 ἀναγκάζεται
569 2371 590 2496 η’
622 2377 735 2476 λαβεῖν
744 2370 819 2434 αὐτά
846 2372 1069 2457 ολραδησόρλλθ)
1098 2401 1184 2456 γητα
1215 2374 1268 2448 τὰς
1318 2375 1600 2447 faciendapretium
1622 2379 1784 2450 accipiant,
1806 2381 2046 2452 indebitamque
2073 2383 2234 2454 imputent

361 2477 459 2564 σηραγ
460 2457 582 2531 ίδαςθλλ
585 2465 596 2533 )
626 2453 829 2537 ἐπιγινώσκων,
856 2463 903 2522 καλ
924 2463 1039 2562 πληρῶν
1059 2457 1093 2522 τὸ
1115 2457 1268 2558 κεφάλαιον
1318 2477 1375 2516 non
1397 2466 1510 2534 oportet
1532 2461 1579 2517 iris
1603 2465 1752 2535 negotium
1773 2465 1899 2536 taeessi,
1928 2481 2031 2522 veram
2051 2466 2152 2522 iurare
2171 2467 2233 2524 de-

359 2546 407 2642 κηιλ
428 2567 478 2604 τον
500 2547 726 2645 συμφωνηθέντα
747 2539 844 2616 τόκον,
873 2541 949 2624 ἢμὴ
970 2543 1039 2624 ἔχων
1059 2549 1173 2624 χρυσίον
1193 2542 1267 2626 πρὸς
1316 2545 1405 2614 bent,
1428 2546 1530 2616 quanti
1554 2530 1754 2628 vendiderint,
1776 2555 1805 2604 et
1826 2549 1905 2624 (sic)
1930 2551 1976 2606 his
1998 2550 2071 2607 tides
2093 2552 2234 2608 babetur.

359 2649 411 2706 την
438 2626 520 2700 ἀξίαν
528 2623 641 2728 τιμὴν
650 2623 726 2689 αὐτοὶ
752 2631 793 2702 τῷ
817 2631 947 2706 δανειστη
974 2625 1192 2728 καταλιμπάνειν
1219 2632 1265 2691 καλ
1317 2631 1349 2688 Si
1373 2631 1439 2702 quis
1461 2637 1557 2686 autern
1579 2631 1610 2686 in
1632 2631 1751 2704 scriptis
1772 2639 1902 2690 mutuam
1922 2635 2075 2706 pecuniam
2097 2653 2234 2693 sumens.

359 2715 484 2808 λπηριηῦν
505 2707 538 2774 τὸ
558 2708 675 2786 λοιπόν,
700 2707 819 2791 μηδενὸς
839 2715 989 2814 λέγεινλλ),
1011 2710 1050 2784 ὠς
1070 2736 1125 2815 ηρη
1144 2711 1196 2776 τὸν
1217 2717 1265 2775 δα-
1315 2716 1442 2788 pignora
1463 2717 1621 2788 obsignata
1642 2718 1690 2772 vel
1713 2733 1770 2774 non
1791 2717 1948 2792 obsignata
1974 2719 2105 2791 dederit,
2138 2722 2233 2795 cogi-

358 2794 469 2877 νειστην
503 2795 658 2906 ἀρκεῖσθαι
694 2810 754 2868 τοῖς
787 2793 936 2876 ίνεγόροις,
979 2793 1032 2858 κάν
1067 2817 1183 2900 ηττογος
1212 2791 1267 2860 ιόσι
1317 2805 1382 2868 tur,
1411 2805 1444 2855 ut
1465 2800 1541 2854 vei
1535 2815 1616 2874 rpsa,
1650 2801 1677 2856 si
1698 2802 1884 2877 negligentia
1904 2803 2059 2860 creditoris
2081 2804 2233 2862 deteriora

359 2887 447 2982 τιμῆς.
505 2881 586 2943 τίδὲ
613 2883 787 2983 δανείσηται
800 2903 842 2953 τις
869 2877 950 2963 παρά
970 2879 1195 2962 άργοροπράτου
1223 2886 1268 2943 dni
1317 2841 1432 2939 reddita
1454 2900 1511 2940 non
1533 2885 1601 2957 sint,
1622 2886 1761 2958 recipiat,
1784 2887 1886 2960 sigilla
1900 2903 2136 2963 recognoscens,
2157 2905 2232 2946 sor-

361 2962 479 3074 ἐνεγόρῳ
519 2969 727 3046 σηραγισθέντι
770 2960 789 3040 ἢ
825 2965 1030 3074 άσηραγίστῳ,
1080 2971 1126 3029 καλ
1168 2963 1270 3066 χρόνοη
1319 2975 1436 3038 temque
1464 2984 1644 3042 arsurasque,
1673 2971 1709 3024 de
1736 2972 1844 3041 quibus
1870 2976 1956 3043 pacto
1984 2974 2139 3046 convenit,
2166 2973 2231 3028 ad-

362 3048 445 3130 ὁρίση
473 3055 508 3129 τῇ
537 3053 694 3131 καταβολῇ,
730 3054 777 3112 καλ
804 3048 838 3112 τό
869 3049 966 3113 ικανὸν
992 3055 1202 3132 ἐμπροθέσμως
1226 3046 1267 3151 μη
1319 3053 1458 3125 implens,
1485 3053 1549 3126 vei,
1570 3054 1597 3109 si
1619 3056 1772 3126 pecuniam
1795 3071 1853 3112 non
1875 3057 1997 3128 haheat,
2025 3057 2104 3113 iusto
2129 3059 2234 3129 pretio

361 3159 480 3236 ηοιηση,
514 3133 581 3196 ἀλλ’
619 3134 712 3214 ἔτερος
743 3142 879 3208 τοσοῦτος
897 3140 1039 3237 ,παρελθη
1066 3134 1181 3218 χρόνος,
1213 3160 1266 3218 γρη
1318 3151 1355 3192 ea
1376 3137 1513 3193 creditori
1535 3139 1681 3210 relinquat
1702 3147 1731 3196 et
1752 3140 1799 3213 id,
1820 3141 1897 3212 quod
1911 3141 2061 3199 residuam
2084 3149 2143 3212 est,
2164 3159 2234 3199 ex-

361 3217 485 3300 ἀκριβῶς
512 3223 558 3280 ἐπλ
584 3223 773 3300 ταβονλαρίοο
800 3223 847 3282 καλ
870 3224 927 3282 τῶν
953 3223 1042 3323 θείων
1061 3224 1161 3300 λογίων
1182 3224 1268 3323 δηατι-
1317 3221 1413 3296 pleat,
1435 3223 1550 3279 nemine
1572 3223 1672 3280 dicere
1693 3224 1820 3298 valente,
1843 3225 2015 3282 creditorem
2040 3227 2236 3301 pignoribus

360 3311 477 3404 μασθαι
503 3306 550 3364 καλ
577 3305 742 3396 λογιζεσθαι
774 3312 814 3406 είς
843 3301 876 3366 τὸ
905 3310 986 3410 ηρεός
1015 3302 1034 3384 ἤ
1060 3309 1144 3385 με’ρος
1171 3304 1268 3367 αὐτοῦ.
1318 3307 1377 3363 etsi
1411 3308 1531 3363 minoris
1566 3310 1651 3380 pretii
1687 3309 1763 3384 sint,
1806 3313 1973 3366 contentum
2007 3325 2078 3368 esse
2107 3311 2235 3368 debere.

359 3413 379 3467 η
401 3383 565 3460 διάταξις
550 3415 567 3467 η
588 3383 744 3450 κωλωοισα
766 3387 850 3452 τόκον
871 3385 941 3470 ὑπὲρ
963 3385 1112 3492 διπλάσιογ
1133 3393 1269 3452 διδοσθαι
1318 3392 1433 3462 Siquis
1456 3397 1552 3448 autem
1567 3394 1603 3448 ab
1625 3395 1803 3468 argentaria,
1823 3393 1892 3450 dato
1913 3396 2048 3469 pignore,
2070 3395 2146 3466 quod
2170 3397 2238 3454 ob-

360 3475 406 3534 ίπλ
433 3473 482 3553 μὲν
468 3486 569 3545 ντοῖς
588 3475 808 3554 καταβληθεῑσιν
829 3471 926 3546 αὐτοῖς
946 3472 1040 3555 άργεῖ,
1067 3470 1120 3536 κάν
1142 3474 1211 3554 ὑπὲρ
1232 3470 1267 3536 τὸ
1318 3475 1465 3550 signatum
1488 3483 1534 3533 est
1556 3478 1601 3533 vei
1616 3495 1674 3534 non
1690 3483 1744 3551 est,
1765 3479 1917 3550 pecuniam
1930 3485 2061 3536 mutuam
2077 3483 2238 3548 sumserit,

360 3559 521 3618 διπλοῦν’
506 3579 596 3632 εστιν,
630 3556 679 3618 οὐκ
709 3556 859 3619 ἀντίκειται
881 3559 910 3618 di
932 3562 976 3620 ε’πλ
997 3571 1056 3631 τοῖς
1077 3557 1235 3661 άληθῶς’
1216 3585 1267 3639 αρ·
1318 3566 1348 3616 ct
1371 3567 1485 3632 tempus
1504 3562 1645 3618 solutioni
1663 3563 1879 3636 praestituerit,
1900 3579 1936 3620 ae
1957 3569 2086 3636 tempore
2105 3565 2238 3622 detimito

360 3655 580 3742 γηροπριιτικοῖς
597 3639 833 3720 συννλλάγμασιν·
855 3666 920 3704 οοτε
942 3643 1023 3704 αότολ
1032 3639 1268 3744 άπσγρησασθαι
1317 3645 1392 3700 satis
1421 3661 1478 3701 non
1499 3648 1620 3719 iecerit,
1655 3648 1709 3702 sed
1737 3647 1817 3704 aliud
1838 3651 1949 3703 tantum
1972 3648 2111 3721 temporis
2132 3665 2240 3720 prae-

360 3721 494 3786 δύνντνταν
528 3723 602 3806 πρὸς·
635 3738 694 3787 τοῖ
681 3727 748 3806 3²³)
783 3725 880 3799 αὐτοῖς
915 3723 1162 3830 σινανιιλλολξαντηις,
1202 3722 1267 3790 τότε
1316 3729 1446 3800 terierit,
1481 3736 1594 3802 oportet
1622 3731 1730 3805 (baec)
1764 3732 1924 3806 diligenter
1950 3749 2049 3790 coram
2078 3735 2239 3792 tabulario

360 3810 526 3912 λοηίζεσθιιι
553 3807 619 3882 τοὺς
645 3814 878 3913 καταβληθιντας
906 3807 1047 3884 τόκονςε
1033 3817 1073 3885 είς
1094 3807 1127 3873 τό
1151 3814 1268 3873 διπλοῦν
1317 3817 1347 3869 et
1375 3770 1485 3868 divinis
1512 3815 1668 3885 seripturis
1690 3816 1859 3889 aestimari,
1886 3817 1918 3874 in
1943 3817 2130 3888 debitumque
2162 3822 2242 3895 (aei

359 3900 412 3955 τοῦ
438 3891 524 3956 τόκου
551 3900 589 3967 είς
606 3894 674 3972 ²⁴⁸)
704 3893 737 3956 τὸ
765 3895 884 3976 ιὶργαῖσν
912 3889 1035 3974 ὅηλημα.
1082 3903 1131 3956 καὶ
1156 3899 1268 3976 μερικαλ
1316 3897 1425 3968 totum)
1453 3897 1501 3953 vel
1522 3899 1588 3955 eius
1609 3889 1720 3970 partem
1742 3901 1889 3972 imputari
1939 3903 2127 3974 Constitutio,
2150 3921 2243 3976 quae

360 3983 418 4038 τῶν
438 3975 705 4080 τόκωνκαταβολοὶ
720 3977 879 4060 φθάσασαι
901 3978 935 4040 τὸ
959 3983 1075 4041 διπλοῦν
1095 3985 1148 4041 τοῦ
1169 3985 1266 4060 χρέους
1316 3983 1466 4054 proturbet,
1498 3984 1652 4080 quominus
1674 4001 1783 4041 usurae
1804 3986 1882 4041 nitra
1904 3985 2023 4058 dapium
2042 3987 2174 4063 dentur,
2207 3991 2244 4048 in

359 4059 537 4162 σβεννύουσιν
559 4061 638 4125 αὐτό.
674 4060 805 4125 δύνανται
823 4087 849 4125 οι
846 4063 1160 4167 ’άργυροπραταιλ4λ)
1180 4089 1266 4142 στρα-
1317 4065 1382 4133 bis,
1404 4082 1479 4137 qtrae
1501 4067 1558 4123 iam
1581 4068 1679 4124 solnta
1699 4074 1769 4125 sunt
1776 4077 1921 4142 ,cessat,
1942 4069 2001 4126 etsi
2022 4071 2146 4143 duplum
2174 4091 2244 4132 ex-

359 4139 498 4208 τεόεσθαι
526 4151 610 4227 γωρλς
630 4153 687 4210 τῶν
707 4145 848 4220 ἐνόπλων,
883 4146 983 4220 τόκους
1004 4147 1074 4208 δὲ’
1055 4171 1267 4251 αργυραπρατι-
1316 4152 1441 4223 cedunt,
1469 4167 1564 4222 neque
1584 4169 1656 4209 vero
1677 4151 1708 4210 in
1729 4155 1944 4227 contractibus,
1973 4156 2025 4226 qui
2045 4171 2156 4212 revera
2182 4175 2247 4216 ar-

357 4227 425 4302 κοὺς
440 4235 573 4294 τουτέστι
598 4235 769 4334 διμοιηαίοις
795 4229 994 4332 λαμβάνουισο
1030 4235 1075 4294 ἐπὶ
1101 4245 1162 4304 τοῖς
1182 4233 1266 4336 cippo·
1316 4236 1517 4310 gentariorum
1549 4241 1636 4310 sunt,
1674 4238 1846 4310 opponitur,
1889 4254 1985 4310 neque
2011 4241 2071 4312 ipsi
2099 4253 2246 4312 possunt

358 4328 540 4412 ριηπρατικοῖ,Ι
568 4314 797 4396 συναλλάγμασιν
834 4317 867 4377 od
896 4311 1018 4378 δόιαταί
1046 4340 1089 4388 τις
1116 4323 1203 4380 αἰτεῖν
1230 4315 1264 4379 τὸ
1316 4321 1460 4377 adversus
1481 4335 1549 4393 eos,
1570 4323 1620 4393 qui
1640 4339 1705 4378 cum
1725 4323 1801 4394 ipsis
1822 4327 2041 4396 contraxerunt,
2063 4324 2119 4398 (ea
2141 4327 2248 4403 lege]

357 4396 398 4479 μὴ
428 4403 484 4459 δεῖν
512 4403 656 4472 παντελοῦς
684 4403 779 4462 δοῦναι
800 4397 991 4480 κεηάλ.αιον“’
965 4427 990 4500 η
1012 4395 1127 4474 τόκους,
1161 4397 1266 4480 ἢτολνς
1316 4405 1413 4476 abuti,
1452 4421 1549 4476 neque
1576 4422 1683 4462 usuras
1704 4407 1762 4463 iam
1783 4407 1926 4464 solutas'
1919 4423 1951 4462 rn
1971 4365 2091 4479 dapium
2113 4425 2250 4470 usura-

355 4486 485 4588 νητταβλη
490 4489 593 4556 θεντας
614 4487 745 4564 νομίμους
767 4481 868 4556 τόκους
889 4491 927 4558 είς
942 4479 975 4547 τὸ
992 4490 1073 4594 χρεης
1091 4487 1265 4588 λογίζεσθαι.
1315 4503 1378 4545 rum
1401 4489 1500 4545 reim
1522 4491 1673 4562 antiquom
1694 4491 1824 4548 debitum
1846 4492 1999 4563 imputare.
2025 4493 2126 4550 Etiam
2152 4513 2248 4552 ονε-υ

357 4563 406 4630 εάν
434 4564 654 4650 άργυροπράτον
679 4565 823 4651 χρεώστης
849 4593 973 4650 γααετην
1006 4573 1053 4632 καὶ
1086 4565 1266 4646 ὑπευθυνονς
1315 4589 1367 4630 rae
1389 4589 1441 4644 per
1461 4579 1559 4646 partes
1582 4575 1712 4650 solutae,
1747 4591 1825 4648 quac
1852 4576 1972 4648 duplum
1992 4577 2084 4634 sortis
2106 4579 2253 4638 debitae

1314 4658 1476 4730 excedunt,
1506 4659 1749 4734 (obligationem)
1776 4661 1980 4735 exstinguunt.
2037 4664 2254 4740 Argentarii,

1315 4743 1448 4812 exceptis
1476 4744 1589 4799 militiis
1612 4746 1749 4819 armenie,
1784 4745 1912 4802 miiitare
1938 4751 2080 4820 possant3
2114 4763 2255 4808 usuras

1315 4833 1430 4896 autem,
1457 4843 1533 4897 quae
1559 4830 1792 4901 argentariorum
1819 4829 1956 4902 propriae
1975 4837 2062 4905 suat,
2097 4831 2166 4890 hoc
2195 4845 2255 4894 est

1314 4911 1418 4966 besses
1439 4913 1567 4981 capiunt.
1604 4915 1639 4970 ln
1661 4914 1708 4970 itis
1729 4914 1939 4978 contractibus,
1960 4915 2011 4985 qui
2031 4923 2256 4990 argentario-

1313 5009 1375 5050 rum
1406 4996 1515 5065 proprii
1544 5001 1628 5068 sunt,
1669 5013 1727 5054 non
1759 5003 1857 5070 potest
1891 4999 2044 5070 qnisquam
2072 5006 2259 5071 postulare

1312 5085 1347 5135 ut
1367 5085 1474 5136 sortem
1495 5081 1543 5136 vel
1565 5097 1672 5138 usuras
1693 5083 1757 5138 dari
1779 5083 1895 5140 omnino
1919 5097 1975 5140 non
1997 5091 2159 5159 oporteat,
2196 5093 2260 5148 vei

1313 5179 1421 5218 usuras
1441 5163 1591 5237 legitimas
1613 5166 1672 5224 iam
1693 5167 1806 5223 solutas
1830 5167 1861 5224 in
1883 5172 1991 5224 sortem
2011 5167 2154 5230 debitam
2183 5177 2262 5233 im.

1312 5249 1421 5320 putari.
1463 5249 1497 5307 Si
1517 5251 1680 5325 argentarii
1700 5251 1815 5310 debitor
1836 5267 1958 5310 uxorem
1977 5251 2088 5312 haheat
2106 5261 2151 5313 et
2179 5275 2262 5336 eos,

502 5581 550 5641 20)
574 5585 634 5648 Lep:
635 5581 771 5650 eoduma?
788 5585 840 5636 τῶν
861 5583 1152 5638 ptolomaeae
1169 5597 1228 5648 cap.
1245 5585 1271 5635 θ
1288 5599 1343 5652 παρ
1347 5579 1430 5642 ’ἑνός
1445 5582 1533 5635 αὐτῶν
1550 5603 1566 5651 η
1554 5580 1631 5635 ’δύο
1648 5581 1771 5650 λαβόντες
1788 5581 1935 5651 ὁμολογίας.
2033 5588 2106 5650 ata)
2132 5595 2270 5664 Incipit

351 5648 400 5698 toi.
417 5647 459 5696 dd.
494 5651 553 5698 Lea
535 5653 648 5713 gendum
667 5603 888 5720 όρρᾳδιουμγητα
924 5655 974 5704 Ed.
991 5657 1017 5703 θ.
1035 5667 1093 5716 cap.
1110 5653 1135 5704 4.
1152 5651 1188 5718 μὴ
1206 5653 1441 5742 ῥᾳδιουργηθίντα.
1508 5653 1575 5711 21η)
1593 5655 1913 5740 Legendnmoopayrdoe
1979 5656 2027 5715 22)
2043 5657 2115 5708 Post
2138 5675 2269 5720 vocs-m

349 5715 432 5774 λίνεον
450 5717 551 5797 excidit
567 5721 683 5800 sprtttsse
701 5733 754 5770 tot(
772 5723 923 5804 τολμνῗιντος.
998 5723 1045 5782 2³)
1062 5723 1128 5803 leeg.
1146 5719 1217 5776 τούς.
1293 5719 1365 5776 2421)
1382 5715 1483 5782 ῘιθΕ·
1466 5738 1482 5784 η
1501 5722 1543 5768 2²4⁸·
1567 5721 1654 5770 Εᾱλθῑ·
1671 5723 1696 5770 9·
1714 5727 1807 5785 cap-5
1808 5741 1880 5773 ·θῐίΙ
1896 5721 2157 5786 (ΞΝΜΪἩΡῙΜ
2133 5741 2269 5788 mic-

349 5781 390 5842 γλ
379 5779 472 5832 “rodae
485 5779 545 5834 οὔτε
557 5783 593 5840 εἰς
602 5785 678 5836 τόκον
690 5785 751 5836 cirta
764 5786 799 5844 εἰς
808 5789 918 5872 ἀρχαῖον
930 5785 1034 5854 ὄφλημα
1046 5807 1080 5840 τοι
1072 5785 1170 5856 λη”ιλη
1153 5793 1221 5872 νπὲρ
1232 5805 1264 5840 το
1277 5784 1415 5845 „podiam
1422 5791 1531 5869 ἀῐαίῗὲί
1530 5787 1601 5851 MittK
1602 5807 1643 5837 ’'⁶‘-
1659 5789 1755 5840 P³¹¹¹¹¹⁰
1767 5794 1827 5852 λλθῧλ
1841 5807 1873 5839 ⁰¹⁹
1865 5788 1900 5840 '‘52
1914 5791 2227 5856 ffmffmssstffldt
2235 5827 2268 5858 aaa

350 5846 412 5907 code
431 5846 480 5916 ηὸη
497 5853 733 5918 καταβεβλημένους
747 5851 839 5913 τόκους
855 5852 872 5922 ἢ
890 5853 926 5912 εἰς
942 5851 974 5905 τὸ
992 5855 1101 5907 διπλοῦν
1117 5875 1165 5909 του
1182 5859 1261 5908 τόκου
1279 5854 1295 5921 ἢ
1312 5851 1348 5910 εἰς
1364 5850 1396 5904 τὸ
1413 5850 1523 5925 &waldi
1540 5851 1651 5922 ὅθλιιημᾱ
1759 5859 1826 5917 23³³)
1844 5857 1968 5910 (λθθθίί1
1951 5857 2235 5930 amm·

2351 4775 2354 4996 i
