4748 7074
848 1081 1273 1180 Oneon*
1361 1087 1435 1172 lV.

338 1329 557 1418 Posteaquam
576 1329 802 1418 exposuimus,
830 1331 864 1398 in
885 1331 954 1413 his,
982 1352 1065 1421 quae
1086 1352 1130 1400 ex
1151 1331 1314 1400 Theodori
1339 1331 1382 1400 de
1410 1331 1578 1400 iustiniani
1599 1335 1748 1403 Novellis
1775 1337 1855 1406 libro
1886 1351 2070 1432 supersunt,

225 1433 402 1518 fragmentis
428 1431 565 1498 edendis
592 1431 706 1518 quibus
738 1431 868 1498 auxiliis
902 1433 1167 1522 adminiculisque
1194 1435 1245 1500 usi
1271 1435 1388 1522 simus,
1426 1441 1550 1514 restat,
1596 1441 1632 1501 ut
1658 1445 1770 1504 nostro
1800 1441 1936 1507 editoris
1964 1443 2068 1510 officio

225 1532 476 1622 quemadmodum
501 1532 603 1598 functi
631 1533 747 1618 aimus,
767 1535 880 1619 paucis
901 1553 1109 1621 exponamus.
1153 1535 1204 1600 alc
1230 1536 1363 1620 primum
1385 1535 1511 1622 quidem
1534 1538 1656 1625 exiis,
1690 1557 1772 1625 quae
1794 1541 1900 1628 capite
1921 1545 2065 1609 secundo

224 1634 465 1721 disputavimus,
499 1633 581 1698 satis
602 1638 757 1722 apparet,
785 1635 860 1722 ipsa
886 1634 979 1702 buius
1006 1636 1080 1702 libri
1100 1637 1280 1720 fragmenta
1308 1635 1350 1701 ad
1373 1635 1553 1702 cmxviii.
1576 1637 1784 1706 Novellarum
1806 1642 1948 1709 ordinem
1969 1643 2064 1728 digc-

196 1735 317 1802 ·renda
344 1751 430 1800 esse.
472 1733 604 1799 Incerta
631 1733 775 1800 eiusdem
797 1735 965 1822 scriptoris
991 1737 1169 1822 fragmenta
1190 1737 1318 1803 stellula
1338 1736 1488 1824 adposita
1507 1733 1581 1830 (a)
1603 1739 1823 1808 indicavimus.
1866 1740 2069 1832 Scripturas,

222 1853 298 1921 qaae
319 1835 353 1900 in
374 1833 432 1922 iis,
458 1853 540 1921 quos
568 1853 667 1920 supra
695 1834 853 1918 diximus,
881 1835 1020 1902 fontibus
1041 1837 1194 1926 babetur,
1226 1839 1417 1904 varietatem
1440 1839 1472 1903 in
1493 1839 1580 1905 notis
1602 1839 1745 1908 indicare
1765 1861 1831 1907 non
1854 1845 2067 1928 negleximus.

221 1935 516 2024 interpolationem,
550 1935 693 2022 quaein
720 1934 772 2000 his
808 1937 995 2021 fragmentis
1022 1940 1245 2026 reperiuntur,
1280 1939 1422 2023 vestigia
1452 1938 1626 2024 diligenter
1657 1943 1882 2027 persequenda
1909 1942 2067 2024 duximus,

219 2055 385 2122 eummque
412 2037 567 2120 originem
595 2035 779 2121 fontemque
806 2035 1106 2105 demonstravimus.
1155 2039 1193 2104 Iu
1225 2038 1363 2106 Graecis
1385 2056 1468 2125 quae
1489 2047 1640 2126 corrupta
1660 2041 1834 2132 habentur,
1861 2043 1975 2110 critica
1995 2051 2068 2110 aute

219 2145 253 2204 et
272 2137 443 2224 disciplina
463 2138 496 2202 in
516 2135 675 2220 integrum
695 2136 906 2226 restituimus,
926 2139 1001 2226 rati,
1021 2141 1050 2204 si
1071 2159 1205 2226 usquam
1226 2139 1319 2227 alias,
1339 2145 1375 2206 at
1395 2141 1485 2206 certe
1506 2141 1540 2207 iu
1561 2140 1622 2208 hoc
1644 2143 1825 2229 scripturae
1845 2162 1967 2229 genere
1988 2162 2068 2210 con-

217 2239 358 2306 iecturae
378 2255 441 2304 uon
462 2235 661 2324 improbabili
682 2234 785 2302 locum
806 2236 887 2303 dari.
936 2234 1039 2319 Quam
1059 2245 1183 2327 tamen,
1209 2241 1287 2306 licet
1307 2246 1341 2306 et
1362 2239 1519 2307 facilitate
1548 2247 1582 2308 et
1603 2241 1761 2310 felicitate
1783 2243 2068 2322 commendaretur,

215 2345 320 2407 tamen
347 2339 403 2405 vel
428 2337 479 2402 sic
503 2337 607 2421 magis
633 2337 667 2402 iu
697 2337 784 2404 uotis
811 2335 1031 2428 indicandam,
1065 2359 1158 2428 quam
1184 2343 1217 2409 iu
1245 2341 1400 2407 orationis
1429 2347 1584 2408 contextu
1613 2343 1834 2410 collocandam
1862 2345 1990 2432 putavi,
2024 2362 2068 2411 ne

214 2441 358 2526 cuiquam
382 2436 513 2505 uiderer
537 2454 595 2523 pro
618 2436 782 2504 Theodori
803 2438 916 2505 verbis
942 2440 1115 2510 venditare
1135 2462 1218 2510 mea.
1261 2438 1340 2508 Cum
1362 2447 1468 2508 nutem
1489 2444 1591 2509 verba
1612 2443 1776 2511 Theodori
1799 2444 1927 2511 Graeca
1946 2443 2068 2510 Latine

213 2540 405 2628 exponenda
430 2557 508 2606 esse
527 2536 729 2617 videremus,
762 2537 896 2606 Fabroti
916 2541 1170 2631 reliquorumque
1195 2543 1275 2609 iuris
1304 2541 1424 2610 Graeci
1454 2543 1664 2630 interpretum
1689 2544 1940 2620 translationes,
1983 2543 2067 2630 quud

213 2642 284 2709 eius
310 2639 381 2707 fieri
407 2645 537 2728 posset,
575 2637 764 2706 retinendas
795 2658 873 2706 esse
902 2641 1099 2732 censuimuS,
1133 2663 1197 2710 non
1226 2665 1287 2730 quo
1317 2643 1414 2731 plane
1441 2644 1520 2709 nihil
1548 2645 1582 2712 in
1609 2663 1651 2711 ea
1678 2665 1715 2711 re
1743 2645 2065 2735 reprehenderemus,

212 2741 272 2810 sed
293 2749 355 2832 ut,
375 2760 458 2828 quae
477 2739 520 2808 ab
540 2739 615 2806 aliis
635 2739 768 2824 egregie
789 2745 886 2826 gesta
907 2746 999 2830 sunt,
1032 2762 1072 2808 ex
1093 2743 1144 2810 bis
1166 2765 1258 2812 suum
1285 2746 1399 2832 cuique
1428 2743 1646 2812 attribuerem.
1703 2745 1773 2831 lpsi
1794 2751 1941 2814 veterum
1961 2747 2068 2812 inter·

212 2850 338 2928 pretam
359 2859 488 2910 errores
509 2841 609 2908 tacito
629 2838 891 2928 emendavimus,
920 2844 1170 2933 castigavimus,
1196 2847 1413 2934 correximus,
1449 2846 1525 2931 ipsa
1546 2845 1768 2912 translationis
1796 2847 1899 2914 verba
1926 2848 1978 2915 bic
1999 2848 2068 2914 illic

213 2942 406 3010 immutando
432 2943 474 3010 ad
502 2947 625 3008 certam
652 2939 812 3026 quandam
832 2942 1094 3028 aequabilitatem
1116 2947 1360 3036 revocavimus,
1391 2965 1451 3035 ea,
1479 2965 1562 3034 quae
1582 2947 1617 3012 iu
1637 2947 1794 3014 orationis
1816 2955 1970 3016 contextu
1992 2966 2068 3014 cor-

216 3051 310 3129 mpta
330 3050 423 3132 sunt,
461 3042 505 3110 ad
532 3041 739 3108 coniecturae
766 3060 832 3109 non
852 3043 1069 3129 improbabilis
1092 3047 1237 3132 speciem
1259 3047 1499 3136 transtulimus,
1536 3045 1597 3113 sed
1622 3045 1853 3134 interrogantis
1881 3048 1974 3134 signo
2004 3040 2069 3139 (f)

219 3143 361 3236 adiecto,
394 3145 533 3230 denique
561 3141 622 3208 boc
643 3141 802 3226 agendum
823 3145 1024 3234 potavimus,
1055 3154 1091 3212 ut
1112 3148 1212 3236 baec,
1242 3139 1335 3236 qu'am
1356 3147 1464 3216 daturi
1484 3169 1611 3235 sumus,
1640 3148 1837 3217 Graecorum
1858 3149 1892 3216 in
1913 3149 2066 3216 Latinum

224 3263 392 3312 sermonem
412 3243 582 3311 translatio
603 3243 710 3310 iustae
730 3241 1009 3332 interpretationis
1028 3247 1099 3316 loco
1120 3249 1233 3316 baberi
1254 3257 1379 3337 posset.

339 3413 432 3480 llaec
458 3409 572 3490 habui,
607 3428 689 3497 quae
716 3410 759 3477 de
788 3411 898 3497 operis
923 3415 986 3482 mei
1012 3415 1138 3483 ratione
1164 3417 1354 3485 viderentur
1380 3436 1460 3486 esse
1486 3417 1672 3506 praefanda.
1719 3415 1759 3484 Iu
1787 3435 1849 3504 quo
1871 3415 1900 3482 si
1922 3415 1998 3504 quid
2020 3417 2062 3483 ab

227 3515 328 3601 aequis
354 3516 465 3580 harum
493 3530 599 3578 rerum
619 3510 749 3577 arbitris
770 3513 1043 3604 reprebendatur,
1073 3524 1187 3602 gratus
1211 3519 1384 3610 accipiam,
1417 3525 1616 3606 acceptaque
1638 3519 1733 3586 lance
1755 3537 1819 3584 uon
1839 3517 1948 3604 iniqua
1969 3517 2065 3583 truti-

226 3615 333 3702 nabor,
365 3621 415 3705 et,
445 3611 570 3700 siquid
592 3615 731 3678 erratum
751 3611 815 3700 sit,
849 3613 919 3682 iure
939 3617 1117 3704 meritoque
1137 3637 1190 3686 me
1211 3621 1245 3688 in
1265 3621 1409 3690 ordinem
1430 3618 1594 3689 redactum
1615 3639 1693 3690 esse
1721 3620 1858 3706 ingenue
1879 3618 2054 3688 ooatitebur

225 3714 302 3784 Nam
320 3715 412 3784 humo
433 3735 504 3782 sum
524 3717 559 3781 et
579 3711 706 3780 humani
726 3711 805 3779 nibil
826 3733 847 3783 a
866 3733 918 3784 me
939 3716 1076 3786 ebenum
1097 3726 1187 3806 puto.
