4748 7074
369 584 448 653 ers
632 649 634 654 .
718 611 738 661 ι
1092 547 1511 652 νοοονοοιιοινπ

493 772 541 848 Κ.
598 771 866 870 Hurmenopuii
888 768 1133 874 πρόχειρον
1159 779 1245 846 τῶν
1269 769 1437 870 νόμων,
1462 765 1512 846 τό
1537 769 1781 868 λεγόμενον
1805 770 1830 874 ἡ
1855 769 2096 864 ἑξάβιβλος.

494 959 534 1025 in
562 957 624 1024 hoc
653 957 732 1022 libro
761 949 872 1041 ulique¹
888 955 1052 1022 Theodori
1074 957 1253 1041 fragmenta
1273 955 1499 1043 inveniuntur,
1526 955 1586 1021 sed
1609 974 1652 1022 ex
1673 955 1820 1042 proelriro
1841 953 2025 1032 Basiliano,
2047 964 2082 1022 ut
2102 959 2208 1050 opinor,

371 1059 519 1127 deducta
571 1059 664 1126 Setis
686 1057 770 1124 enirn
792 1056 888 1122 hodie
909 1063 1056 1146 constat,
1088 1058 1155 1124 iere
1177 1057 1299 1144 omnis,
1333 1075 1417 1143 quoe
1445 1056 1478 1120 in
1508 1057 1654 1140 procbiro
1682 1057 1906 1146 inveniuntur,
1941 1058 1974 1123 in
1995 1057 2208 1146 Harmeuopuli

372 1162 486 1227 librum
513 1179 591 1226 esse
621 1163 817 1223 transsumte
826 1151 873 1246 ¹).
938 1154 1024 1224 Sunt
1051 1165 1157 1223 autem
1188 1159 1257 1223 iere
1280 1157 1379 1222 baec:
1421 1155 1475 1221 lib.
1499 1154 1535 1220 5.
1559 1157 1610 1222 tit.
1632 1155 1669 1221 8.
1693 1153 1728 1244 5.
1752 1155 1814 1240 5„
1865 1158 1981 1244 Incipit
2002 1163 2034 1223 oi
2053 1158 2210 1242 κατιόντες.

371 1261 505 1328 Desinit
525 1267 562 1324 ta
582 1262 728 1340 πλαγίου.
778 1257 871 1323 llaec
901 1257 1060 1323 habentur
1087 1257 1171 1345 upud
1198 1257 1402 1323 Theodorum
1428 1258 1461 1322 in
1489 1259 1576 1323 Nov.
1609 1256 1697 1324 118.
1726 1295 1768 1308 —-
1795 1259 1928 1325 ibidem.
1966 1259 2084 1346 Incipit
2103 1263 2154 1328 trin
2174 1265 2211 1343 εἷς

371 1366 447 1428 τῶν.
489 1361 621 1428 Desinit
641 1358 698 1437 τὴν
717 1359 831 1442 χρῆσιν
851 1360 916 1422 τῶν
937 1359 1166 1444 πορισθέντων.
1212 1359 1305 1424 llaec
1326 1378 1367 1424 ex
1390 1357 1503 1423 eodem
1525 1358 1595 1424 loeo
1617 1357 1756 1424 deducta
1778 1353 1927 1425 sunt.''-
1949 1359 2081 1426 ibidem.
2109 1363 2211 1450 incipit

373 1461 432 1528 ἐὰν
451 1461 588 1536 πάππος.
632 1459 765 1526 Desinit
793 1457 1005 1538 αὐτεξούσιον.
1048 1459 1202 1525 Haecin
1232 1459 1346 1525 eodem
1373 1459 1442 1525 loco
1473 1460 1641 1525 habentur.
1663 1497 1706 1509 -
1747 1461 1871 1528 ibider'n
1892 1458 1927 1548 5.
1951 1459 1988 1526 6.
2030 1461 2144 1548 incipit
2162 1488 2212 1528 νια-

372 1559 506 1630 τιόντων
525 1561 568 1646 μὴ
589 1558 741 1626 ὑπόντων.
787 1558 918 1626 Desinit
939 1556 1021 1640 ὁμοῦ
1042 1562 1219 1625 καλοῦνται
1239 1566 1284 1636 εἰς
1304 1563 1530 1646 κληρονομίαν.
1579 1561 1673 1626 Haec
1694 1579 1735 1626 en
1759 1561 1872 1628 eodem
1893 1565 1982 1627 ionle
2003 1561 2119 1628 hausta
2138 1573 2213 1630 sunt.

372 1663 502 1730 Deinde
523 1665 631 1749 aliqua
651 1660 736 1748 apud
750 1661 1020 1746 llarmcnopulum
1043 1661 1210 1750 bobentnr,
1231 1681 1312 1747 quae
1327 1662 1411 1748 epud
1424 1661 1628 1728 Theodorum
1644 1660 1772 1727 desunt.
1785 1691 1836 1716 ·-
1857 1661 1980 1728 ibidem
1995 1660 2030 1750 5.
2051 1661 2109 1726 10.
2137 1664 2214 1730 inci-

373 1766 473 1851 pilot
493 1761 706 1849 ἀμφιθαλεῖς.
751 1759 883 1826 Desinit
902 1759 964 1826 κᾶν
979 1759 1193 1843 αὐτοξοὺσιος.
1229 1760 1320 1844 erae
1342 1763 1418 1827 item
1441 1781 1483 1826 ex
1506 1761 1677 1828 Theodoro
1698 1763 1718 1826 l.
1741 1763 1762 1827 Ι.
1785 1749 1902 1829 hausta
1921 1753 2007 1830 sunt.
2028 1801 2070 1815 —
2106 1765 2215 1831 ibidem

373 1863 408 1952 5.
437 1865 495 1931 ll.
537 1863 654 1948 Incipit
684 1869 716 1927 oi
742 1870 778 1928 err
804 1865 877 1928 τῶν.
920 1861 1051 1929 Desinit
1070 1861 1128 1927 τόν
1154 1860 1372 1928 ἀποθανόντα
1393 1859 1545 1949 ἀδελφόν.
1568 1900 1607 1910 -
1651 1861 1773 1928 ibidem
1795 1859 1829 1950 5.
1858 1859 1916 1928 13.
1960 1864 2078 1950 Incipit
2101 1863 2154 1930 ἐάν
2172 1891 2214 1942 τις

372 1962 550 2048 τελευτήσῃ.
595 1963 726 2031 Desinit
753 1962 833 2029 ὄντα
853 1959 996 2050 ἀδελφὸν
1023 1961 1139 2028 αὐτῶν.
1190 1963 1311 2029 ibidem
1340 1961 1467 2051 514.
1512 1963 1628 2048 incipit
1657 1959 1801 2049 ἀδελφοῦ
1827 1960 1871 2044 μὴ
1902 1961 2046 2041 ὑπόντος.
2099 1965 2217 2032 Desinit

371 2065 408 2145 ἐξ
423 2073 498 2130 ἴσον
518 2067 774 2148 κλτρονομοῖισιν.
819 2063 910 2146 Quae
931 2063 1058 2150 quidem
1081 2084 1124 2132 ex
1146 2063 1309 2131 'l'beodori
1329 2064 1409 2130 libro
1432 2063 1548 2129 bausta'
1568 2081 1663 2148 esse,
1692 2063 1755 2128 iam
1776 2064 1928 2131 Iteitnius
1949 2067 2001 2133 vir
2021 2064 2217 2133 doctissimus

372 2167 481 2234 docuit
500 2169 543 2233 ad
564 2163 794 2254 Hermenopuli
814 2167 837 2230 l.
859 2165 878 2229 l.
902 2185 934 2250 p.
958 2161 1184 2231 ess-teo.

497 2551 553 2618 Ex
572 2553 642 2642 his,
663 2572 746 2640 quac
767 2551 870 2619 adbuc
891 2551 1052 2640 diximus,
1073 2551 1157 2617 sotis
1177 2555 1331 2637 apparet,
1352 2551 1574 2618 commentarii
1593 2569 1615 2617 a
1632 2551 1803 2620 Theodoro
1825 2551 1867 2620 de
1888 2552 2057 2621 iustiniani
2081 2555 2220 2622 Novellis

373 2656 543 2742 compositi
570 2654 698 2720 multum
723 2671 933 2740 magnumque
962 2653 1064 2719 luisse
1091 2671 1150 2738 per
1175 2658 1276 2716 totam
1306 2650 1478 2718 Graeciam
1508 2671 1619 2732 nsum,
1648 2655 1872 2720 auctoritatem
1894 2655 2073 2740 insignem,
2106 2657 2169 2722 vim
2187 2665 2217 2721 et

373 2762 570 2844 potestatem
600 2758 634 2822 in
663 2756 768 2841 legum
789 2755 878 2820 libris
907 2751 1114 2820 conficiendis
1142 2751 1227 2818 baud
1257 2754 1534 2819 contemnendum.
1576 2754 1719 2820 Intuenti
1741 2761 1847 2821 entem
1868 2757 1983 2844 cuique
2005 2758 2038 2823 in
2060 2772 2124 2845 ca,
2151 2776 2223 2843 quae

374 2859 416 2926 de
438 2857 573 2942 singulis
594 2855 753 2942 sontibus,
775 2873 818 2926 ex
839 2855 954 2941 quibus
976 2856 1079 2922 nostri
1100 2852 1270 2939 scriptoris
1291 2851 1474 2937 fragmenta
1494 2855 1701 2939 deduximus,
1730 2855 1958 2942 disseruimus,
1986 2859 2132 2944 suspicio
2153 2878 2224 2923 coo·

372 2961 559 3045 iecturaque
587 2957 799 3022 subneseatur
825 2974 965 3022 neeesse
987 2961 1056 3043 est,
1076 2954 1160 3020 bunc
1182 2951 1345 3020 Theodori
1367 2957 1643 3036 commentarium,
1670 2956 1823 3042 Basilicis
1845 2959 2043 3046 compilatis,
2076 2965 2154 3024 tunc
2173 2958 2225 3024 de-

371 3081 456 3128 mum
477 3059 574 3124 talem
594 3063 778 3143 tentumque
800 3057 865 3124 vim
887 3063 922 3122 et
943 3057 1166 3122 auctoritatem
1190 3053 1276 3140 apud
1296 3052 1443 3120 Graecos
1464 3057 1699 3124 iureconsultus
1726 3077 1804 3126 esse
1831 3067 2047 3126 consecutum.
2096 3061 2225 3126 Primum

372 3162 473 3238 enirn,
502 3177 584 3244 quae
607 3177 665 3244 per
686 3163 785 3223 tutam
805 3157 1086 3244 iurisprudentiam
1113 3153 1274 3221 Graecam
1302 3155 1372 3221 eius
1399 3157 1472 3222 libri
1493 3157 1636 3242 vestigia
1657 3160 1833 3248 habentur,
1866 3165 1911 3226 its
1932 3169 2009 3227 sunt
2030 3167 2225 3249 comparata,

292 3261 298 3278 ⁴
371 3269 407 3328 ut
433 3260 645 3328 Basilicorum
673 3259 868 3344 temporibus
897 3258 996 3324 multo
1022 3258 1090 3322 sint
1118 3263 1153 3323 et
1172 3256 1373 3342 indubitata,
1406 3265 1504 3324 antea
1525 3265 1632 3325 autem
1655 3260 1725 3326 iere
1747 3261 1851 3350 nulla,
1878 3262 1950 3350 vel,
1977 3282 2064 3350 quae
2088 3271 2177 3330 certe
2195 3263 2225 3326 in

296 3379 298 3384 ·
371 3364 466 3431 aleae
487 3361 630 3448 speciem
651 3359 779 3426 cadant.
822 3359 907 3424 Nam
929 3365 964 3425 et
981 3357 1151 3446 procbirorr
1173 3357 1372 3424 Basilianum
1395 3357 1548 3424 Basilicis
1570 3361 1726 3428 coniectis
1747 3363 1947 3449 compilatum
1969 3371 2033 3451 est,
2056 3371 2096 3431 et
2109 3362 2227 3430 Eusta-

374 3465 434 3530 thii
453 3460 599 3530 secunda
619 3461 719 3528 editio
740 3458 995 3547 Hermopoliteni
1015 3459 1210 3526 mentionem
1231 3459 1345 3537 babet,
1367 3460 1469 3545 prima
1491 3479 1555 3525 uon
1576 3462 1671 3551 item3
1705 3462 1859 3552 denique,
1884 3483 1967 3550 quae
1989 3466 2020 3530 in
2044 3463 2226 3532 cnxvni.

372 3565 581 3632 Novellorum
608 3581 724 3648 corpus
751 3560 910 3626 trenslutn
937 3566 1013 3626 sunt
1042 3559 1206 3625 Theodori
1234 3559 1432 3648 fragmenta,
1465 3561 1561 3627 iacile
1590 3561 1660 3627 lieri
1687 3565 1807 3652 potnit,
1839 3572 1874 3630 ut
1895 3565 2049 3632 Basilicis
2075 3565 2228 3632 coniectis

373 3673 452 3732 tunc
479 3664 603 3730 demum
628 3663 663 3728 in
689 3679 730 3728 eo
755 3660 860 3746 legum
886 3649 967 3726 libro
996 3660 1153 3727 collocate
1179 3667 1377 3748 receptoque
1405 3661 1485 3739 sint,
1524 3665 1717 3748 praesertim
1752 3683 1821 3732 cum
1854 3666 1986 3734 codices
2013 3667 2227 3734 Novellarun

374 3763 512 3850 Graeci,
541 3762 627 3828 unde
654 3769 789 3847 unaque
818 3759 1028 3828 Noveliarum
1055 3761 1167 3848 editio,
1198 3760 1260 3828 boe
1281 3769 1334 3828 est
1355 3761 1533 3828 ilaioaudri
1559 3759 1799 3854 Serimgerique
1828 3766 1946 3854 prodiit
1953 3815 1963 3855 ‚
1993 3786 2036 3834 ex
2067 3769 2230 3835 Basilicu-

374 3885 444 3932 ram
465 3859 657 3928 auctoritate
676 3861 788 3928 nubum
808 3861 843 3926 in
862 3861 987 3928 modum
1013 3881 1035 3929 a
1062 3861 1201 3929 Graecis
1228 3861 1455 3928 iureconsultis
1483 3865 1669 3952 interpolati
1698 3867 1774 3933 sint.
1840 3865 1965 3950 Quodsi
1991 3870 2176 3938 Athanasii
2200 3875 2230 3934 et

373 3962 646 4050 Hermopolitani,
666 3979 751 4050 quae
769 3961 897 4028 inerunt
917 3961 1001 4048 apud
1024 3961 1183 4052 Graecos,
1203 3962 1272 4029 iata
1291 3961 1519 4051 historiamque
1539 3985 1577 4032 se
1594 3965 1680 4034 inter
1700 3985 1888 4055 comparere
1907 3969 2060 4061 velimus,
2083 3969 2230 4040 animad-

374 4072 539 4134 vertamus
568 4064 680 4130 licebit
707 4062 883 4130 Athanasii
916 4065 1139 4132 auctoritatem
1166 4071 1243 4130 ante
1270 4064 1414 4132 Basilica
1442 4065 1612 4152 compilato
1641 4086 1700 4154 per
1729 4069 1893 4155 imperium
1929 4068 2107 4141 Orientale
2137 4073 2233 4140 tuisse

372 4187 438 4235 non
459 4164 739 4252 contemnendum,
759 4170 836 4251 post
856 4182 898 4231 ea
918 4170 1064 4252 tempora
1083 4184 1148 4231 non
1169 4167 1264 4257 item3
1299 4173 1412 4234 contra
1434 4183 1474 4233 ea
1496 4167 1659 4235 Theodori
1681 4169 1746 4236 vim
1767 4175 1800 4236 et
1822 4176 2019 4256 potestatem
2041 4175 2080 4240 in
2107 4173 2235 4241 Graeca

371 4267 619 4354 inrisprndentie
646 4265 812 4333 formanda
840 4271 918 4331 ante
944 4263 1089 4331 Basilica
1116 4268 1265 4333 coniecta
1285 4267 1387 4352 fuisse
1408 4268 1523 4334 nullom
1545 4275 1600 4335 aut
1621 4275 1711 4336 certe
1732 4271 1962 4364 perexiguam
1994 4280 2142 4364 postea,
2168 4293 2234 4340 eum

371 4371 465 4438 buius
485 4369 671 4454 interpretis
692 4368 777 4434 lama
797 4366 918 4433 sensim
937 4383 997 4453 per
1018 4373 1119 4433 totum
1136 4369 1303 4464 imperinm
1317 4363 1485 4436 Orientale
1503 4372 1769 4456 percrebruisset,
1786 4392 1874 4462 eum,
1896 4373 1940 4440 de
1961 4394 2022 4461 quo
2046 4377 2177 4462 agitur,
2198 4373 2235 4440 de

372 4471 521 4538 Novellis
547 4467 716 4534 iustiniani
742 4467 1001 4534 commentarium
1029 4469 1159 4534 multum
1187 4487 1227 4534 ec
1252 4487 1355 4556 saepe
1384 4479 1570 4558 usurpatum
1597 4491 1675 4538 esse
1702 4473 1912 4562 manibusque
1940 4476 2236 4544 iureconsultomm

373 4573 494 4640 tritum.
545 4567 637 4652 Quae
665 4588 734 4634 cnm
760 4569 806 4634 ito
834 4567 920 4656 sint,
953 4567 1121 4655 praeclare
1149 4588 1230 4636 sane
1250 4569 1416 4636 nobiscum
1437 4577 1543 4637 ectum
1565 4579 1727 4659 putamus,
1754 4575 1853 4660 quod,
1885 4596 1955 4643 cnm
1976 4585 2169 4664 temporum
2188 4577 2237 4642 in-

370 4675 455 4742 iuria
481 4693 594 4760 purum
620 4676 728 4757 putum
756 4668 919 4735 'l'beodori
946 4669 1059 4736 librum
1092 4671 1186 4736 nobis
1214 4671 1384 4750 inviderit,
1426 4690 1534 4738 eorum
1570 4679 1677 4740 tannen
1705 4671 1873 4766 librorum,
1920 4677 2005 4744 unde
2034 4679 2142 4746 liuius
2168 4675 2239 4744 libri

372 4775 456 4842 bona
483 4791 560 4859 pars
586 4772 619 4838 in
648 4771 807 4854 integrum
836 4770 965 4836 restitui
992 4777 1107 4858 queat,
1134 4772 1286 4838 memorio
1314 4770 1357 4836 ad
1384 4772 1609 4858 posteritatem
1642 4778 1840 4861 pervenerit.
1891 4779 1999 4846 Nolim
2027 4787 2149 4848 tamen
2179 4797 2238 4846 ex·

372 4875 525 4960 istumes‚
568 4874 665 4940 talem
697 4877 884 4956 tantamque
921 4871 1022 4938 inisse
1055 4872 1140 4962 apud
1174 4872 1386 4938 Basilioorum
1419 4871 1617 4940 architectos
1652 4875 1722 4942 eius
1753 4876 1824 4943 libri
1858 4881 2115 4972 auctoritatem,
2158 4885 2241 4948 uta

368 4976 497 5043 nemine
524 4975 618 5042 inerit
649 4973 713 5038 ulio
741 4991 877 5058 uuquam
904 4980 1048 5058 tempore
1075 4972 1303 5060 reprehensus.
1357 4971 1424 5038 imo
1445 4979 1564 5040 testem
1592 4974 1650 5040 tibi
1672 4973 1754 5043 dabo
1775 4979 1859 5046 setis
1880 4980 2051 5068 idoneum,
2095 4981 2239 5070 quinon

372 5077 491 5164 onmia,
529 5093 610 5161 quae
632 5071 796 5140 Theodori
818 5078 910 5162 sunt,
945 5071 1083 5140 Graecis
1110 5073 1341 5159 interpretibus
1361 5073 1523 5160 placuisse
1544 5077 1627 5142 satis
1648 5078 1811 5146 ostendat.
1859 5081 1895 5146 is
1915 5087 1968 5150 est
1987 5083 2242 5172 Nomopbylax,

372 5178 462 5244 cuius
491 5176 644 5244 scholium
671 5173 883 5242 Basilicorum
912 5181 989 5241 tom.
1017 5173 1061 5239 ll.
1093 5195 1126 5260 p.
1156 5171 1418 5260 5872babetnr.
1481 5174 1532 5241 lbi
1561 5195 1631 5242 cunr
1659 5177 1703 5244 de
1728 5179 1817 5248 Nou.
1844 5179 1909 5247 90.
1938 5183 2050 5270 capite
2082 5181 2127 5250 6.
2156 5188 2241 5251 inter

371 5277 531 5365 pretondo
561 5274 752 5342 Theodorus
779 5275 1063 5363 Hermopolitnnus
1094 5273 1357 5362 Athonesinsque
1384 5275 1418 5342 in
1452 5275 1605 5344 diversas
1637 5285 1750 5365 partes
1785 5281 1972 5370 abiissent‚·
1999 5283 2242 5374 Nomopbylax

371 5378 462 5445 litem
488 5377 662 5444 secundum
690 5376 903 5445 Athanasium
928 5377 1007 5444 dare
1035 5374 1147 5441 voluit.
1197 5375 1236 5443 ln
1258 5377 1401 5466 caussis,
1428 5395 1528 5465 quare
1555 5380 1603 5448 ito
1624 5380 1804 5465 censuerit,
1824 5383 2000 5454 reddendis
2019 5385 2118 5456 baec
2141 5387 2243 5455 dixit:

368 5819 393 5872 n
410 5819 433 5870 a
448 5817 464 5870 1
520 5733 755 5872 νέθηονθιὲιοοοοιιὶ.
772 5733 857 5798 preel-
875 5732 917 5786 ed·
934 5733 1024 5786 lieltzi
1040 5747 1066 5798 p.
1083 5734 1108 5784 e.
1125 5745 1182 5798 req.
1220 5731 1290 5786 Vide
1311 5731 1437 5790 Woltiroa
1453 5736 1482 5788 ln
1497 5735 1581 5789 libror
1606 5735 1663 5791 Dos
1679 5737 1836 5793 manaem
1851 5741 1996 5812 Muscam,
2017 5745 2181 5820 δαημς
2198 5747 2246 5801 m.

394 5831 409 5869 e
467 5833 517 5886 .p.
572 5843 607 5855 -
647 5850 654 5866 .
