4864 7070
1133 559 1626 678 ..w-⁸

374 803 657 885 descendendum
682 801 765 882 mihi
789 803 865 902 fuit,
889 827 960 882 nun
985 827 1053 905 quo
1077 805 1122 884 ab
1145 804 1268 882 inseris
1293 810 1447 882 mortuos
1463 806 1648 886 arbitrarer
1671 831 1694 882 a
1715 829 1771 884 me
1790 829 1901 911 posse
1920 808 2080 902 excitari,
2105 833 2239 903 venum,

374 951 414 1018 ut
444 942 573 1018 misera
602 939 820 1040 disiectaque
852 940 1054 1043 optimonnm
1095 941 1300 1044 scriptorum
1330 942 1481 1018 membra
1517 941 1555 1016 in
1585 967 1688 1018 unum
1727 965 1856 1044 corpus
1891 943 2158 1044 coniungerent,
2190 955 2238 1039 et,

201 1148 206 1158 .
275 1161 286 1182 ,
374 1075 469 1176 quud
494 1077 571 1154 eius
595 1077 672 1153 fieri
696 1085 837 1179 posset,
871 1077 993 1153 critica
1025 1083 1101 1154 arte
1125 1085 1229 1176 atque
1253 1073 1440 1178 disciplina
1464 1075 1635 1179 perpolita
1659 1077 1828 1179 pristinae
1858 1083 1896 1153 et
1920 1078 2060 1153 sanimti
2085 1088 2122 1156 et
2146 1079 2239 1158 inte-

375 1212 497 1312 gritati
521 1211 752 1290 restituerena
801 1211 857 1286 Ita
882 1209 970 1286 exiit
993 1210 1045 1305 is,
1072 1235 1173 1311 quern
1196 1209 1283 1287 iuris
1307 1211 1437 1313 publici
1461 1211 1626 1304 facimus,
1658 1209 1747 1288 liber
1770 1211 2035 1288 Iustinianarum
2060 1214 2239 1292 Novella-

375 1373 450 1422 rum
475 1345 590 1424 denuo
615 1343 825 1423 edendarum
851 1345 950 1452 qnasi
976 1344 1113 1444 qnidam
1137 1347 1346 1448 praecursor
1370 1353 1408 1422 et
1431 1346 1646 1439 emissarius,
1671 1344 1731 1444 qui
1756 1345 1910 1440 etmihi,
1939 1345 2019 1422 dunr
2045 1349 2118 1425 ctio
2142 1350 2238 1427 sruc-

377 1483 449 1575 bar,
473 1480 511 1556 in
535 1479 675 1558 deliciis
699 1481 782 1574 fuit,
832 1488 869 1556 et
892 1479 938 1554 iis
945 1535 956 1572 ,
1008 1480 1066 1578 qui
1090 1479 1273 1556 Iustiniani
1302 1479 1473 1556 Novellis
1504 1479 1720 1556 illustrandis
1751 1490 1873 1557 arteve
1904 1481 2027 1558 critica
2050 1494 2095 1560 'et
2128 1483 2238 1561 disci-

374 1615 470 1718 plr'na
493 1614 730 1718 perpoliendis
755 1638 894 1718 operam
919 1621 1000 1690 sunt
1023 1615 1061 1690 in
1084 1625 1260 1718 posterum
1285 1613 1414 1708 daturi,
1453 1639 1613 1714 magnum
1645 1613 1691 1690 ad
1721 1638 1798 1692 eam
1830 1641 1903 1692 rem
1927 1615 2157 1696 adiumentum
2183 1628 2240 1696 est

375 1749 552 1825 allatums.
604 1749 689 1826 Etsi
712 1749 803 1827 enim
825 1773 896 1825 nou
927 1749 961 1824 is
993 1773 1087 1842 sum,
1121 1749 1197 1848 qui,
1237 1749 1440 1849 quaemihi
1472 1749 1737 1826 adolescentula
1768 1748 1950 1849 eidemque
1980 1772 2094 1853 paene
2126 1753 2238 1830 invito

252 1960 257 1969 ,
376 1882 476 1960 rudia
500 1883 741 1984 inchoataquc,
766 1882 983 1962 hortantibus
1007 1884 1140 1978 amicis,
1166 1883 1373 1962 excidcnnnt
1397 1861 1528 1978 amen,
1553 1907 1618 1987 pro
1642 1884 1812 1987 perfectis
1837 1887 2061 1986 omnibusque
2085 1888 2238 1966 numeris

377 2019 547 2096 absolutis
571 2017 754 2096 venditare
778 2019 906 2094 ausim:
930 2043 1000 2096 ncn
1024 2027 1139 2098 tamen
1165 2017 1304 2095 sturltunu
1330 2043 1474 2122 prorsus
1499 2019 1705 2118 inanemque
1729 2020 1880 2098 laborem
1901 2045 2008 2123 spero
2028 2047 2050 2096 a
2073 2046 2129 2098 me
2153 2046 2238 2099 esse

377 2161 604 2256 suscepttnu.'
621 2152 767 2232 Censeo
792 2153 883 2229 enim
908 2163 945 2230 et
968 2153 1049 2229 illos
1074 2152 1121 2230 de
1145 2153 1273 2229 litteris
1297 2155 1387 2254 liene
1411 2151 1611 2255 promereri,
1639 2153 1697 2252 qui
1722 2153 1799 2247 iter,
1825 2177 1893 2252 quo
1917 2155 1978 2231 alii
2001 2154 2048 2231 ad
2073 2181 2238 2232 summunt

377 2289 557 2389 fastigium
582 2287 778 2365 escendere
802 2297 939 2386 queant,
964 2287 1065 2387 quasi
1089 2289 1240 2365 muntiant
1265 2297 1302 2366 et
1325 2287 1415 2364 alius
1441 2287 1615 2382 excitent,
1650 2289 1707 2386 qui
1732 2287 1768 2366 in
1793 2287 1918 2365 eodem
1951 2289 2067 2366 studio
2101 2292 2239 2368 enitan-

376 2433 442 2499 tur.
493 2425 536 2500 ln
561 2448 628 2524 qun
654 2423 687 2499 si
712 2421 795 2522 quid
819 2449 841 2498 a
864 2448 919 2500 rue
945 2431 1093 2500 erratum
1117 2423 1174 2517 sil,
1201 2421 1363 2522 quodne
1388 2445 1497 2525 saepe
1521 2423 1728 2530 inultumque
1752 2422 1880 2500 facturn
1905 2425 1962 2517 sit,
1989 2423 2083 2501 haud
2108 2436 2238 2504 temere

379 2582 522 2652 vereor,
554 2559 612 2657 qui
644 2582 700 2635 me
730 2567 768 2636 et
798 2556 976 2635 doctiores
1007 2567 1088 2633 sunt
1119 2565 1156 2633 ct
1185 2556 1410 2656 sagaciores,
1451 2556 1603 2656 benigna
1629 2557 1786 2634 eratione
1818 2558 2047 2637 emendabunt
2071 2571 2121 2655 et,
2147 2586 2236 2660 quae

379 2693 491 2770 minus
515 2701 613 2771 recte
637 2691 731 2770 dicta
755 2691 972 2786 videbuntur,
997 2691 1146 2768 humane
1178 2691 1400 2792 castigabunt
1430 2690 1622 2768 secundum
1646 2691 1844 2768 Ennianum
1868 2692 1954 2770 illud

880 2867 992 2944 Home,
1012 2868 1064 2942 qua·
1084 2867 1199 2925 manta·
1219 2867 1341 2926 condter
1361 2866 1619 2943 manuducatum,

883 2985 977 3056 Quasi
997 2986 1098 3042 lumea
1118 2986 1156 3042 de
1175 2999 1231 3042 auo
1251 2985 1364 3042 tamine
1383 2985 1540 3060 accendat,
1560 2979 1656 3055 tacit.-

880 3104 1080 3163 nudantem
1098 3103 1159 3178 ipat
1179 3104 1290 3181 luceat,
1310 3117 1379 3162 mn
1400 3103 1444 3161 illi
1463 3101 1642 3161 “candent

528 3287 610 3362 Dat
636 3286 781 3390 Lipsiae
806 3283 886 3365 cal.
911 3285 1095 3366 Deoenbr.
1121 3285 1201 3361 anni
1226 3312 1260 3390 p.
1287 3283 1374 3364 Chr.
1400 3311 1434 3361 n.
1460 3281 1845 3365 MDCCCXXXVH.
