4802 7060
957 499 1197 589 curun
1260 514 1324 584 vt
1992 533 2074 584 mn

187 710 404 779 duodecimum
425 707 630 794 conserimus
652 723 729 774 esse
751 703 899 796 videtur,
923 705 985 773 lroc
1007 707 1091 774 enim
1112 703 1244 774 sacculo
1266 705 1308 774 od
1327 721 1446 774 consus
1467 698 1659 774 iudicandas
1680 719 1701 768 a
1721 703 1883 772 iudicibus
1888 751 1903 792 ,
1924 705 1979 791 qui
2007 725 2069 792 pur

186 799 346 899 imperium
369 809 537 878 Orientale
559 809 697 894 luerunt,
719 807 891 874 Iustiniani
914 807 993 874 iuris
1014 808 1177 874 volumina
1198 807 1344 874 adbibita
1364 825 1430 874 nou
1451 812 1538 893 sunt,
1559 823 1620 871 nec
1641 824 1701 891 pro
1724 805 1876 872 tribunali
1898 807 2068 893 quicquam

187 913 335 1000 auditum,
355 913 419 978 nisi
439 911 651 976 Basilicarum
669 927 800 974 nomen.
844 908 963 994 Neque
985 907 1128 976 codicum
1152 909 1444 995 manuscriptorum
1463 912 1559 974 aetas
1586 904 1660 971 bnic
1683 907 1871 974 sententiae
1894 913 2066 994 repugnat,

186 1034 253 1080 cnm
275 1010 389 1079 Codex
412 1011 559 1078 Venetus
581 1027 712 1077 numero
737 1007 827 1074 171.
850 1009 1001 1094 signatus
1023 1008 1139 1077 decimi
1160 1012 1251 1077 tertii
1271 1010 1317 1076 sit
1338 1009 1474 1076 sacculi.
1533 1006 1685 1094 Denique
1714 1025 1799 1094 qruue
1822 1013 1876 1072 cst
1897 1008 2001 1074 nostri
2023 1008 2066 1074 li·

187 1117 232 1182 iri
254 1115 286 1179 in
308 1112 683 1200 exemplaril’arisiensi
705 1128 776 1176 cum
789 1107 938 1197 Synopsi
961 1111 1173 1178 Basilicarum
1194 1111 1390 1196 coniunctio,
1411 1127 1485 1176 cum
1507 1110 1630 1176 meruti
1651 1106 1769 1176 decimi
1792 1109 1880 1174 tertii
1900 1109 1992 1176 initio
2014 1110 2067 1178 in·

187 1229 237 1284 cta
258 1217 370 1304 sitm),
398 1233 469 1280 cum
490 1213 563 1302 bac,
584 1231 679 1298 quam
701 1233 801 1298 snpra
822 1212 925 1298 posui,
946 1213 1132 1280 conumnra
1153 1214 1238 1280 omni
1260 1233 1303 1280 ex
1327 1217 1420 1299 parte
1439 1213 1608 1278 convenit.

336 1317 447 1402 Atque
468 1320 613 1380 nostrum
635 1313 828 1398 scriptorem
850 1316 933 1378 satis
956 1314 1116 1380 eruditum
1137 1315 1281 1402 iurisque
1302 1312 1531 1398 peritissimum
1554 1313 1668 1397 inisse,
1693 1318 1731 1378 et
1759 1311 1801 1379 de
1828 1331 1958 1378 suorum
1979 1317 2065 1378 tem·

186 1437 293 1504 parurn
315 1415 545 1482 iureconsultis
567 1415 760 1500 conquestio
782 1423 818 1479 et
838 1414 912 1499 ipsa
933 1415 1005 1479 libri
1027 1415 1156 1482 indoles
1178 1423 1467 1501 argumentumque
1490 1413 1574 1479 satis
1596 1411 1746 1499 produnt.
1775 1413 1888 1500 Usque
1910 1411 2004 1491 adeo,
2027 1421 2063 1478 ut

186 1521 217 1586 in
237 1517 374 1602 singulis
396 1515 610 1582 Basilicarum
632 1515 823 1599 fragmentis
845 1513 1033 1598 explicandi
1056 1515 1263 1596 historicam,
1287 1537 1381 1603 quam
1404 1515 1533 1602 dicant,
1563 1512 1803 1600 interpretandi
1825 1515 1983 1582 rationem
2004 1533 2064 1582 se-

186 1626 277 1688 cutus
297 1635 377 1686 esse
398 1617 592 1703 reperiatur,
613 1633 698 1702 quae
719 1633 775 1680 res
797 1615 830 1680 in
853 1615 1013 1685 bominem
1035 1617 1199 1685 indoctum
1220 1620 1347 1686 omniuo
1369 1637 1434 1684 non
1457 1613 1555 1681 cadit.

335 1718 389 1786 Ile
418 1718 497 1784 latis
524 1715 727 1802 historiaque
749 1718 855 1782 nostri
877 1717 952 1783 iibri
979 1738 1044 1785 non
1072 1718 1243 1785 admodum
1271 1719 1372 1786 multa
1400 1723 1581 1784 occurrunt.
1631 1717 1670 1782 ln
1694 1717 1917 1784 vetustissimo
1940 1717 2065 1784 Codice

188 1822 315 1888 Veneto
329 1839 400 1887 curn
421 1817 569 1905 Synopsi
580 1815 792 1886 Basilicarum
814 1818 1005 1884 coniunctus
1027 1827 1081 1885 est
1099 1821 1357 1907 appendiciaque
1378 1825 1505 1906 partem
1527 1817 1675 1900 facitu).
1700 1817 1792 1900 Quae
1808 1818 1974 1906 appendix
1996 1838 2067 1886 crnn

187 1922 317 1990 saeculo
339 1920 465 1986 decimo
488 1921 690 1996 cacumen)
712 1919 886 2004 compilata
907 1919 963 2000 sit,
986 1927 1133 1987 nostrum
1156 1921 1269 1988 librum
1292 1919 1397 2006 paullo
1419 1925 1496 2006 post
1517 1919 1591 1986 huic
1619 1920 1725 2004 legum
1754 1921 1882 2006 corpori
1903 1920 2064 1986 adiectum

186 2043 261 2092 esse
284 2040 415 2090 censeo.
442 2057 479 2068 -
501 2019 539 2085 ln
564 2017 686 2085 Codice
708 2017 891 2086 Parisiensi
914 2021 1051 2088 eandem
1073 2023 1178 2090 nostri
1199 2021 1343 2108 opusculi
1365 2041 1436 2086 cum
1459 2019 1605 2106 Synopsi
1625 2021 1836 2088 Basilicarum
1860 2023 2065 2088 coniunctio-

186 2145 258 2192 nem
280 2121 443 2190 accidisse
474 2120 652 2201 cernimus,
682 2118 743 2186 sed
772 2119 835 2186 alio
858 2120 963 2186 modo.
1006 2121 1142 2190 Etenim
1162 2123 1225 2190 boc
1247 2121 1319 2189 loco
1341 2123 1429 2188 inter
1450 2119 1646 2209 Synupseos
1667 2121 1800 2208 glossas
1822 2129 1990 2208 receptum
2011 2131 2065 2190 est

183 2230 352 2306 unumst),
374 2244 469 2312 quam
490 2241 559 2288 rem
581 2227 616 2288 et
636 2221 896 2308 antiquissimum
917 2223 1012 2288 buius
1034 2225 1232 2311 exemplaris
1261 2223 1440 2310 scholium,
1470 2222 1555 2310 quod
1585 2243 1660 2311 pag.
1684 2221 1775 2289 24⁷.
1797 2231 1866 2289 not.
1894 2221 1955 2290 12.
1979 2223 2065 2290 mule

184 2329 300 2396 Codici
320 2325 520 2393 Bononiensi
542 2323 754 2412 attribuimus,
776 2322 947 2390 confirmat
968 2323 1020 2391 bis
1042 2326 1175 2393 vertier
1207 2315 1303 2401 οὗτος
1323 2321 1370 2400 εἷς
1389 2331 1458 2391 ἐστι
1479 2322 1577 2406 λόγος
1598 2331 1632 2390 ὲν
1653 2325 1728 2390 elder
1749 2327 1893 2403 σχολιόνν
1913 2325 2066 2390 ἐνταῦθα

184 2432 296 2505 τεθεὶς
316 2436 352 2494 ἐν
371 2431 418 2512 τῷ
439 2428 536 2494 παντὶ
556 2421 609 2498 ις’.
631 2447 706 2514 serp.
727 2427 784 2489 reni
805 2421 1007 2490 ἀκολουθῶν
1030 2439 1099 2503 τοῖς
1121 2433 1391 2512 προτεταγμένοις
1419 2431 1570 2506 σημείοις.
1607 2423 1805 2509 ἀναγνώσεις
1835 2429 1951 2492 τοῦτον
1977 2423 2066 2492 κατὰ

183 2537 361 2610 συνέχειαν.
393 2529 549 2595 Hocest:
571 2525 666 2592 dirce
686 2543 777 2590 wana
798 2528 849 2591 ert
870 2525 1009 2614 libellus,
1032 2530 1092 2614 qui
1111 2527 1149 2593 ito
1168 2527 1302 2593 οιοάινιι
1321 2527 1525 2594 νο1ο11ονιοιι
1546 2528 1594 2591 cd
1612 2529 1716 2614 caput
1738 2523 1802 2593 16.
1826 2523 1980 2618 (litterae
2000 2520 2065 2616 ν’.)

184 2631 381 2718 Spaopreos
406 2629 559 2696 odiantur
579 2629 631 2694 cst
651 2627 847 2713 litteraeque
873 2631 1089 2713 praeponitur
1115 2629 1278 2715 sequntur.
1330 2626 1423 2714 Leuc
1449 2629 1552 2714 uptun·
1580 2631 1682 2694 totana
1710 2627 1856 2695 libellacu
1883 2627 2066 2694 sumundum

182 2735 372 2800 litterarum
393 2731 673 2817 consequentium.
717 2727 860 2810 Σημεῖα,
885 2736 920 2795 ut
941 2729 1180 2796 Zachariam
1200 2729 1381 2812 adnotavit,
1405 2739 1482 2796 snut
1502 2736 1602 2797 notae
1623 2728 1665 2796 ν’.
1687 2729 1734 2814 β’.
1758 2737 1793 2796 et
1814 2735 1898 2796 caet.
1922 2731 1955 2794 iu
1976 2747 2067 2796 mar·

181 2835 258 2918 gine
281 2832 414 2900 Codicis
437 2831 638 2899 l'arisiensis
660 2828 859 2916 adscriptae.
903 2831 1018 2916 ltaque
1036 2830 1156 2896 scholii
1178 2831 1320 2917 scriptor
1341 2835 1377 2897 et
1399 2837 1500 2897 toturn
1521 2831 1607 2898 bunc
1635 2831 1791 2912 libellum,
1820 2839 1916 2918 prout
1943 2850 2066 2898 secun-

181 2935 258 3000 dum
281 2934 462 3000 litterarum
483 2931 747 3017 consequentiam
771 2933 973 3018 perscriptus
994 2939 1058 3020 est,
1080 2952 1174 2998 unum
1196 2931 1397 3020 eundemque
1419 2932 1648 2999 cohaerentem
1670 2939 1843 2999 tractatum
1864 2951 1944 2999 esse
1966 2939 2001 2998 et
2014 2950 2066 3019 eo,

182 3055 247 3122 quo
268 3055 368 3122 supra
390 3033 539 3114 diximus,
561 3032 656 3098 modo
678 3031 719 3098 ad
733 3031 948 3098 Basilicarum
965 3033 1133 3119 Syuopsin
1154 3033 1270 3099 scholii
1293 3034 1362 3100 loco
1384 3033 1547 3100 adiectum
1567 3040 1682 3099 auctor
1702 3041 1765 3102 est.
1802 3035 1841 3099 ln
1864 3033 1926 3100 hoc
1948 3053 2063 3100 exem-

183 3136 268 3224 plari
282 3142 318 3202 et
337 3136 476 3222 capitum
493 3135 616 3200 numeri
637 3129 679 3198 α’.
691 3129 741 3217 β’.
756 3130 795 3215 γ’.
811 3140 846 3199 et
858 3133 974 3220 reliqui
989 3135 1022 3199 in
1037 3135 1183 3222 margine
1198 3133 1301 3202 additi
1317 3155 1397 3202 esse
1414 3135 1629 3222 reperiuntur,
1651 3155 1747 3222 quam
1769 3154 1830 3218 ego
1852 3134 2065 3222 capitulorum

181 3237 432 3318 distinctionem,
447 3237 512 3302 etsi
519 3232 649 3300 Codicis
657 3234 874 3300 Bononiensis
884 3237 1080 3302 auctoritate
1090 3256 1154 3301 non
1165 3235 1379 3317 confirmetur,
1389 3241 1498 3303 tamen
1512 3236 1770 3303 conservandam
1784 3234 1872 3324 duxi,
1883 3245 1919 3302 ut
1930 3237 2065 3304 lectoris

180 3338 350 3406 commodo
370 3335 490 3424 aliquid
512 3335 655 3402 tribucre
669 3335 810 3401 viderer.
841 3335 938 3401 lianc
959 3341 1079 3422 autern,
1102 3356 1196 3422 quam
1209 3333 1286 3418 dixi,
1309 3339 1415 3402 nostri
1428 3336 1499 3402 libri
1516 3337 1602 3402 inter
1618 3336 1744 3404 scholia
1760 3335 1954 3424 Synopseos
1968 3355 2065 3404 reco-

178 3441 325 3528 ptionem
348 3439 441 3505 initio
468 3437 591 3504 saeculi
619 3433 736 3502 decimi
768 3435 857 3501 tertii
885 3437 1002 3503 motam
1026 3456 1115 3518 esse,
1138 3445 1203 3502 tam
1227 3437 1389 3505 Novellae
1417 3440 1645 3525 imperatorum
1676 3435 1873 3505 Graecorum
1903 3439 2065 3512 adiectae,

179 3562 276 3628 quam
291 3538 496 3608 Balsamouis
517 3539 647 3626 mentio,
668 3556 752 3624 quae
773 3537 805 3602 in
829 3537 963 3603 scholiis
979 3537 1174 3624 synopseos
1196 3539 1343 3628 babetur,
1364 3541 1451 3608 satis
1473 3537 1652 3606 ostendunt
1665 3543 1722 3620 ¹⁴).
1742 3578 1776 3588 —
1803 3539 1841 3606 ln
1863 3541 2065 3606 Bononiensi

179 3645 306 3710 Codice
328 3643 391 3724 hic,
416 3662 478 3728 quo
500 3639 542 3706 de
564 3639 686 3724 agitur,
707 3637 790 3705 liber
811 3635 963 3704 Novellis
994 3638 1167 3706 lastiniani
1189 3641 1472 3708 constitutionibus
1500 3639 1694 3728 appendicis
1722 3641 1794 3706 loco
1822 3641 1970 3707 adiectus
1998 3648 2062 3722 est,

178 3763 267 3833 quae
290 3743 417 3830 quidem
440 3741 580 3808 adiectio
603 3741 716 3828 quibus
739 3739 937 3828 temporibus
959 3741 1048 3806 sacta
1069 3741 1124 3830 sit,
1157 3761 1201 3807 ex
1223 3741 1357 3828 reliquis
1379 3743 1474 3808 buius
1495 3741 1688 3828 appendicis
1710 3743 1878 3828 particulis
1905 3760 1975 3807 cum
1997 3740 2065 3808 ali-

176 3865 247 3934 qua
268 3845 341 3912 veri
362 3844 475 3932 specie
503 3843 665 3908 conticere
696 3841 816 3907 licebit.
869 3839 981 3906 Habet
1009 3843 1095 3907 enim
1122 3841 1295 3909 llicbaiilis
1318 3842 1433 3911 Durae
1462 3847 1497 3908 et
1531 3841 1640 3908 Alexii
1663 3838 1820 3928 Comneni
1842 3843 2064 3930 Novetlssw)

174 3945 442 4025 constitutiones,
465 3963 549 4030 qnae
571 3949 647 4032 post
668 3943 780 4008 horum
801 3941 1030 4028 imperatorum
1052 3949 1200 4031 tempora
1222 3945 1306 4011 hanc
1327 3963 1395 4011 rem
1416 3943 1580 4010 accidisse
1608 3946 1692 4010 satis
1713 3944 1894 4030 loquuntur.

335 4044 424 4110 luter
446 4045 660 4110 recentiorum
681 4049 860 4128 temporum
882 4043 1121 4112 iureconsultus
1142 4046 1184 4113 ds
1204 4053 1318 4112 nostro
1339 4046 1447 4112 libello
1462 4043 1810 4129 Autoutcnupuutno
1832 4047 1991 4132 constitit,
2014 4045 2064 4112 is-

175 4161 248 4231 que
269 4143 321 4208 vir
342 4142 550 4210 doctissimus
572 4145 643 4212 cius
664 4145 711 4210 rei
733 4143 907 4210 editionem
928 4145 1132 4231 patavien),
1154 4145 1215 4212 sed
1238 4147 1417 4228 consilium,
1440 4147 1552 4212 nescio
1576 4165 1637 4232 quo
1667 4165 1745 4211 casu
1776 4145 1969 4234 impeditus,
1999 4167 2065 4216 non

174 4252 239 4313 est
261 4247 440 4311 exsecutus
463 4265 564 4312 suum.
610 4243 673 4327 Qut
694 4241 812 4310 deinde
838 4245 1047 4314 Bononieuse
1076 4247 1246 4333 exemplar
1267 4253 1512 4334 tractaverunt,
1540 4253 1684 4312 nostrum
1710 4247 1850 4314 libellum
1872 4249 1969 4334 plane
1998 4268 2062 4316 ue·

174 4345 359 4432 glexerunt
371 4349 429 4427 ¹⁷).
472 4343 558 4434 ngr,
579 4366 649 4414 cum
669 4347 701 4411 in
730 4345 828 4410 ltalia
849 4365 971 4435 essem,
993 4347 1078 4414 bunc
1100 4349 1247 4415 codicem
1269 4349 1521 4436 manuscriptum
1550 4349 1691 4414 tractavi
1712 4349 1798 4414 iuter
1819 4349 1956 4435 aliaque,
1977 4367 2061 4435 quac

174 4466 220 4514 eo
243 4445 569 4533 comprehenduntur,
593 4446 745 4534 opuscula
767 4447 862 4514 etiam
885 4449 988 4514 nostri
1011 4449 1084 4515 libri
1103 4451 1298 4515 mentionem
1322 4450 1455 4530 lecim).
1498 4448 1619 4516 lisdem
1641 4450 1711 4516 iere
1745 4451 1941 4536 temporibus
1961 4433 2060 4516 etiam

184 4547 384 4629 Wtrcrruw)
412 4547 474 4614 boc
489 4549 675 4635 opusculum
699 4549 731 4614 iu
747 4548 870 4616 Codice
886 4549 1014 4616 Veneto
1037 4571 1057 4616 a
1079 4569 1118 4616 se
1139 4560 1304 4636 repertum
1331 4569 1409 4616 esse
1430 4551 1605 4617 memoriae
1632 4549 1782 4638 prodidit.
1827 4551 1865 4616 lu
1891 4547 2062 4616 Tlreodcri

175 4648 411 4738 Sprrrbaliiqne
425 4648 467 4715 de
480 4649 651 4716 lastiniani
671 4651 703 4714 N
705 4649 823 4716 evellis
838 4652 1139 4717 commentariorum
1156 4650 1347 4734 fragmentis
1365 4651 1560 4736 colligendis
1573 4653 1631 4718 tali
1645 4659 1800 4740 tantoque
1812 4651 1932 4717 auxilio
1948 4669 2061 4718 carcre

176 4751 281 4832 nolui,
304 4751 413 4838 itaque
435 4750 507 4837 plus
529 4752 630 4818 semel
652 4752 694 4818 ad
716 4752 811 4818 huius
832 4750 906 4818 libri
928 4753 1158 4821 anctoritatem
1178 4751 1441 4819 descendendum
1463 4753 1647 4840 putavi20).
1691 4753 1853 4840 Denique,
1875 4752 1929 4838 qui
1951 4751 2061 4820 ultimo

332 5007 378 5067 111)
395 5008 465 5058 Vide
483 5011 650 5060 Zaclrurloci
666 5010 781 5060 librum:
799 5006 830 5058 αἱ
846 5007 928 5078 ῥοπαὶ
944 5022 970 5072 p.
988 5009 1032 5059 11.
1100 5009 1147 5070 11)
1163 5009 1234 5060 Vide
1255 5008 1383 5060 thtaum
1407 5011 1426 5060 l.
1444 5011 1464 5060 l.
1483 5012 1546 5060 tom.
1565 5008 1638 5060 Vlll.
1656 5023 1682 5070 p.
1700 5007 1856 5058 uec-trs.
1925 5009 1972 5068 12)
1989 5009 2059 5062 vide

169 5093 311 5143 Wittlura
327 5093 346 5141 l.
365 5093 383 5141 l.
402 5095 466 5141 tom.
484 5093 558 5143 vlll.
577 5108 603 5156 p.
622 5093 680 5144 177.
699 5099 728 5143 et
745 5093 804 5142 178.
848 5091 894 5150 111)
911 5091 982 5140 Vide
999 5093 1202 5144 zactortacum
1215 5095 1242 5142 tu
1261 5094 1347 5144 libro:
1365 5091 1395 5144 oi
1411 5093 1492 5165 ῥοπαὶ
1508 5109 1534 5157 p.
1552 5094 1594 5141 118.
1632 5091 1677 5150 11)
1695 5091 1765 5142 Vide
1783 5091 1986 5146 Zoster-ineam
2001 5097 2021 5144 1.
2039 5096 2059 5148 1.

161 5189 197 5238 p.
221 5175 345 5224 se-co.
416 5175 463 5232 lt)
480 5175 559 5238 Vide,
582 5189 650 5240 quaa
672 5177 728 5224 dlxi
745 5177 763 5224 1.
782 5177 802 5225 1.
820 5177 884 5224 tom.
902 5173 976 5224 vill.
994 5189 1020 5237 p.
1042 5175 1197 5226 9110-θῆ
1267 5178 1314 5238 16)
1331 5179 1361 5229 ln
1380 5181 1494 5242 eptstola
1511 5178 1544 5228 ad
1562 5175 1729 5226 Mradozom
1747 5175 1869 5224 deauco
1886 5175 1966 5228 1544.
1985 5184 2059 5243 (opp.

157 5259 273 5308 Lucae
290 5257 381 5318 1772.)
400 5261 463 5308 tom.
481 5259 541 5309 1111.
558 5273 584 5322 p.
602 5260 677 5308 stin:
696 5258 784 5324 Atque
801 5259 883 5308 etium
901 5259 930 5306 ta
946 5257 1110 5309 Floreattuo
1127 5261 1309 5314 tacuellarum
1327 5261 1425 5314 Codice
1441 5263 1575 5327 quattowr
1592 5256 1726 5309 Nouercae
1748 5261 1826 5310 brtra
1845 5261 1894 5313 lucc
1911 5265 2058 5316 triennium

154 5356 233 5394 essu
250 5343 379 5394 subtutus
396 5343 505 5405 admon,
521 5355 592 5407 quaa
607 5355 657 5392 aaa
674 5355 716 5392 aa>
732 5344 809 5392 elur
826 5343 985 5404 cermalo
1002 5345 1139 5405 quondam
1156 5345 1355 5410 descripsimus.
1374 5345 1444 5396 ltrm
1461 5342 1626 5393 titusdlectt
1634 5341 1917 5412 Porplrtrupeanotoc,
1935 5347 2059 5400 Mtcboi‘-

146 5429 207 5478 Νι
219 5427 379 5478 stultorum
392 5428 577 5478 recentiorum
593 5427 792 5490 imperatorum
801 5423 944 5486 llbceltcr,
962 5439 1032 5490 quus
1050 5425 1165 5480 Halon
1175 5431 1263 5481 ndcr
1280 5431 1405 5482 actuum
1416 5442 1445 5478 ae
1457 5427 1508 5489 att,
1526 5425 1662 5490 inquibus
1678 5427 1772 5478 docti
1797 5430 1983 5483 cuiusdam
2006 5435 2058 5483 irt-

145 5511 352 5576 tcrpretts
367 5511 407 5560 dc
423 5509 749 5576 stilorumscartttoa
764 5509 919 5573 pecuum
935 5510 965 5558 ct
984 5510 1160 5578 testamentis,
1185 5517 1269 5580 atquc
1284 5513 1318 5565 de
1333 5510 1488 5577 perceptu
1504 5511 1673 5562 credttwwa
1689 5514 1725 5578 et,
1742 5513 1789 5576 qut
1804 5516 1924 5577 potiores
1940 5517 2058 5568 totena-

153 5598 229 5658 tur,
249 5591 327 5644 etde
342 5595 561 5660 praeempttonc
577 5605 727 5644 sacrorum
745 5593 862 5656 aedium,
879 5605 968 5659 quac
984 5594 1178 5660 aliquando
1194 5601 1229 5648 tro
1245 5597 1377 5660 culpus
1394 5595 1538 5646 edemus.
1650 5593 1697 5655 17)
1722 5595 1794 5648 Vide
1810 5596 1921 5650 Bteaerr'
1942 5601 2056 5653 librum:

158 5679 222 5731 Dte
242 5678 404 5730 osennae
421 5679 472 5730 der
489 5677 622 5728 Nouellum
639 5691 665 5742 p.
684 5677 840 5729 ocu-ott.
946 5679 992 5736 18)
1011 5679 1098 5746 Vide,
1116 5693 1184 5747 quse
1202 5681 1259 5734 dlxi
1274 5681 1294 5730 l.
1311 5680 1331 5730 1.
1349 5683 1413 5729 tom.
1431 5679 1505 5731 11111.
1527 5693 1554 5744 p.
1573 5677 1632 5729 88⁰.
1753 5681 1799 5742 19)
1822 5684 1839 5734 l.
1863 5684 1882 5734 l.
1902 5691 1963 5737 tom.
1983 5689 2057 5739 wll.

156 5774 188 5821 ιν.
211 5763 280 5814 175.
350 5761 399 5823 10)
415 5762 486 5815 vido
501 5757 638 5814 Ἀνίιιδοτα
654 5763 719 5814 tom
735 5761 758 5812 1.
776 5777 801 5827 p.
819 5761 882 5814 1117.
900 5763 929 5813 ot
943 5760 1002 5814 281.
1034 5815 1037 5820 .

1316 5905 1333 5942 O
