<?xml version="1.0" encoding="UTF-8"?>
<!DOCTYPE html PUBLIC "-//W3C//DTD XHTML 1.0 Transitional//EN"
    "http://www.w3.org/TR/xhtml1/DTD/xhtml1-transitional.dtd">
<html xmlns="http://www.w3.org/1999/xhtml" xml:lang="en" lang="en">
 <head>
  <title>
</title>
<meta http-equiv="Content-Type" content="text/html;charset=utf-8" />
  <meta name='ocr-system' content='tesseract 3.04.00' />
  <meta name='ocr-capabilities' content='ocr_page ocr_carea ocr_par ocr_line ocrx_word'/>
</head>
<body>
  <div class='ocr_page' id='page_1' title='image "./anekdotaexcodic00theogoog/anekdotaexcodic00theogoog_0425.png"; bbox 0 0 4802 7060; ppageno 0'>
   <div class='ocr_carea' id='block_1_1' title="bbox 366 493 1575 583">
    <p class='ocr_par' dir='ltr' id='par_1_1' title="bbox 366 493 1575 583">
     <span class='ocr_line' id='line_1_1' title="bbox 366 493 1575 583; baseline -0.017 -2"><span class='ocrx_word' id='word_1_1' title='bbox 366 530 439 583; x_wconf 71' lang='lat' dir='ltr'>uu</span> <span class='ocrx_word' id='word_1_2' title='bbox 1006 493 1575 568; x_wconf 74' lang='lat' dir='ltr'>Peonecomena</span> 
     </span>
    </p>
   </div>
   <div class='ocr_carea' id='block_1_2' title="bbox 267 677 2242 2500">
    <p class='ocr_par' dir='ltr' id='par_1_2' title="bbox 267 677 2240 1688">
     <span class='ocr_line' id='line_1_2' title="bbox 365 677 2236 778; baseline -0.011 -10"><span class='ocrx_word' id='word_1_3' title='bbox 365 697 461 767; x_wconf 83' lang='lat' dir='ltr'>Haec</span> <span class='ocrx_word' id='word_1_4' title='bbox 481 695 537 761; x_wconf 84' lang='lat' dir='ltr'>lex</span> <span class='ocrx_word' id='word_1_5' title='bbox 558 691 591 759; x_wconf 93' lang='lat' dir='ltr'>in</span> <span class='ocrx_word' id='word_1_6' title='bbox 614 690 801 778; x_wconf 76' lang='lat' dir='ltr'>vulgaribus</span> <span class='ocrx_word' id='word_1_7' title='bbox 823 687 956 757; x_wconf 81' lang='lat' dir='ltr'>Codicis</span> <span class='ocrx_word' id='word_1_8' title='bbox 977 683 1174 755; x_wconf 79' lang='lat' dir='ltr'>editionibus</span> <span class='ocrx_word' id='word_1_9' title='bbox 1195 704 1265 752; x_wconf 90' lang='lat' dir='ltr'>cum</span> <span class='ocrx_word' id='word_1_10' title='bbox 1288 687 1386 766; x_wconf 88' lang='lat' dir='ltr'>hunc,</span> <span class='ocrx_word' id='word_1_11' title='bbox 1418 702 1513 771; x_wconf 89' lang='lat' dir='ltr'>quem</span> <span class='ocrx_word' id='word_1_12' title='bbox 1536 680 1730 762; x_wconf 89' lang='lat' dir='ltr'>notavimus,</span> <span class='ocrx_word' id='word_1_13' title='bbox 1762 681 1865 748; x_wconf 89' lang='lat' dir='ltr'>locum</span> <span class='ocrx_word' id='word_1_14' title='bbox 1889 685 2035 769; x_wconf 87' lang='lat' dir='ltr'>occupet,</span> <span class='ocrx_word' id='word_1_15' title='bbox 2066 677 2153 767; x_wconf 87' lang='lat' dir='ltr'>opud</span> <span class='ocrx_word' id='word_1_16' title='bbox 2174 679 2236 749; x_wconf 90' lang='lat' dir='ltr'>lla·</span> 
     </span>
     <span class='ocr_line' id='line_1_3' title="bbox 365 779 2234 880; baseline -0.011 -12"><span class='ocrx_word' id='word_1_17' title='bbox 365 797 537 868; x_wconf 87' lang='lat' dir='ltr'>leandrum</span> <span class='ocrx_word' id='word_1_18' title='bbox 558 797 669 859; x_wconf 86' lang='lat' dir='ltr'>tamen</span> <span class='ocrx_word' id='word_1_19' title='bbox 692 799 770 879; x_wconf 90' lang='lat' dir='ltr'>post</span> <span class='ocrx_word' id='word_1_20' title='bbox 791 793 935 880; x_wconf 87' lang='lat' dir='ltr'>quintam</span> <span class='ocrx_word' id='word_1_21' title='bbox 957 789 1052 855; x_wconf 91' lang='lat' dir='ltr'>huius</span> <span class='ocrx_word' id='word_1_22' title='bbox 1075 786 1159 852; x_wconf 88' lang='lat' dir='ltr'>tituli</span> <span class='ocrx_word' id='word_1_23' title='bbox 1180 789 1442 854; x_wconf 89' lang='lat' dir='ltr'>constitutionem</span> <span class='ocrx_word' id='word_1_24' title='bbox 1464 785 1659 870; x_wconf 87' lang='lat' dir='ltr'>interposita</span> <span class='ocrx_word' id='word_1_25' title='bbox 1682 789 1744 850; x_wconf 89' lang='lat' dir='ltr'>est.</span> <span class='ocrx_word' id='word_1_26' title='bbox 1789 789 1904 870; x_wconf 84' lang='lat' dir='ltr'>ltaque</span> <span class='ocrx_word' id='word_1_27' title='bbox 1925 783 2139 868; x_wconf 86' lang='lat' dir='ltr'>subscriptio:</span> <span class='ocrx_word' id='word_1_28' title='bbox 2172 779 2234 848; x_wconf 83' lang='grc' dir='ltr'><strong>ΡΡ.</strong></span> 
     </span>
     <span class='ocr_line' id='line_1_4' title="bbox 366 880 2235 974; baseline -0.01 -7"><span class='ocrx_word' id='word_1_29' title='bbox 366 899 447 970; x_wconf 81' lang='lat' dir='ltr'>Kol.</span> <span class='ocrx_word' id='word_1_30' title='bbox 470 892 651 964; x_wconf 81' lang='lat' dir='ltr'>Novembr.</span> <span class='ocrx_word' id='word_1_31' title='bbox 674 893 877 958; x_wconf 79' lang='lat' dir='ltr'>Alexandro</span> <span class='ocrx_word' id='word_1_32' title='bbox 898 890 940 958; x_wconf 80' lang='lat' dir='ltr'>A.</span> <span class='ocrx_word' id='word_1_33' title='bbox 964 907 1055 956; x_wconf 82' lang='lat' dir='ltr'>corta.</span> <span class='ocrx_word' id='word_1_34' title='bbox 1078 890 1142 954; x_wconf 87' lang='lat' dir='ltr'>iem</span> <span class='ocrx_word' id='word_1_35' title='bbox 1165 909 1228 956; x_wconf 90' lang='lat' dir='ltr'>non</span> <span class='ocrx_word' id='word_1_36' title='bbox 1250 887 1291 955; x_wconf 88' lang='lat' dir='ltr'>ad</span> <span class='ocrx_word' id='word_1_37' title='bbox 1313 906 1430 952; x_wconf 89' lang='lat' dir='ltr'>annum</span> <span class='ocrx_word' id='word_1_38' title='bbox 1453 880 1545 952; x_wconf 90' lang='grc'><strong>226.</strong></span> <span class='ocrx_word' id='word_1_39' title='bbox 1567 905 1600 971; x_wconf 91' lang='lat' dir='ltr'>p.</span> <span class='ocrx_word' id='word_1_40' title='bbox 1627 885 1704 951; x_wconf 87' lang='lat' dir='ltr'>Chr.</span> <span class='ocrx_word' id='word_1_41' title='bbox 1728 904 1774 974; x_wconf 86' lang='lat' dir='ltr'>n.,</span> <span class='ocrx_word' id='word_1_42' title='bbox 1800 904 1862 972; x_wconf 89' lang='lat' dir='ltr'>quo</span> <span class='ocrx_word' id='word_1_43' title='bbox 1884 883 2073 950; x_wconf 82' lang='lat' dir='ltr'><strong>Alexander</strong></span> <span class='ocrx_word' id='word_1_44' title='bbox 2095 882 2235 966; x_wconf 78' lang='lat' dir='ltr'>Aug-11.</span> 
     </span>
     <span class='ocr_line' id='line_1_5' title="bbox 368 985 2237 1080; baseline -0.011 -10"><span class='ocrx_word' id='word_1_45' title='bbox 368 1009 404 1071; x_wconf 87' lang='lat' dir='ltr'>ct</span> <span class='ocrx_word' id='word_1_46' title='bbox 426 1001 464 1066; x_wconf 83' lang='lat' dir='ltr'>C·</span> <span class='ocrx_word' id='word_1_47' title='bbox 486 995 663 1062; x_wconf 80' lang='lat' dir='ltr'>Marcellus</span> <span class='ocrx_word' id='word_1_48' title='bbox 685 992 906 1075; x_wconf 75' lang='lat' dir='ltr'>Quintilianus</span> <span class='ocrx_word' id='word_1_49' title='bbox 927 991 1082 1058; x_wconf 89' lang='lat' dir='ltr'>consules</span> <span class='ocrx_word' id='word_1_50' title='bbox 1104 990 1252 1080; x_wconf 83' lang='lat' dir='ltr'>luerunt,</span> <span class='ocrx_word' id='word_1_51' title='bbox 1285 1007 1398 1057; x_wconf 88' lang='lat' dir='ltr'>verum</span> <span class='ocrx_word' id='word_1_52' title='bbox 1421 986 1599 1053; x_wconf 85' lang='lat' dir='ltr'>secundum</span> <span class='ocrx_word' id='word_1_53' title='bbox 1620 987 1817 1072; x_wconf 84' lang='lat' dir='ltr'>singularum</span> <span class='ocrx_word' id='word_1_54' title='bbox 1839 985 2103 1052; x_wconf 82' lang='lat' dir='ltr'>constitutionum</span> <span class='ocrx_word' id='word_1_55' title='bbox 2125 1001 2237 1049; x_wconf 90' lang='lat' dir='ltr'>conse-</span> 
     </span>
     <span class='ocr_line' id='line_1_6' title="bbox 267 1085 2238 1190; baseline -0.009 -21"><span class='ocrx_word' id='word_1_56' title='bbox 267 1141 268 1145; x_wconf 60' lang='lat'><em>=</em></span> <span class='ocrx_word' id='word_1_57' title='bbox 367 1101 531 1190; x_wconf 88' lang='lat' dir='ltr'>quentiam</span> <span class='ocrx_word' id='word_1_58' title='bbox 554 1095 602 1172; x_wconf 81' lang='lat' dir='ltr'>ad¹</span> <span class='ocrx_word' id='word_1_59' title='bbox 618 1115 736 1162; x_wconf 89' lang='lat' dir='ltr'>annum</span> <span class='ocrx_word' id='word_1_60' title='bbox 759 1091 896 1179; x_wconf 68' lang='grc'><strong>2211)).</strong></span> <span class='ocrx_word' id='word_1_61' title='bbox 912 1089 988 1158; x_wconf 81' lang='lat' dir='ltr'>Chr.</span> <span class='ocrx_word' id='word_1_62' title='bbox 1005 1113 1036 1159; x_wconf 91' lang='lat' dir='ltr'>n.</span> <span class='ocrx_word' id='word_1_63' title='bbox 1054 1090 1229 1160; x_wconf 81' lang='lat' dir='ltr'>referenda</span> <span class='ocrx_word' id='word_1_64' title='bbox 1250 1091 1325 1174; x_wconf 89' lang='lat' dir='ltr'>erit,</span> <span class='ocrx_word' id='word_1_65' title='bbox 1353 1106 1447 1176; x_wconf 90' lang='lat' dir='ltr'>quam</span> <span class='ocrx_word' id='word_1_66' title='bbox 1469 1105 1538 1152; x_wconf 90' lang='lat' dir='ltr'>rem</span> <span class='ocrx_word' id='word_1_67' title='bbox 1547 1087 1854 1164; x_wconf 82' lang='lat' dir='ltr'>Summal&#39;erusino</span> <span class='ocrx_word' id='word_1_68' title='bbox 1871 1085 1954 1152; x_wconf 87' lang='lat' dir='ltr'>satis</span> <span class='ocrx_word' id='word_1_69' title='bbox 1968 1085 2154 1164; x_wconf 83' lang='lat' dir='ltr'>confirmat,</span> <span class='ocrx_word' id='word_1_70' title='bbox 2177 1102 2238 1152; x_wconf 90' lang='lat' dir='ltr'>cun</span> 
     </span>
     <span class='ocr_line' id='line_1_7' title="bbox 367 1186 2239 1281; baseline -0.01 -11"><span class='ocrx_word' id='word_1_71' title='bbox 367 1204 453 1270; x_wconf 88' lang='lat' dir='ltr'>hanc</span> <span class='ocrx_word' id='word_1_72' title='bbox 470 1197 733 1268; x_wconf 89' lang='lat' dir='ltr'>constitutionem</span> <span class='ocrx_word' id='word_1_73' title='bbox 755 1194 880 1280; x_wconf 88' lang='lat' dir='ltr'>eodem,</span> <span class='ocrx_word' id='word_1_74' title='bbox 902 1214 964 1281; x_wconf 95' lang='lat' dir='ltr'>quo</span> <span class='ocrx_word' id='word_1_75' title='bbox 986 1194 1191 1274; x_wconf 86' lang='lat' dir='ltr'>llcloander,</span> <span class='ocrx_word' id='word_1_76' title='bbox 1222 1193 1293 1259; x_wconf 90' lang='lat' dir='ltr'>loco</span> <span class='ocrx_word' id='word_1_77' title='bbox 1315 1190 1538 1269; x_wconf 64' lang='lat' dir='ltr'>exhibente).</span> <span class='ocrx_word' id='word_1_78' title='bbox 1583 1187 1675 1271; x_wconf 78' lang='lat' dir='ltr'>Quae</span> <span class='ocrx_word' id='word_1_79' title='bbox 1696 1206 1752 1253; x_wconf 91' lang='lat' dir='ltr'>res</span> <span class='ocrx_word' id='word_1_80' title='bbox 1773 1193 1808 1254; x_wconf 90' lang='lat' dir='ltr'>et</span> <span class='ocrx_word' id='word_1_81' title='bbox 1829 1187 1965 1254; x_wconf 89' lang='lat' dir='ltr'>aliarum</span> <span class='ocrx_word' id='word_1_82' title='bbox 1985 1186 2239 1254; x_wconf 76' lang='lat' dir='ltr'>constitutionum</span> 
     </span>
     <span class='ocr_line' id='line_1_8' title="bbox 367 1287 2239 1383; baseline -0.011 -10"><span class='ocrx_word' id='word_1_83' title='bbox 367 1303 562 1373; x_wconf 88' lang='lat' dir='ltr'>auctoritate</span> <span class='ocrx_word' id='word_1_84' title='bbox 590 1297 807 1364; x_wconf 82' lang='lat' dir='ltr'>confirmatur.</span> <span class='ocrx_word' id='word_1_85' title='bbox 844 1293 959 1361; x_wconf 87' lang='lat' dir='ltr'>Const.</span> <span class='ocrx_word' id='word_1_86' title='bbox 986 1296 1020 1362; x_wconf 91' lang='lat'>1.</span> <span class='ocrx_word' id='word_1_87' title='bbox 1044 1299 1084 1364; x_wconf 88' lang='lat' dir='ltr'>C.</span> <span class='ocrx_word' id='word_1_88' title='bbox 1098 1296 1157 1361; x_wconf 90' lang='lat' dir='ltr'>lX.</span> <span class='ocrx_word' id='word_1_89' title='bbox 1181 1293 1215 1360; x_wconf 93' lang='grc'><strong>2.</strong></span> <span class='ocrx_word' id='word_1_90' title='bbox 1238 1289 1303 1383; x_wconf 79' lang='lat' dir='ltr'>(de</span> <span class='ocrx_word' id='word_1_91' title='bbox 1324 1291 1587 1358; x_wconf 78' lang='lat' dir='ltr'>accusationibus</span> <span class='ocrx_word' id='word_1_92' title='bbox 1609 1298 1644 1357; x_wconf 88' lang='lat' dir='ltr'>et</span> <span class='ocrx_word' id='word_1_93' title='bbox 1664 1287 1963 1380; x_wconf 81' lang='lat' dir='ltr'>inscriptionibus).</span> <span class='ocrx_word' id='word_1_94' title='bbox 1992 1287 2239 1375; x_wconf 77' lang='lat' dir='ltr'>Imp-Alexan-</span> 
     </span>
     <span class='ocr_line' id='line_1_9' title="bbox 368 1385 2240 1482; baseline -0.01 -9"><span class='ocrx_word' id='word_1_95' title='bbox 368 1407 430 1473; x_wconf 85' lang='lat' dir='ltr'>der</span> <span class='ocrx_word' id='word_1_96' title='bbox 451 1403 493 1471; x_wconf 88' lang='grc' dir='ltr'><strong>Α.</strong></span> <span class='ocrx_word' id='word_1_97' title='bbox 514 1399 692 1468; x_wconf 83' lang='lat' dir='ltr'>Martiano</span> <span class='ocrx_word' id='word_1_98' title='bbox 713 1433 755 1446; x_wconf 94' lang='lat'>—</span> <span class='ocrx_word' id='word_1_99' title='bbox 778 1394 851 1462; x_wconf 85' lang='grc' dir='ltr'><strong>ΡΡ.</strong></span> <span class='ocrx_word' id='word_1_100' title='bbox 874 1394 944 1462; x_wconf 88' lang='grc'><strong>111.</strong></span> <span class='ocrx_word' id='word_1_101' title='bbox 966 1395 1047 1463; x_wconf 87' lang='lat' dir='ltr'>Kol.</span> <span class='ocrx_word' id='word_1_102' title='bbox 1070 1397 1156 1482; x_wconf 78' lang='lat' dir='ltr'>Auq.</span> <span class='ocrx_word' id='word_1_103' title='bbox 1180 1393 1384 1462; x_wconf 78' lang='lat' dir='ltr'>Alexandro</span> <span class='ocrx_word' id='word_1_104' title='bbox 1406 1411 1438 1458; x_wconf 85' lang='lat' dir='ltr'>o.</span> <span class='ocrx_word' id='word_1_105' title='bbox 1463 1409 1552 1482; x_wconf 73' lang='lat' dir='ltr'>poor.</span> <span class='ocrx_word' id='word_1_106' title='bbox 1597 1389 1711 1458; x_wconf 76' lang='lat' dir='ltr'>Const.</span> <span class='ocrx_word' id='word_1_107' title='bbox 1743 1391 1779 1458; x_wconf 87' lang='grc'><strong>2.</strong></span> <span class='ocrx_word' id='word_1_108' title='bbox 1810 1387 1846 1457; x_wconf 80' lang='lat' dir='ltr'>C.</span> <span class='ocrx_word' id='word_1_109' title='bbox 1874 1391 1950 1457; x_wconf 87' lang='lat' dir='ltr'>ibid.</span> <span class='ocrx_word' id='word_1_110' title='bbox 1975 1389 2068 1455; x_wconf 83' lang='lat' dir='ltr'>ldcm</span> <span class='ocrx_word' id='word_1_111' title='bbox 2089 1409 2121 1454; x_wconf 88' lang='lat' dir='ltr'>a.</span> <span class='ocrx_word' id='word_1_112' title='bbox 2146 1385 2240 1474; x_wconf 71' lang='lat' dir='ltr'>Syro.</span> 
     </span>
     <span class='ocr_line' id='line_1_10' title="bbox 368 1488 2240 1584; baseline -0.01 -12"><span class='ocrx_word' id='word_1_113' title='bbox 368 1545 412 1558; x_wconf 94' lang='lat'>—-</span> <span class='ocrx_word' id='word_1_114' title='bbox 432 1503 507 1572; x_wconf 89' lang='grc' dir='ltr'><strong>ΡΡ.</strong></span> <span class='ocrx_word' id='word_1_115' title='bbox 530 1499 593 1568; x_wconf 88' lang='grc' dir='ltr'>Χ1.</span> <span class='ocrx_word' id='word_1_116' title='bbox 608 1497 688 1565; x_wconf 84' lang='lat' dir='ltr'>Kal.</span> <span class='ocrx_word' id='word_1_117' title='bbox 710 1494 888 1564; x_wconf 86' lang='lat' dir='ltr'>Decembr.</span> <span class='ocrx_word' id='word_1_118' title='bbox 912 1495 1115 1563; x_wconf 79' lang='lat' dir='ltr'>Alexandro</span> <span class='ocrx_word' id='word_1_119' title='bbox 1137 1518 1170 1564; x_wconf 92' lang='lat' dir='ltr'>o.</span> <span class='ocrx_word' id='word_1_120' title='bbox 1199 1513 1289 1561; x_wconf 84' lang='lat' dir='ltr'>coras.</span> <span class='ocrx_word' id='word_1_121' title='bbox 1335 1497 1451 1562; x_wconf 80' lang='lat' dir='ltr'>eonst.</span> <span class='ocrx_word' id='word_1_122' title='bbox 1487 1493 1520 1558; x_wconf 89' lang='lat'>1.</span> <span class='ocrx_word' id='word_1_123' title='bbox 1551 1489 1588 1560; x_wconf 81' lang='lat' dir='ltr'>C.</span> <span class='ocrx_word' id='word_1_124' title='bbox 1610 1493 1667 1560; x_wconf 81' lang='lat' dir='ltr'>lx.</span> <span class='ocrx_word' id='word_1_125' title='bbox 1693 1491 1758 1560; x_wconf 82' lang='grc'>35.</span> <span class='ocrx_word' id='word_1_126' title='bbox 1787 1490 1852 1584; x_wconf 81' lang='lat' dir='ltr'>(de</span> <span class='ocrx_word' id='word_1_127' title='bbox 1879 1488 2029 1584; x_wconf 83' lang='lat' dir='ltr'>iniuriis)</span> <span class='ocrx_word' id='word_1_128' title='bbox 2051 1490 2137 1576; x_wconf 81' lang='lat' dir='ltr'>Imp.</span> <span class='ocrx_word' id='word_1_129' title='bbox 2166 1489 2240 1555; x_wconf 84' lang='lat' dir='ltr'>Alc·</span> 
     </span>
     <span class='ocr_line' id='line_1_11' title="bbox 368 1595 1614 1688; baseline -0.01 -13"><span class='ocrx_word' id='word_1_130' title='bbox 368 1607 507 1680; x_wconf 65' lang='lat' dir='ltr'>eander</span> <span class='ocrx_word' id='word_1_131' title='bbox 527 1623 557 1668; x_wconf 84' lang='lat' dir='ltr'>a.</span> <span class='ocrx_word' id='word_1_132' title='bbox 574 1599 677 1688; x_wconf 78' lang='lat' dir='ltr'>Syro.</span> <span class='ocrx_word' id='word_1_133' title='bbox 699 1635 742 1649; x_wconf 88' lang='grc'><strong>-</strong></span> <span class='ocrx_word' id='word_1_134' title='bbox 763 1597 836 1664; x_wconf 86' lang='grc' dir='ltr'><strong>ΡΡ.</strong></span> <span class='ocrx_word' id='word_1_135' title='bbox 858 1597 922 1662; x_wconf 90' lang='grc' dir='ltr'>Χ1.</span> <span class='ocrx_word' id='word_1_136' title='bbox 945 1597 1027 1663; x_wconf 85' lang='lat' dir='ltr'>Kal.</span> <span class='ocrx_word' id='word_1_137' title='bbox 1049 1595 1226 1664; x_wconf 87' lang='lat' dir='ltr'>Deccmbr.</span> <span class='ocrx_word' id='word_1_138' title='bbox 1241 1596 1444 1662; x_wconf 79' lang='lat' dir='ltr'>Alexandro</span> <span class='ocrx_word' id='word_1_139' title='bbox 1465 1615 1498 1660; x_wconf 85' lang='grc' dir='ltr'><strong>α.</strong></span> <span class='ocrx_word' id='word_1_140' title='bbox 1522 1613 1614 1662; x_wconf 81' lang='lat' dir='ltr'>corte.</span> 
     </span>
    </p>

    <p class='ocr_par' dir='ltr' id='par_1_3' title="bbox 368 1689 2242 2500">
     <span class='ocr_line' id='line_1_12' title="bbox 522 1689 2239 1789; baseline -0.008 -19"><span class='ocrx_word' id='word_1_141' title='bbox 522 1705 640 1789; x_wconf 85' lang='lat' dir='ltr'>Neque</span> <span class='ocrx_word' id='word_1_142' title='bbox 663 1702 761 1767; x_wconf 88' lang='lat' dir='ltr'>tacito</span> <span class='ocrx_word' id='word_1_143' title='bbox 783 1697 1056 1786; x_wconf 88' lang='lat' dir='ltr'>praetereundum</span> <span class='ocrx_word' id='word_1_144' title='bbox 1079 1709 1150 1787; x_wconf 88' lang='lat' dir='ltr'>est,</span> <span class='ocrx_word' id='word_1_145' title='bbox 1172 1699 1274 1786; x_wconf 92' lang='lat' dir='ltr'>qood,</span> <span class='ocrx_word' id='word_1_146' title='bbox 1302 1715 1385 1784; x_wconf 87' lang='lat' dir='ltr'>quae</span> <span class='ocrx_word' id='word_1_147' title='bbox 1406 1697 1449 1764; x_wconf 91' lang='lat' dir='ltr'>de</span> <span class='ocrx_word' id='word_1_148' title='bbox 1472 1698 1611 1783; x_wconf 81' lang='lat' dir='ltr'>singulis</span> <span class='ocrx_word' id='word_1_149' title='bbox 1639 1695 1744 1762; x_wconf 82' lang='lat' dir='ltr'>titrrlis</span> <span class='ocrx_word' id='word_1_150' title='bbox 1771 1713 1814 1761; x_wconf 89' lang='lat' dir='ltr'>ex</span> <span class='ocrx_word' id='word_1_151' title='bbox 1840 1695 2022 1760; x_wconf 85' lang='lat' dir='ltr'>Iustiniano</span> <span class='ocrx_word' id='word_1_152' title='bbox 2037 1689 2162 1762; x_wconf 85' lang='lat' dir='ltr'>Codice</span> <span class='ocrx_word' id='word_1_153' title='bbox 2186 1692 2239 1760; x_wconf 90' lang='lat' dir='ltr'>ell-</span> 
     </span>
     <span class='ocr_line' id='line_1_13' title="bbox 369 1793 2241 1888; baseline -0.009 -11"><span class='ocrx_word' id='word_1_154' title='bbox 369 1805 530 1877; x_wconf 87' lang='lat' dir='ltr'>minandis</span> <span class='ocrx_word' id='word_1_155' title='bbox 552 1803 711 1871; x_wconf 89' lang='lat' dir='ltr'>hahentur</span> <span class='ocrx_word' id='word_1_156' title='bbox 733 1801 819 1888; x_wconf 88' lang='lat' dir='ltr'>apud</span> <span class='ocrx_word' id='word_1_157' title='bbox 842 1802 933 1866; x_wconf 87' lang='lat' dir='ltr'>viros</span> <span class='ocrx_word' id='word_1_158' title='bbox 954 1799 1070 1866; x_wconf 87' lang='lat' dir='ltr'>doctos</span> <span class='ocrx_word' id='word_1_159' title='bbox 1094 1801 1352 1888; x_wconf 80' lang='lat' dir='ltr'>disputationes,</span> <span class='ocrx_word' id='word_1_160' title='bbox 1389 1818 1532 1866; x_wconf 88' lang='lat' dir='ltr'>summae</span> <span class='ocrx_word' id='word_1_161' title='bbox 1563 1799 1745 1866; x_wconf 88' lang='lat' dir='ltr'>Perusinae</span> <span class='ocrx_word' id='word_1_162' title='bbox 1772 1795 1957 1862; x_wconf 87' lang='lat' dir='ltr'>testimonio</span> <span class='ocrx_word' id='word_1_163' title='bbox 1984 1793 2101 1882; x_wconf 82' lang='lat' dir='ltr'>partim</span> <span class='ocrx_word' id='word_1_164' title='bbox 2132 1793 2241 1860; x_wconf 86' lang='lat' dir='ltr'>contir-</span> 
     </span>
     <span class='ocr_line' id='line_1_14' title="bbox 368 1896 2240 1988; baseline -0.009 -11"><span class='ocrx_word' id='word_1_165' title='bbox 368 1916 505 1978; x_wconf 87' lang='lat' dir='ltr'>mantur.</span> <span class='ocrx_word' id='word_1_166' title='bbox 550 1903 623 1970; x_wconf 84' lang='lat' dir='ltr'>Duo</span> <span class='ocrx_word' id='word_1_167' title='bbox 645 1909 769 1971; x_wconf 89' lang='lat' dir='ltr'>tantum</span> <span class='ocrx_word' id='word_1_168' title='bbox 792 1902 885 1968; x_wconf 88' lang='lat' dir='ltr'>huius</span> <span class='ocrx_word' id='word_1_169' title='bbox 908 1904 957 1970; x_wconf 91' lang='lat' dir='ltr'>rei</span> <span class='ocrx_word' id='word_1_170' title='bbox 988 1901 1050 1967; x_wconf 93' lang='lat' dir='ltr'>hoc</span> <span class='ocrx_word' id='word_1_171' title='bbox 1081 1901 1151 1968; x_wconf 93' lang='lat' dir='ltr'>loco</span> <span class='ocrx_word' id='word_1_172' title='bbox 1172 1901 1311 1968; x_wconf 82' lang='lat' dir='ltr'>reseram</span> <span class='ocrx_word' id='word_1_173' title='bbox 1340 1901 1499 1988; x_wconf 83' lang='lat' dir='ltr'>exemplo.</span> <span class='ocrx_word' id='word_1_174' title='bbox 1543 1901 1582 1965; x_wconf 93' lang='lat' dir='ltr'>ln</span> <span class='ocrx_word' id='word_1_175' title='bbox 1616 1900 1760 1985; x_wconf 84' lang='lat' dir='ltr'>vulgatis</span> <span class='ocrx_word' id='word_1_176' title='bbox 1790 1898 1923 1966; x_wconf 87' lang='lat' dir='ltr'>Codicis</span> <span class='ocrx_word' id='word_1_177' title='bbox 1953 1897 2152 1964; x_wconf 81' lang='lat' dir='ltr'>editionibus</span> <span class='ocrx_word' id='word_1_178' title='bbox 2179 1896 2240 1961; x_wconf 91' lang='lat' dir='ltr'>libri</span> 
     </span>
     <span class='ocr_line' id='line_1_15' title="bbox 369 1998 2240 2090; baseline -0.008 -12"><span class='ocrx_word' id='word_1_179' title='bbox 369 2009 506 2078; x_wconf 88' lang='lat' dir='ltr'>secundi</span> <span class='ocrx_word' id='word_1_180' title='bbox 529 2005 641 2072; x_wconf 90' lang='lat' dir='ltr'>titulus</span> <span class='ocrx_word' id='word_1_181' title='bbox 663 2003 821 2090; x_wconf 88' lang='lat' dir='ltr'>septimus</span> <span class='ocrx_word' id='word_1_182' title='bbox 845 2004 896 2070; x_wconf 90' lang='lat' dir='ltr'>hic</span> <span class='ocrx_word' id='word_1_183' title='bbox 918 2009 990 2069; x_wconf 82' lang='lat' dir='ltr'>est:</span> <span class='ocrx_word' id='word_1_184' title='bbox 1013 2003 1054 2068; x_wconf 86' lang='lat' dir='ltr'>dc</span> <span class='ocrx_word' id='word_1_185' title='bbox 1075 2003 1248 2068; x_wconf 82' lang='lat' dir='ltr'>orlooculis</span> <span class='ocrx_word' id='word_1_186' title='bbox 1270 2003 1482 2068; x_wconf 81' lang='lat' dir='ltr'>diversorum</span> <span class='ocrx_word' id='word_1_187' title='bbox 1503 2003 1721 2086; x_wconf 83' lang='lat' dir='ltr'>iudiciorum,</span> <span class='ocrx_word' id='word_1_188' title='bbox 1744 2009 1897 2066; x_wconf 86' lang='lat' dir='ltr'>octavus:</span> <span class='ocrx_word' id='word_1_189' title='bbox 1933 1999 1975 2066; x_wconf 89' lang='lat' dir='ltr'>dc</span> <span class='ocrx_word' id='word_1_190' title='bbox 1996 2000 2173 2064; x_wconf 78' lang='lat' dir='ltr'>odoacaris</span> <span class='ocrx_word' id='word_1_191' title='bbox 2192 1998 2240 2063; x_wconf 88' lang='lat' dir='ltr'>di-</span> 
     </span>
     <span class='ocr_line' id='line_1_16' title="bbox 368 2099 2240 2191; baseline -0.007 -14"><span class='ocrx_word' id='word_1_192' title='bbox 368 2127 544 2177; x_wconf 80' lang='lat' dir='ltr'>versorum</span> <span class='ocrx_word' id='word_1_193' title='bbox 580 2107 737 2172; x_wconf 83' lang='lat' dir='ltr'>iudicum.</span> <span class='ocrx_word' id='word_1_194' title='bbox 797 2103 896 2181; x_wconf 77' lang='lat' dir='ltr'>Eam,</span> <span class='ocrx_word' id='word_1_195' title='bbox 936 2123 1030 2190; x_wconf 88' lang='lat' dir='ltr'>quam</span> <span class='ocrx_word' id='word_1_196' title='bbox 1061 2103 1170 2168; x_wconf 90' lang='lat' dir='ltr'>ultimo</span> <span class='ocrx_word' id='word_1_197' title='bbox 1209 2103 1280 2170; x_wconf 91' lang='lat' dir='ltr'>loco</span> <span class='ocrx_word' id='word_1_198' title='bbox 1314 2103 1425 2191; x_wconf 90' lang='lat' dir='ltr'>posui,</span> <span class='ocrx_word' id='word_1_199' title='bbox 1463 2103 1623 2169; x_wconf 82' lang='lat' dir='ltr'>rubricam</span> <span class='ocrx_word' id='word_1_200' title='bbox 1662 2101 1855 2182; x_wconf 67' lang='lat' dir='ltr'>thttrow)</span> <span class='ocrx_word' id='word_1_201' title='bbox 1888 2099 2180 2186; x_wconf 81' lang='lat' dir='ltr'>Bicncrrraque²³)</span> <span class='ocrx_word' id='word_1_202' title='bbox 2212 2104 2240 2164; x_wconf 89' lang='lat' dir='ltr'>et</span> 
     </span>
     <span class='ocr_line' id='line_1_17' title="bbox 368 2201 2241 2292; baseline -0.009 -12"><span class='ocrx_word' id='word_1_203' title='bbox 368 2207 671 2287; x_wconf 53' lang='lat' dir='ltr'>fleroeocbioru).</span> <span class='ocrx_word' id='word_1_204' title='bbox 696 2206 866 2273; x_wconf 90' lang='lat' dir='ltr'>delendam</span> <span class='ocrx_word' id='word_1_205' title='bbox 881 2211 1030 2291; x_wconf 90' lang='lat' dir='ltr'>censent,</span> <span class='ocrx_word' id='word_1_206' title='bbox 1054 2212 1120 2270; x_wconf 92' lang='lat' dir='ltr'>tum</span> <span class='ocrx_word' id='word_1_207' title='bbox 1142 2203 1226 2290; x_wconf 91' lang='lat' dir='ltr'>quod</span> <span class='ocrx_word' id='word_1_208' title='bbox 1249 2205 1496 2290; x_wconf 84' lang='lat' dir='ltr'>chronologicae</span> <span class='ocrx_word' id='word_1_209' title='bbox 1518 2204 1663 2270; x_wconf 89' lang='lat' dir='ltr'>rationes</span> <span class='ocrx_word' id='word_1_210' title='bbox 1685 2223 1749 2271; x_wconf 90' lang='lat' dir='ltr'>non</span> <span class='ocrx_word' id='word_1_211' title='bbox 1771 2207 1915 2292; x_wconf 89' lang='lat' dir='ltr'>obstant,</span> <span class='ocrx_word' id='word_1_212' title='bbox 1937 2203 2107 2291; x_wconf 89' lang='lat' dir='ltr'>quominus</span> <span class='ocrx_word' id='word_1_213' title='bbox 2128 2201 2241 2266; x_wconf 89' lang='lat' dir='ltr'>utrius-</span> 
     </span>
     <span class='ocr_line' id='line_1_18' title="bbox 370 2304 2241 2400; baseline -0.006 -22"><span class='ocrx_word' id='word_1_214' title='bbox 370 2331 433 2400; x_wconf 89' lang='lat' dir='ltr'>que</span> <span class='ocrx_word' id='word_1_215' title='bbox 455 2310 538 2376; x_wconf 90' lang='lat' dir='ltr'>tituli</span> <span class='ocrx_word' id='word_1_216' title='bbox 566 2309 660 2393; x_wconf 86' lang='lat' dir='ltr'>leges</span> <span class='ocrx_word' id='word_1_217' title='bbox 693 2328 756 2374; x_wconf 91' lang='lat' dir='ltr'>uno</span> <span class='ocrx_word' id='word_1_218' title='bbox 783 2305 1109 2393; x_wconf 84' lang='lat' dir='ltr'>comprehendamus,</span> <span class='ocrx_word' id='word_1_219' title='bbox 1137 2313 1203 2372; x_wconf 88' lang='lat' dir='ltr'>tum</span> <span class='ocrx_word' id='word_1_220' title='bbox 1231 2305 1326 2394; x_wconf 91' lang='lat' dir='ltr'>quod,</span> <span class='ocrx_word' id='word_1_221' title='bbox 1354 2305 1388 2372; x_wconf 92' lang='lat' dir='ltr'>id</span> <span class='ocrx_word' id='word_1_222' title='bbox 1415 2312 1451 2370; x_wconf 88' lang='lat' dir='ltr'>ut</span> <span class='ocrx_word' id='word_1_223' title='bbox 1472 2306 1519 2372; x_wconf 86' lang='lat' dir='ltr'>ita</span> <span class='ocrx_word' id='word_1_224' title='bbox 1540 2307 1712 2393; x_wconf 84' lang='lat' dir='ltr'>iaciamus,</span> <span class='ocrx_word' id='word_1_225' title='bbox 1734 2304 1932 2373; x_wconf 88' lang='lat' dir='ltr'>Graecorum</span> <span class='ocrx_word' id='word_1_226' title='bbox 1952 2307 2169 2389; x_wconf 87' lang='lat' dir='ltr'>interpretum</span> <span class='ocrx_word' id='word_1_227' title='bbox 2188 2321 2241 2367; x_wconf 82' lang='lat' dir='ltr'>en-</span> 
     </span>
     <span class='ocr_line' id='line_1_19' title="bbox 370 2401 2242 2500; baseline -0.005 -20"><span class='ocrx_word' id='word_1_228' title='bbox 370 2412 512 2500; x_wconf 91' lang='lat' dir='ltr'>emplum</span> <span class='ocrx_word' id='word_1_229' title='bbox 533 2410 670 2496; x_wconf 88' lang='lat' dir='ltr'>suadet,</span> <span class='ocrx_word' id='word_1_230' title='bbox 691 2415 756 2475; x_wconf 89' lang='lat' dir='ltr'>tum</span> <span class='ocrx_word' id='word_1_231' title='bbox 778 2407 934 2494; x_wconf 86' lang='lat' dir='ltr'>denique,</span> <span class='ocrx_word' id='word_1_232' title='bbox 956 2406 1041 2495; x_wconf 92' lang='lat' dir='ltr'>quod</span> <span class='ocrx_word' id='word_1_233' title='bbox 1063 2425 1124 2474; x_wconf 91' lang='lat' dir='ltr'>nec</span> <span class='ocrx_word' id='word_1_234' title='bbox 1146 2409 1365 2494; x_wconf 89' lang='lat' dir='ltr'>antiquissimi</span> <span class='ocrx_word' id='word_1_235' title='bbox 1388 2406 1521 2473; x_wconf 85' lang='lat' dir='ltr'>Codicis</span> <span class='ocrx_word' id='word_1_236' title='bbox 1551 2407 1624 2472; x_wconf 91' lang='lat' dir='ltr'>libri</span> <span class='ocrx_word' id='word_1_237' title='bbox 1653 2427 1726 2474; x_wconf 86' lang='lat' dir='ltr'>eam</span> <span class='ocrx_word' id='word_1_238' title='bbox 1753 2407 1912 2473; x_wconf 88' lang='lat' dir='ltr'>rubricam</span> <span class='ocrx_word' id='word_1_239' title='bbox 1939 2401 2105 2473; x_wconf 84' lang='lat' dir='ltr'>exhibent.</span> <span class='ocrx_word' id='word_1_240' title='bbox 2162 2403 2242 2486; x_wconf 76' lang='lat' dir='ltr'>Quae</span> 
     </span>
    </p>
   </div>
   <div class='ocr_carea' id='block_1_3' title="bbox 241 2507 2241 2596">
    <p class='ocr_par' dir='ltr' id='par_1_4' title="bbox 241 2507 2241 2596">
     <span class='ocr_line' id='line_1_20' title="bbox 241 2507 2241 2596; baseline -0.005 -17"><span class='ocrx_word' id='word_1_241' title='bbox 241 2573 244 2579; x_wconf 91' lang='grc'><em>,</em></span> <span class='ocrx_word' id='word_1_242' title='bbox 369 2513 538 2582; x_wconf 84' lang='lat' dir='ltr'>sententia</span> <span class='ocrx_word' id='word_1_243' title='bbox 555 2511 742 2576; x_wconf 89' lang='lat' dir='ltr'>testimonio</span> <span class='ocrx_word' id='word_1_244' title='bbox 758 2527 901 2575; x_wconf 88' lang='lat' dir='ltr'>summac</span> <span class='ocrx_word' id='word_1_245' title='bbox 919 2508 1100 2576; x_wconf 83' lang='lat' dir='ltr'>Perusinae</span> <span class='ocrx_word' id='word_1_246' title='bbox 1116 2511 1228 2576; x_wconf 91' lang='lat' dir='ltr'>mirum</span> <span class='ocrx_word' id='word_1_247' title='bbox 1243 2511 1278 2576; x_wconf 88' lang='lat' dir='ltr'>io</span> <span class='ocrx_word' id='word_1_248' title='bbox 1292 2510 1418 2576; x_wconf 88' lang='lat' dir='ltr'>modum</span> <span class='ocrx_word' id='word_1_249' title='bbox 1439 2509 1580 2594; x_wconf 89' lang='lat' dir='ltr'>iuvatur,</span> <span class='ocrx_word' id='word_1_250' title='bbox 1595 2509 1715 2596; x_wconf 89' lang='lat' dir='ltr'>quippe</span> <span class='ocrx_word' id='word_1_251' title='bbox 1737 2527 1821 2596; x_wconf 89' lang='lat' dir='ltr'>quae</span> <span class='ocrx_word' id='word_1_252' title='bbox 1843 2527 1956 2574; x_wconf 90' lang='lat' dir='ltr'>omnes</span> <span class='ocrx_word' id='word_1_253' title='bbox 1978 2507 2149 2592; x_wconf 89' lang='lat' dir='ltr'>utriusque</span> <span class='ocrx_word' id='word_1_254' title='bbox 2170 2524 2241 2570; x_wconf 89' lang='lat' dir='ltr'>con·</span> 
     </span>
    </p>
   </div>
   <div class='ocr_carea' id='block_1_4' title="bbox 369 2607 2293 4927">
    <p class='ocr_par' dir='ltr' id='par_1_5' title="bbox 369 2607 2243 3407">
     <span class='ocr_line' id='line_1_21' title="bbox 369 2607 2242 2696; baseline -0.006 -14"><span class='ocrx_word' id='word_1_255' title='bbox 369 2613 560 2682; x_wconf 89' lang='lat' dir='ltr'>stitutiones</span> <span class='ocrx_word' id='word_1_256' title='bbox 584 2631 647 2676; x_wconf 91' lang='lat' dir='ltr'>uno</span> <span class='ocrx_word' id='word_1_257' title='bbox 671 2610 762 2676; x_wconf 89' lang='lat' dir='ltr'>titulo</span> <span class='ocrx_word' id='word_1_258' title='bbox 785 2610 1048 2696; x_wconf 90' lang='lat' dir='ltr'>comprehendat.</span> <span class='ocrx_word' id='word_1_259' title='bbox 1070 2647 1112 2659; x_wconf 88' lang='lat'>—-</span> <span class='ocrx_word' id='word_1_260' title='bbox 1156 2607 1277 2677; x_wconf 81' lang='lat' dir='ltr'>Octavi</span> <span class='ocrx_word' id='word_1_261' title='bbox 1298 2613 1371 2676; x_wconf 90' lang='lat' dir='ltr'>libri</span> <span class='ocrx_word' id='word_1_262' title='bbox 1393 2611 1506 2676; x_wconf 91' lang='lat' dir='ltr'>titulus</span> <span class='ocrx_word' id='word_1_263' title='bbox 1529 2609 1750 2676; x_wconf 85' lang='lat' dir='ltr'>decimushic</span> <span class='ocrx_word' id='word_1_264' title='bbox 1772 2617 1837 2676; x_wconf 83' lang='lat' dir='ltr'>est:</span> <span class='ocrx_word' id='word_1_265' title='bbox 1861 2610 1903 2674; x_wconf 85' lang='lat' dir='ltr'>dc</span> <span class='ocrx_word' id='word_1_266' title='bbox 1923 2611 2004 2676; x_wconf 82' lang='lat' dir='ltr'>novi</span> <span class='ocrx_word' id='word_1_267' title='bbox 2024 2610 2140 2692; x_wconf 68' lang='lat' dir='ltr'>operis</span> <span class='ocrx_word' id='word_1_268' title='bbox 2161 2625 2242 2671; x_wconf 77' lang='lat' dir='ltr'>rrum-</span> 
     </span>
     <span class='ocr_line' id='line_1_22' title="bbox 370 2707 2242 2800; baseline -0.005 -18"><span class='ocrx_word' id='word_1_269' title='bbox 370 2717 526 2782; x_wconf 83' lang='lat' dir='ltr'>riulione.</span> <span class='ocrx_word' id='word_1_270' title='bbox 554 2710 657 2793; x_wconf 76' lang='lat' dir='ltr'>Quam</span> <span class='ocrx_word' id='word_1_271' title='bbox 670 2711 830 2778; x_wconf 90' lang='lat' dir='ltr'>rubricam</span> <span class='ocrx_word' id='word_1_272' title='bbox 849 2719 916 2776; x_wconf 89' lang='lat' dir='ltr'>tam</span> <span class='ocrx_word' id='word_1_273' title='bbox 932 2709 1065 2777; x_wconf 85' lang='lat' dir='ltr'>Willa&#39;ocs</span> <span class='ocrx_word' id='word_1_274' title='bbox 1078 2715 1138 2800; x_wconf 79' lang='lat'>⁷⁵),</span> <span class='ocrx_word' id='word_1_275' title='bbox 1160 2731 1254 2798; x_wconf 88' lang='lat' dir='ltr'>quam</span> <span class='ocrx_word' id='word_1_276' title='bbox 1273 2711 1504 2792; x_wconf 62' lang='lat' dir='ltr'>hasenaro)</span> <span class='ocrx_word' id='word_1_277' title='bbox 1525 2709 1698 2777; x_wconf 89' lang='lat' dir='ltr'>delendam</span> <span class='ocrx_word' id='word_1_278' title='bbox 1719 2715 1910 2798; x_wconf 85' lang='lat' dir='ltr'>unicamque</span> <span class='ocrx_word' id='word_1_279' title='bbox 1928 2711 2000 2776; x_wconf 89' lang='lat' dir='ltr'>eius</span> <span class='ocrx_word' id='word_1_280' title='bbox 2022 2707 2108 2774; x_wconf 88' lang='lat' dir='ltr'>tituli</span> <span class='ocrx_word' id='word_1_281' title='bbox 2127 2707 2242 2774; x_wconf 87' lang='lat' dir='ltr'>consti·</span> 
     </span>
     <span class='ocr_line' id='line_1_23' title="bbox 371 2807 2243 2902; baseline -0.005 -18"><span class='ocrx_word' id='word_1_282' title='bbox 371 2818 527 2884; x_wconf 89' lang='lat' dir='ltr'>tutionem</span> <span class='ocrx_word' id='word_1_283' title='bbox 558 2813 601 2880; x_wconf 90' lang='lat' dir='ltr'>ad</span> <span class='ocrx_word' id='word_1_284' title='bbox 631 2814 799 2900; x_wconf 84' lang='lat' dir='ltr'>superiora</span> <span class='ocrx_word' id='word_1_285' title='bbox 824 2811 1015 2880; x_wconf 89' lang='lat' dir='ltr'>trahendam</span> <span class='ocrx_word' id='word_1_286' title='bbox 1045 2831 1123 2879; x_wconf 92' lang='lat' dir='ltr'>esse</span> <span class='ocrx_word' id='word_1_287' title='bbox 1148 2813 1344 2902; x_wconf 88' lang='lat' dir='ltr'>docuerunt,</span> <span class='ocrx_word' id='word_1_288' title='bbox 1377 2819 1443 2878; x_wconf 93' lang='lat' dir='ltr'>tum</span> <span class='ocrx_word' id='word_1_289' title='bbox 1471 2811 1555 2899; x_wconf 91' lang='lat' dir='ltr'>quod</span> <span class='ocrx_word' id='word_1_290' title='bbox 1585 2811 1717 2880; x_wconf 87' lang='lat' dir='ltr'>codices</span> <span class='ocrx_word' id='word_1_291' title='bbox 1743 2813 1951 2898; x_wconf 90' lang='lat' dir='ltr'>manuscripti</span> <span class='ocrx_word' id='word_1_292' title='bbox 1980 2811 2065 2876; x_wconf 89' lang='lat' dir='ltr'>hanc</span> <span class='ocrx_word' id='word_1_293' title='bbox 2093 2807 2243 2875; x_wconf 81' lang='lat' dir='ltr'>rubricam</span> 
     </span>
     <span class='ocr_line' id='line_1_24' title="bbox 370 2911 2240 3003; baseline -0.005 -18"><span class='ocrx_word' id='word_1_294' title='bbox 370 2937 436 2986; x_wconf 91' lang='lat' dir='ltr'>non</span> <span class='ocrx_word' id='word_1_295' title='bbox 458 2921 657 3003; x_wconf 84' lang='lat' dir='ltr'>agnoscunt,</span> <span class='ocrx_word' id='word_1_296' title='bbox 681 2922 746 2982; x_wconf 92' lang='lat' dir='ltr'>tum</span> <span class='ocrx_word' id='word_1_297' title='bbox 769 2913 852 3000; x_wconf 93' lang='lat' dir='ltr'>quod</span> <span class='ocrx_word' id='word_1_298' title='bbox 876 2914 996 2982; x_wconf 85' lang='lat' dir='ltr'>Graeci</span> <span class='ocrx_word' id='word_1_299' title='bbox 1018 2915 1218 3001; x_wconf 87' lang='lat' dir='ltr'>interpretes</span> <span class='ocrx_word' id='word_1_300' title='bbox 1246 2914 1356 2981; x_wconf 91' lang='lat' dir='ltr'>octavi</span> <span class='ocrx_word' id='word_1_301' title='bbox 1388 2914 1462 2981; x_wconf 91' lang='lat' dir='ltr'>libri</span> <span class='ocrx_word' id='word_1_302' title='bbox 1489 2913 1602 2980; x_wconf 89' lang='lat' dir='ltr'>titulos</span> <span class='ocrx_word' id='word_1_303' title='bbox 1632 2934 1694 2980; x_wconf 93' lang='lat' dir='ltr'>uno</span> <span class='ocrx_word' id='word_1_304' title='bbox 1724 2915 1830 2980; x_wconf 91' lang='lat' dir='ltr'>minus</span> <span class='ocrx_word' id='word_1_305' title='bbox 1858 2915 2020 2991; x_wconf 81' lang='lat' dir='ltr'>referunt,</span> <span class='ocrx_word' id='word_1_306' title='bbox 2051 2917 2120 2977; x_wconf 91' lang='lat' dir='ltr'>tum</span> <span class='ocrx_word' id='word_1_307' title='bbox 2153 2911 2240 2978; x_wconf 90' lang='lat' dir='ltr'>deni-</span> 
     </span>
     <span class='ocr_line' id='line_1_25' title="bbox 371 3013 2243 3108; baseline -0.003 -24"><span class='ocrx_word' id='word_1_308' title='bbox 371 3037 454 3108; x_wconf 91' lang='lat' dir='ltr'>que,</span> <span class='ocrx_word' id='word_1_309' title='bbox 482 3017 568 3104; x_wconf 92' lang='lat' dir='ltr'>quod</span> <span class='ocrx_word' id='word_1_310' title='bbox 589 3017 645 3083; x_wconf 92' lang='lat' dir='ltr'>illa</span> <span class='ocrx_word' id='word_1_311' title='bbox 668 3015 798 3083; x_wconf 90' lang='lat' dir='ltr'>dicendi</span> <span class='ocrx_word' id='word_1_312' title='bbox 819 3017 920 3084; x_wconf 82' lang='lat' dir='ltr'>ratio:</span> <span class='ocrx_word' id='word_1_313' title='bbox 957 3019 1036 3082; x_wconf 82' lang='lat' dir='ltr'>rocol</span> <span class='ocrx_word' id='word_1_314' title='bbox 1057 3017 1168 3102; x_wconf 73' lang='lat' dir='ltr'>operis</span> <span class='ocrx_word' id='word_1_315' title='bbox 1188 3017 1362 3082; x_wconf 84' lang='lat' dir='ltr'>rruaciolio</span> <span class='ocrx_word' id='word_1_316' title='bbox 1395 3035 1417 3082; x_wconf 86' lang='lat' dir='ltr'>a</span> <span class='ocrx_word' id='word_1_317' title='bbox 1445 3014 1575 3100; x_wconf 85' lang='lat' dir='ltr'>volgari</span> <span class='ocrx_word' id='word_1_318' title='bbox 1603 3015 1732 3082; x_wconf 91' lang='lat' dir='ltr'>dicendi</span> <span class='ocrx_word' id='word_1_319' title='bbox 1769 3017 1873 3083; x_wconf 81' lang='lat' dir='ltr'>formo</span> <span class='ocrx_word' id='word_1_320' title='bbox 1900 3016 2007 3082; x_wconf 88' lang='lat' dir='ltr'>aliena</span> <span class='ocrx_word' id='word_1_321' title='bbox 2034 3021 2099 3080; x_wconf 89' lang='lat' dir='ltr'>est.</span> <span class='ocrx_word' id='word_1_322' title='bbox 2152 3013 2243 3079; x_wconf 86' lang='lat' dir='ltr'>ilem·</span> 
     </span>
     <span class='ocr_line' id='line_1_26' title="bbox 371 3111 2242 3207; baseline -0.004 -21"><span class='ocrx_word' id='word_1_323' title='bbox 371 3139 434 3207; x_wconf 91' lang='lat' dir='ltr'>que</span> <span class='ocrx_word' id='word_1_324' title='bbox 457 3125 557 3185; x_wconf 90' lang='lat' dir='ltr'>totam</span> <span class='ocrx_word' id='word_1_325' title='bbox 579 3125 692 3186; x_wconf 88' lang='lat' dir='ltr'>nostro</span> <span class='ocrx_word' id='word_1_326' title='bbox 713 3119 886 3184; x_wconf 85' lang='lat' dir='ltr'>summaria</span> <span class='ocrx_word' id='word_1_327' title='bbox 907 3117 1101 3202; x_wconf 84' lang='lat' dir='ltr'>conficiunt,</span> <span class='ocrx_word' id='word_1_328' title='bbox 1123 3134 1208 3204; x_wconf 89' lang='lat' dir='ltr'>quae</span> <span class='ocrx_word' id='word_1_329' title='bbox 1231 3114 1323 3183; x_wconf 87' lang='lat' dir='ltr'>vlll.</span> <span class='ocrx_word' id='word_1_330' title='bbox 1351 3116 1413 3182; x_wconf 88' lang='grc'>16.</span> <span class='ocrx_word' id='word_1_331' title='bbox 1435 3117 1595 3183; x_wconf 87' lang='lat' dir='ltr'>rubricam</span> <span class='ocrx_word' id='word_1_332' title='bbox 1618 3118 1660 3184; x_wconf 85' lang='lat' dir='ltr'>rlc</span> <span class='ocrx_word' id='word_1_333' title='bbox 1682 3115 1841 3204; x_wconf 74' lang='lat' dir='ltr'>edificiis,</span> <span class='ocrx_word' id='word_1_334' title='bbox 1865 3119 1925 3184; x_wconf 94' lang='grc'>11.</span> <span class='ocrx_word' id='word_1_335' title='bbox 1948 3117 1991 3182; x_wconf 87' lang='lat' dir='ltr'>dc</span> <span class='ocrx_word' id='word_1_336' title='bbox 2011 3111 2173 3201; x_wconf 73' lang='lat' dir='ltr'>aperiero</span> <span class='ocrx_word' id='word_1_337' title='bbox 2184 3131 2242 3200; x_wconf 82' lang='lat' dir='ltr'>po-</span> 
     </span>
     <span class='ocr_line' id='line_1_27' title="bbox 371 3215 2243 3309; baseline -0.002 -23"><span class='ocrx_word' id='word_1_338' title='bbox 371 3219 466 3287; x_wconf 83' lang='lat' dir='ltr'>blicis</span> <span class='ocrx_word' id='word_1_339' title='bbox 487 3221 627 3309; x_wconf 90' lang='lat' dir='ltr'>habent,</span> <span class='ocrx_word' id='word_1_340' title='bbox 647 3222 758 3307; x_wconf 89' lang='lat' dir='ltr'>itaque</span> <span class='ocrx_word' id='word_1_341' title='bbox 779 3219 907 3286; x_wconf 85' lang='lat' dir='ltr'>rubrica</span> <span class='ocrx_word' id='word_1_342' title='bbox 928 3220 970 3285; x_wconf 89' lang='lat' dir='ltr'>dc</span> <span class='ocrx_word' id='word_1_343' title='bbox 991 3220 1069 3284; x_wconf 84' lang='lat' dir='ltr'>noct</span> <span class='ocrx_word' id='word_1_344' title='bbox 1090 3220 1201 3303; x_wconf 83' lang='lat' dir='ltr'>operis</span> <span class='ocrx_word' id='word_1_345' title='bbox 1221 3220 1439 3285; x_wconf 77' lang='lat' dir='ltr'>cunctatione</span> <span class='ocrx_word' id='word_1_346' title='bbox 1460 3219 1558 3306; x_wconf 88' lang='lat' dir='ltr'>plane</span> <span class='ocrx_word' id='word_1_347' title='bbox 1579 3219 1728 3308; x_wconf 84' lang='lat' dir='ltr'>abiecta,</span> <span class='ocrx_word' id='word_1_348' title='bbox 1759 3220 1884 3286; x_wconf 90' lang='lat' dir='ltr'>unicam</span> <span class='ocrx_word' id='word_1_349' title='bbox 1905 3219 2000 3288; x_wconf 90' lang='lat' dir='ltr'>huius</span> <span class='ocrx_word' id='word_1_350' title='bbox 2021 3216 2106 3283; x_wconf 88' lang='lat' dir='ltr'>tituli</span> <span class='ocrx_word' id='word_1_351' title='bbox 2130 3215 2243 3283; x_wconf 87' lang='lat' dir='ltr'>consti·</span> 
     </span>
     <span class='ocr_line' id='line_1_28' title="bbox 369 3319 1145 3407; baseline -0.01 -19"><span class='ocrx_word' id='word_1_352' title='bbox 369 3323 526 3389; x_wconf 89' lang='lat' dir='ltr'>tutionem</span> <span class='ocrx_word' id='word_1_353' title='bbox 545 3321 588 3388; x_wconf 88' lang='lat' dir='ltr'>cd</span> <span class='ocrx_word' id='word_1_354' title='bbox 609 3321 706 3386; x_wconf 91' lang='lat' dir='ltr'>finem</span> <span class='ocrx_word' id='word_1_355' title='bbox 728 3319 959 3407; x_wconf 88' lang='lat' dir='ltr'>praecedentis</span> <span class='ocrx_word' id='word_1_356' title='bbox 980 3319 1145 3385; x_wconf 85' lang='lat' dir='ltr'>exhibent.</span> 
     </span>
    </p>

    <p class='ocr_par' dir='ltr' id='par_1_6' title="bbox 371 3418 2293 4927">
     <span class='ocr_line' id='line_1_29' title="bbox 522 3418 2245 3510; baseline -0.001 -24"><span class='ocrx_word' id='word_1_357' title='bbox 522 3421 628 3488; x_wconf 89' lang='lat' dir='ltr'>Venio</span> <span class='ocrx_word' id='word_1_358' title='bbox 651 3421 693 3488; x_wconf 90' lang='lat' dir='ltr'>ad</span> <span class='ocrx_word' id='word_1_359' title='bbox 714 3423 946 3508; x_wconf 88' lang='lat' dir='ltr'>inscriptiones</span> <span class='ocrx_word' id='word_1_360' title='bbox 968 3421 1090 3508; x_wconf 83' lang='lat' dir='ltr'>legum,</span> <span class='ocrx_word' id='word_1_361' title='bbox 1117 3420 1256 3506; x_wconf 87' lang='lat' dir='ltr'>quaein</span> <span class='ocrx_word' id='word_1_362' title='bbox 1278 3422 1456 3490; x_wconf 88' lang='lat' dir='ltr'>iustiniano</span> <span class='ocrx_word' id='word_1_363' title='bbox 1471 3421 1594 3490; x_wconf 84' lang='lat' dir='ltr'>Codice</span> <span class='ocrx_word' id='word_1_364' title='bbox 1615 3424 1742 3490; x_wconf 88' lang='lat' dir='ltr'>relatae</span> <span class='ocrx_word' id='word_1_365' title='bbox 1764 3429 1857 3510; x_wconf 90' lang='lat' dir='ltr'>sunt,</span> <span class='ocrx_word' id='word_1_366' title='bbox 1886 3441 1929 3489; x_wconf 88' lang='lat' dir='ltr'>ex</span> <span class='ocrx_word' id='word_1_367' title='bbox 1951 3440 2076 3488; x_wconf 90' lang='lat' dir='ltr'>summa</span> <span class='ocrx_word' id='word_1_368' title='bbox 2091 3418 2245 3490; x_wconf 84' lang='lat' dir='ltr'>Perusino</span> 
     </span>
     <span class='ocr_line' id='line_1_30' title="bbox 372 3518 2246 3610; baseline -0.002 -22"><span class='ocrx_word' id='word_1_369' title='bbox 372 3522 615 3590; x_wconf 87' lang='lat' dir='ltr'>corsrrmandas.</span> <span class='ocrx_word' id='word_1_370' title='bbox 659 3522 698 3590; x_wconf 94' lang='lat' dir='ltr'>ln</span> <span class='ocrx_word' id='word_1_371' title='bbox 720 3543 782 3610; x_wconf 89' lang='lat' dir='ltr'>quo</span> <span class='ocrx_word' id='word_1_372' title='bbox 803 3543 868 3590; x_wconf 89' lang='lat' dir='ltr'>non</span> <span class='ocrx_word' id='word_1_373' title='bbox 883 3520 1148 3590; x_wconf 87' lang='lat' dir='ltr'>contemnendam</span> <span class='ocrx_word' id='word_1_374' title='bbox 1169 3520 1263 3587; x_wconf 90' lang='lat' dir='ltr'>buius</span> <span class='ocrx_word' id='word_1_375' title='bbox 1285 3522 1359 3588; x_wconf 92' lang='lat' dir='ltr'>libri</span> <span class='ocrx_word' id='word_1_376' title='bbox 1380 3525 1608 3592; x_wconf 85' lang='lat' dir='ltr'>auctoritatem</span> <span class='ocrx_word' id='word_1_377' title='bbox 1630 3525 1700 3592; x_wconf 83' lang='lat' dir='ltr'>iore</span> <span class='ocrx_word' id='word_1_378' title='bbox 1723 3525 1785 3591; x_wconf 89' lang='lat' dir='ltr'>iam</span> <span class='ocrx_word' id='word_1_379' title='bbox 1806 3521 2080 3600; x_wconf 64' lang='lat' dir='ltr'>Nicostratam)</span> <span class='ocrx_word' id='word_1_380' title='bbox 2104 3518 2246 3587; x_wconf 80' lang='lat' dir='ltr'>animad-</span> 
     </span>
     <span class='ocr_line' id='line_1_31' title="bbox 372 3622 2248 3712; baseline 0 -24"><span class='ocrx_word' id='word_1_381' title='bbox 372 3624 485 3688; x_wconf 89' lang='lat' dir='ltr'>vertit.</span> <span class='ocrx_word' id='word_1_382' title='bbox 508 3623 624 3711; x_wconf 89' lang='lat' dir='ltr'>Neque</span> <span class='ocrx_word' id='word_1_383' title='bbox 646 3645 707 3712; x_wconf 84' lang='lat' dir='ltr'>ego</span> <span class='ocrx_word' id='word_1_384' title='bbox 731 3625 874 3691; x_wconf 91' lang='lat' dir='ltr'>hocloco</span> <span class='ocrx_word' id='word_1_385' title='bbox 890 3645 962 3692; x_wconf 89' lang='lat' dir='ltr'>earn</span> <span class='ocrx_word' id='word_1_386' title='bbox 979 3630 1117 3711; x_wconf 90' lang='lat' dir='ltr'>portem,</span> <span class='ocrx_word' id='word_1_387' title='bbox 1133 3643 1228 3710; x_wconf 88' lang='lat' dir='ltr'>quam</span> <span class='ocrx_word' id='word_1_388' title='bbox 1245 3623 1297 3690; x_wconf 89' lang='lat' dir='ltr'>vir</span> <span class='ocrx_word' id='word_1_389' title='bbox 1308 3624 1517 3692; x_wconf 86' lang='lat' dir='ltr'>doctissimus</span> <span class='ocrx_word' id='word_1_390' title='bbox 1527 3625 1690 3692; x_wconf 80' lang='lat' dir='ltr'>Aetnilius</span> <span class='ocrx_word' id='word_1_391' title='bbox 1704 3624 1946 3692; x_wconf 79' lang='lat' dir='ltr'>Horrrrrorrous</span> <span class='ocrx_word' id='word_1_392' title='bbox 1958 3639 2084 3689; x_wconf 88' lang='lat' dir='ltr'>summa</span> <span class='ocrx_word' id='word_1_393' title='bbox 2097 3641 2172 3688; x_wconf 92' lang='lat' dir='ltr'>cum</span> <span class='ocrx_word' id='word_1_394' title='bbox 2183 3622 2248 3688; x_wconf 84' lang='lat' dir='ltr'>lau·</span> 
     </span>
     <span class='ocr_line' id='line_1_32' title="bbox 373 3721 2247 3817; baseline -0.002 -29"><span class='ocrx_word' id='word_1_395' title='bbox 373 3721 416 3788; x_wconf 87' lang='lat' dir='ltr'>de</span> <span class='ocrx_word' id='word_1_396' title='bbox 438 3742 542 3809; x_wconf 86' lang='lat' dir='ltr'>nuper</span> <span class='ocrx_word' id='word_1_397' title='bbox 564 3725 686 3814; x_wconf 82' lang='lat' dir='ltr'>tetigit,</span> <span class='ocrx_word' id='word_1_398' title='bbox 708 3726 741 3790; x_wconf 91' lang='lat' dir='ltr'>in</span> <span class='ocrx_word' id='word_1_399' title='bbox 763 3725 872 3792; x_wconf 89' lang='lat' dir='ltr'>iustae</span> <span class='ocrx_word' id='word_1_400' title='bbox 893 3727 1051 3794; x_wconf 86' lang='lat' dir='ltr'>orationis</span> <span class='ocrx_word' id='word_1_401' title='bbox 1072 3725 1200 3792; x_wconf 88' lang='lat' dir='ltr'>modum</span> <span class='ocrx_word' id='word_1_402' title='bbox 1222 3728 1369 3793; x_wconf 86' lang='lat' dir='ltr'>tractabo</span> <span class='ocrx_word' id='word_1_403' title='bbox 1376 3776 1388 3817; x_wconf 92' lang='lat'>,</span> <span class='ocrx_word' id='word_1_404' title='bbox 1408 3728 1466 3794; x_wconf 90' lang='lat' dir='ltr'>illa</span> <span class='ocrx_word' id='word_1_405' title='bbox 1487 3729 1576 3816; x_wconf 86' lang='lat' dir='ltr'>sola,</span> <span class='ocrx_word' id='word_1_406' title='bbox 1608 3746 1710 3816; x_wconf 88' lang='lat' dir='ltr'>quae,</span> <span class='ocrx_word' id='word_1_407' title='bbox 1740 3728 1814 3794; x_wconf 87' lang='lat' dir='ltr'>dum</span> <span class='ocrx_word' id='word_1_408' title='bbox 1835 3727 1948 3792; x_wconf 92' lang='lat' dir='ltr'>librum</span> <span class='ocrx_word' id='word_1_409' title='bbox 1970 3725 2045 3810; x_wconf 86' lang='lat' dir='ltr'>lego</span> <span class='ocrx_word' id='word_1_410' title='bbox 2063 3724 2247 3809; x_wconf 79' lang='lat' dir='ltr'>relegoque,</span> 
     </span>
     <span class='ocr_line' id='line_1_33' title="bbox 371 3823 2248 3916; baseline -0.003 -25"><span class='ocrx_word' id='word_1_411' title='bbox 371 3825 455 3891; x_wconf 90' lang='lat' dir='ltr'>ultro</span> <span class='ocrx_word' id='word_1_412' title='bbox 477 3823 553 3889; x_wconf 90' lang='lat' dir='ltr'>mihi</span> <span class='ocrx_word' id='word_1_413' title='bbox 574 3843 651 3891; x_wconf 89' lang='lat' dir='ltr'>sese</span> <span class='ocrx_word' id='word_1_414' title='bbox 674 3825 868 3914; x_wconf 87' lang='lat' dir='ltr'>obtulerunt,</span> <span class='ocrx_word' id='word_1_415' title='bbox 890 3827 1038 3914; x_wconf 85' lang='lat' dir='ltr'>exempla</span> <span class='ocrx_word' id='word_1_416' title='bbox 1059 3833 1377 3894; x_wconf 89' lang='lat' dir='ltr'>commemoraturos.</span> <span class='ocrx_word' id='word_1_417' title='bbox 1426 3826 1495 3915; x_wconf 86' lang='lat' dir='ltr'>Sic,</span> <span class='ocrx_word' id='word_1_418' title='bbox 1518 3827 1603 3916; x_wconf 89' lang='lat' dir='ltr'>quod</span> <span class='ocrx_word' id='word_1_419' title='bbox 1628 3827 1849 3910; x_wconf 63' lang='lat' dir='ltr'>Ctriuciusw)</span> <span class='ocrx_word' id='word_1_420' title='bbox 1871 3829 1906 3894; x_wconf 89' lang='lat' dir='ltr'>in</span> <span class='ocrx_word' id='word_1_421' title='bbox 1928 3833 2032 3893; x_wconf 83' lang='lat' dir='ltr'>const.</span> <span class='ocrx_word' id='word_1_422' title='bbox 2059 3824 2127 3891; x_wconf 82' lang='lat' dir='ltr'>lb.</span> <span class='ocrx_word' id='word_1_423' title='bbox 2152 3827 2190 3890; x_wconf 80' lang='lat' dir='ltr'>c.</span> <span class='ocrx_word' id='word_1_424' title='bbox 2212 3824 2248 3887; x_wconf 74' lang='lat' dir='ltr'>l&#39;.</span> 
     </span>
     <span class='ocr_line' id='line_1_34' title="bbox 376 3921 2252 4018; baseline 0 -28"><span class='ocrx_word' id='word_1_425' title='bbox 376 3923 440 3990; x_wconf 77' lang='grc'>34.</span> <span class='ocrx_word' id='word_1_426' title='bbox 464 3921 541 4016; x_wconf 83' lang='lat' dir='ltr'>(qui</span> <span class='ocrx_word' id='word_1_427' title='bbox 563 3923 643 3993; x_wconf 87' lang='lat' dir='ltr'>dare</span> <span class='ocrx_word' id='word_1_428' title='bbox 667 3933 794 3992; x_wconf 90' lang='lat' dir='ltr'>tutores</span> <span class='ocrx_word' id='word_1_429' title='bbox 816 3928 872 3993; x_wconf 93' lang='lat' dir='ltr'>vel</span> <span class='ocrx_word' id='word_1_430' title='bbox 894 3935 1062 3996; x_wconf 89' lang='lat' dir='ltr'>curatores</span> <span class='ocrx_word' id='word_1_431' title='bbox 1085 3922 1245 4018; x_wconf 82' lang='lat' dir='ltr'>possunt)</span> <span class='ocrx_word' id='word_1_432' title='bbox 1274 3928 1496 4016; x_wconf 90' lang='lat' dir='ltr'>inscriptione,</span> <span class='ocrx_word' id='word_1_433' title='bbox 1519 3947 1604 4016; x_wconf 85' lang='lat' dir='ltr'>quae</span> <span class='ocrx_word' id='word_1_434' title='bbox 1625 3930 1673 3997; x_wconf 88' lang='lat' dir='ltr'>ita</span> <span class='ocrx_word' id='word_1_435' title='bbox 1694 3931 1809 3998; x_wconf 86' lang='lat' dir='ltr'>habet:</span> <span class='ocrx_word' id='word_1_436' title='bbox 1838 3929 1945 3995; x_wconf 83' lang='lat' dir='ltr'>Iidem</span> <span class='ocrx_word' id='word_1_437' title='bbox 1965 3945 2023 3992; x_wconf 87' lang='lat' dir='ltr'>oo.</span> <span class='ocrx_word' id='word_1_438' title='bbox 2044 3927 2077 3992; x_wconf 84' lang='lat' dir='ltr'>cl</span> <span class='ocrx_word' id='word_1_439' title='bbox 2098 3945 2152 3992; x_wconf 86' lang='lat' dir='ltr'>cc.</span> <span class='ocrx_word' id='word_1_440' title='bbox 2173 3923 2252 3992; x_wconf 79' lang='lat' dir='ltr'>blo·</span> 
     </span>
     <span class='ocr_line' id='line_1_35' title="bbox 371 4027 2251 4118; baseline -0.001 -28"><span class='ocrx_word' id='word_1_441' title='bbox 371 4029 506 4092; x_wconf 82' lang='lat' dir='ltr'>rentino</span> <span class='ocrx_word' id='word_1_442' title='bbox 527 4027 633 4114; x_wconf 74' lang='lat' dir='ltr'>catilli,</span> <span class='ocrx_word' id='word_1_443' title='bbox 656 4045 770 4094; x_wconf 88' lang='lat' dir='ltr'>vocem</span> <span class='ocrx_word' id='word_1_444' title='bbox 790 4030 887 4096; x_wconf 80' lang='lat' dir='ltr'>militi</span> <span class='ocrx_word' id='word_1_445' title='bbox 907 4029 1078 4098; x_wconf 89' lang='lat' dir='ltr'>delendam</span> <span class='ocrx_word' id='word_1_446' title='bbox 1099 4048 1179 4096; x_wconf 87' lang='lat' dir='ltr'>esse</span> <span class='ocrx_word' id='word_1_447' title='bbox 1200 4029 1312 4117; x_wconf 90' lang='lat' dir='ltr'>voluit,</span> <span class='ocrx_word' id='word_1_448' title='bbox 1334 4029 1418 4116; x_wconf 91' lang='lat' dir='ltr'>quod</span> <span class='ocrx_word' id='word_1_449' title='bbox 1441 4032 1560 4098; x_wconf 88' lang='lat' dir='ltr'>milites</span> <span class='ocrx_word' id='word_1_450' title='bbox 1581 4050 1624 4098; x_wconf 88' lang='lat' dir='ltr'>ne</span> <span class='ocrx_word' id='word_1_451' title='bbox 1646 4033 1800 4098; x_wconf 87' lang='lat' dir='ltr'>volentes</span> <span class='ocrx_word' id='word_1_452' title='bbox 1821 4031 1949 4118; x_wconf 90' lang='lat' dir='ltr'>quidem</span> <span class='ocrx_word' id='word_1_453' title='bbox 1970 4028 2013 4094; x_wconf 91' lang='lat' dir='ltr'>ad</span> <span class='ocrx_word' id='word_1_454' title='bbox 2035 4029 2176 4094; x_wconf 89' lang='lat' dir='ltr'>tutelam</span> <span class='ocrx_word' id='word_1_455' title='bbox 2197 4045 2251 4092; x_wconf 90' lang='lat' dir='ltr'>cu-</span> 
     </span>
     <span class='ocr_line' id='line_1_36' title="bbox 373 4124 2253 4220; baseline -0.002 -27"><span class='ocrx_word' id='word_1_456' title='bbox 373 4145 488 4193; x_wconf 82' lang='lat' dir='ltr'>rumve</span> <span class='ocrx_word' id='word_1_457' title='bbox 508 4125 773 4208; x_wconf 87' lang='lat' dir='ltr'>admitterentur,</span> <span class='ocrx_word' id='word_1_458' title='bbox 795 4129 827 4194; x_wconf 89' lang='lat' dir='ltr'>id</span> <span class='ocrx_word' id='word_1_459' title='bbox 847 4149 990 4198; x_wconf 86' lang='lat' dir='ltr'>summae</span> <span class='ocrx_word' id='word_1_460' title='bbox 1002 4130 1184 4198; x_wconf 87' lang='lat' dir='ltr'>Perusinae</span> <span class='ocrx_word' id='word_1_461' title='bbox 1198 4132 1385 4198; x_wconf 89' lang='lat' dir='ltr'>testimonio</span> <span class='ocrx_word' id='word_1_462' title='bbox 1403 4134 1489 4198; x_wconf 92' lang='lat' dir='ltr'>omni</span> <span class='ocrx_word' id='word_1_463' title='bbox 1503 4151 1546 4199; x_wconf 87' lang='lat' dir='ltr'>ex</span> <span class='ocrx_word' id='word_1_464' title='bbox 1562 4139 1656 4220; x_wconf 87' lang='lat' dir='ltr'>parte</span> <span class='ocrx_word' id='word_1_465' title='bbox 1677 4133 1891 4200; x_wconf 82' lang='lat' dir='ltr'>confirmatur.</span> <span class='ocrx_word' id='word_1_466' title='bbox 1935 4129 1995 4196; x_wconf 84' lang='lat' dir='ltr'>Sic</span> <span class='ocrx_word' id='word_1_467' title='bbox 2017 4129 2106 4194; x_wconf 91' lang='lat' dir='ltr'>enim</span> <span class='ocrx_word' id='word_1_468' title='bbox 2132 4129 2173 4194; x_wconf 86' lang='lat' dir='ltr'>V.</span> <span class='ocrx_word' id='word_1_469' title='bbox 2196 4124 2253 4192; x_wconf 72' lang='grc'>31</span> 
     </span>
     <span class='ocr_line' id='line_1_37' title="bbox 377 4225 2293 4326; baseline -0.002 -30"><span class='ocrx_word' id='word_1_470' title='bbox 377 4229 461 4296; x_wconf 77' lang='grc' dir='ltr'><strong>10.ε</strong></span> <span class='ocrx_word' id='word_1_471' title='bbox 483 4227 579 4295; x_wconf 85' lang='lat' dir='ltr'>Idem</span> <span class='ocrx_word' id='word_1_472' title='bbox 599 4247 631 4295; x_wconf 88' lang='lat' dir='ltr'>a.</span> <span class='ocrx_word' id='word_1_473' title='bbox 652 4232 686 4296; x_wconf 88' lang='lat' dir='ltr'>el·</span> <span class='ocrx_word' id='word_1_474' title='bbox 706 4249 733 4296; x_wconf 88' lang='lat' dir='ltr'>c.</span> <span class='ocrx_word' id='word_1_475' title='bbox 757 4229 997 4298; x_wconf 62' lang='grc' dir='ltr'><strong>110111111ομ-</strong></span> <span class='ocrx_word' id='word_1_476' title='bbox 1014 4235 1130 4299; x_wconf 88' lang='lat' dir='ltr'>Const.</span> <span class='ocrx_word' id='word_1_477' title='bbox 1155 4231 1191 4298; x_wconf 93' lang='grc'><strong>2.</strong></span> <span class='ocrx_word' id='word_1_478' title='bbox 1216 4230 1254 4299; x_wconf 82' lang='lat' dir='ltr'>C.</span> <span class='ocrx_word' id='word_1_479' title='bbox 1279 4230 1354 4298; x_wconf 87' lang='lat' dir='ltr'>vll.</span> <span class='ocrx_word' id='word_1_480' title='bbox 1378 4231 1441 4301; x_wconf 88' lang='grc'>67.</span> <span class='ocrx_word' id='word_1_481' title='bbox 1466 4231 1531 4326; x_wconf 84' lang='lat' dir='ltr'>(de</span> <span class='ocrx_word' id='word_1_482' title='bbox 1552 4235 1616 4320; x_wconf 87' lang='lat' dir='ltr'>his,</span> <span class='ocrx_word' id='word_1_483' title='bbox 1639 4237 1691 4322; x_wconf 89' lang='lat' dir='ltr'>qui</span> <span class='ocrx_word' id='word_1_484' title='bbox 1714 4253 1774 4322; x_wconf 91' lang='lat' dir='ltr'>per</span> <span class='ocrx_word' id='word_1_485' title='bbox 1796 4239 1913 4306; x_wconf 89' lang='lat' dir='ltr'>metum</span> <span class='ocrx_word' id='word_1_486' title='bbox 1935 4225 2075 4319; x_wconf 82' lang='lat' dir='ltr'>iudicis)</span> <span class='ocrx_word' id='word_1_487' title='bbox 2092 4229 2181 4315; x_wconf 81' lang='lat' dir='ltr'>lurp.</span> <span class='ocrx_word' id='word_1_488' title='bbox 2194 4227 2253 4294; x_wconf 84' lang='lat' dir='ltr'>lu·</span> <span class='ocrx_word' id='word_1_489' title='bbox 2292 4309 2293 4314; x_wconf 6' lang='grc' dir='ltr'><strong>Ἰ</strong></span> 
     </span>
     <span class='ocr_line' id='line_1_38' title="bbox 375 4325 2255 4418; baseline -0.001 -22"><span class='ocrx_word' id='word_1_490' title='bbox 375 4331 492 4396; x_wconf 81' lang='lat' dir='ltr'>liumus</span> <span class='ocrx_word' id='word_1_491' title='bbox 514 4349 547 4395; x_wconf 84' lang='lat' dir='ltr'>o.</span> <span class='ocrx_word' id='word_1_492' title='bbox 565 4326 776 4410; x_wconf 75' lang='lat' dir='ltr'>Gembo’crro,</span> <span class='ocrx_word' id='word_1_493' title='bbox 797 4333 850 4397; x_wconf 93' lang='lat' dir='ltr'>ubi</span> <span class='ocrx_word' id='word_1_494' title='bbox 867 4329 1177 4418; x_wconf 73' lang='lat' dir='ltr'>spoapersberyios,</span> <span class='ocrx_word' id='word_1_495' title='bbox 1200 4332 1289 4398; x_wconf 92' lang='lat' dir='ltr'>etin</span> <span class='ocrx_word' id='word_1_496' title='bbox 1311 4333 1403 4399; x_wconf 88' lang='lat' dir='ltr'>libris</span> <span class='ocrx_word' id='word_1_497' title='bbox 1425 4355 1506 4402; x_wconf 90' lang='lat' dir='ltr'>mss.</span> <span class='ocrx_word' id='word_1_498' title='bbox 1529 4342 1565 4404; x_wconf 91' lang='lat' dir='ltr'>et</span> <span class='ocrx_word' id='word_1_499' title='bbox 1587 4337 1619 4402; x_wconf 93' lang='lat' dir='ltr'>in</span> <span class='ocrx_word' id='word_1_500' title='bbox 1643 4334 1863 4403; x_wconf 84' lang='lat' dir='ltr'>Theodosiani</span> <span class='ocrx_word' id='word_1_501' title='bbox 1886 4331 2019 4398; x_wconf 81' lang='lat' dir='ltr'>Codicis</span> <span class='ocrx_word' id='word_1_502' title='bbox 2034 4329 2095 4396; x_wconf 81' lang='lat' dir='ltr'>xi.</span> <span class='ocrx_word' id='word_1_503' title='bbox 2114 4330 2182 4396; x_wconf 89' lang='grc'><strong>311.</strong></span> <span class='ocrx_word' id='word_1_504' title='bbox 2197 4325 2255 4394; x_wconf 79' lang='grc'>33.</span> 
     </span>
     <span class='ocr_line' id='line_1_39' title="bbox 371 4428 2255 4518; baseline -0.001 -23"><span class='ocrx_word' id='word_1_505' title='bbox 371 4432 420 4496; x_wconf 89' lang='lat' dir='ltr'>od</span> <span class='ocrx_word' id='word_1_506' title='bbox 442 4428 709 4496; x_wconf 63' lang='lat' dir='ltr'>(domnoniensem</span> <span class='ocrx_word' id='word_1_507' title='bbox 727 4451 783 4518; x_wconf 84' lang='lat' dir='ltr'>pp.</span> <span class='ocrx_word' id='word_1_508' title='bbox 816 4432 929 4498; x_wconf 90' lang='lat' dir='ltr'>haberi</span> <span class='ocrx_word' id='word_1_509' title='bbox 951 4433 1144 4502; x_wconf 89' lang='lat' dir='ltr'>adnotavit..</span> <span class='ocrx_word' id='word_1_510' title='bbox 1180 4431 1283 4515; x_wconf 78' lang='lat' dir='ltr'>Quom</span> <span class='ocrx_word' id='word_1_511' title='bbox 1315 4453 1383 4501; x_wconf 90' lang='lat' dir='ltr'>rem</span> <span class='ocrx_word' id='word_1_512' title='bbox 1405 4443 1440 4500; x_wconf 89' lang='lat' dir='ltr'>et</span> <span class='ocrx_word' id='word_1_513' title='bbox 1467 4456 1593 4504; x_wconf 88' lang='lat' dir='ltr'>summa</span> <span class='ocrx_word' id='word_1_514' title='bbox 1620 4436 1781 4502; x_wconf 87' lang='lat' dir='ltr'>Perusina</span> <span class='ocrx_word' id='word_1_515' title='bbox 1807 4433 1883 4502; x_wconf 80' lang='lat' dir='ltr'>vll.</span> <span class='ocrx_word' id='word_1_516' title='bbox 1918 4431 1980 4500; x_wconf 90' lang='grc'>67.</span> <span class='ocrx_word' id='word_1_517' title='bbox 2008 4431 2042 4498; x_wconf 86' lang='grc'><strong>2.</strong></span> <span class='ocrx_word' id='word_1_518' title='bbox 2071 4431 2255 4497; x_wconf 85' lang='lat' dir='ltr'>confirmat:</span> 
     </span>
     <span class='ocr_line' id='line_1_40' title="bbox 372 4529 2255 4624; baseline -0.001 -29"><span class='ocrx_word' id='word_1_519' title='bbox 372 4531 478 4618; x_wconf 73' lang='lat' dir='ltr'>liupr.</span> <span class='ocrx_word' id='word_1_520' title='bbox 512 4529 668 4598; x_wconf 79' lang='lat' dir='ltr'>lulianus</span> <span class='ocrx_word' id='word_1_521' title='bbox 689 4554 720 4600; x_wconf 94' lang='lat' dir='ltr'>o.</span> <span class='ocrx_word' id='word_1_522' title='bbox 747 4533 980 4600; x_wconf 80' lang='lat' dir='ltr'>Germaniano</span> <span class='ocrx_word' id='word_1_523' title='bbox 1001 4537 1055 4613; x_wconf 69' lang='lat' dir='ltr'>rip.</span> <span class='ocrx_word' id='word_1_524' title='bbox 1098 4535 1216 4602; x_wconf 84' lang='lat' dir='ltr'>Recte.</span> <span class='ocrx_word' id='word_1_525' title='bbox 1260 4535 1346 4602; x_wconf 92' lang='lat' dir='ltr'>Vide</span> <span class='ocrx_word' id='word_1_526' title='bbox 1375 4535 1536 4602; x_wconf 84' lang='lat' dir='ltr'>Iacobum</span> <span class='ocrx_word' id='word_1_527' title='bbox 1564 4535 1812 4624; x_wconf 83' lang='lat' dir='ltr'>Gothofrcdum</span> <span class='ocrx_word' id='word_1_528' title='bbox 1838 4533 1880 4602; x_wconf 88' lang='lat' dir='ltr'>ad</span> <span class='ocrx_word' id='word_1_529' title='bbox 1908 4534 1971 4600; x_wconf 79' lang='lat' dir='ltr'>Th.</span> <span class='ocrx_word' id='word_1_530' title='bbox 2002 4533 2083 4600; x_wconf 82' lang='lat' dir='ltr'>cod.</span> <span class='ocrx_word' id='word_1_531' title='bbox 2116 4533 2140 4598; x_wconf 97' lang='lat' dir='ltr'>l.</span> <span class='ocrx_word' id='word_1_532' title='bbox 2163 4533 2185 4598; x_wconf 93' lang='lat' dir='ltr'>l.</span> <span class='ocrx_word' id='word_1_533' title='bbox 2207 4531 2255 4597; x_wconf 88' lang='lat' dir='ltr'>ed.</span> 
     </span>
     <span class='ocr_line' id='line_1_41' title="bbox 371 4631 2258 4728; baseline -0.001 -29"><span class='ocrx_word' id='word_1_534' title='bbox 371 4633 495 4700; x_wconf 76' lang='lat' dir='ltr'>Ritteri</span> <span class='ocrx_word' id='word_1_535' title='bbox 517 4639 591 4698; x_wconf 89' lang='lat' dir='ltr'>tom.</span> <span class='ocrx_word' id='word_1_536' title='bbox 613 4633 672 4698; x_wconf 86' lang='lat' dir='ltr'>lv.</span> <span class='ocrx_word' id='word_1_537' title='bbox 695 4653 726 4720; x_wconf 93' lang='lat' dir='ltr'>p.</span> <span class='ocrx_word' id='word_1_538' title='bbox 751 4631 842 4700; x_wconf 90' lang='grc'><strong>262.</strong></span> <span class='ocrx_word' id='word_1_539' title='bbox 865 4640 931 4700; x_wconf 87' lang='lat' dir='ltr'>not.</span> <span class='ocrx_word' id='word_1_540' title='bbox 952 4631 1054 4726; x_wconf 85' lang='lat' dir='ltr'>b).-</span> <span class='ocrx_word' id='word_1_541' title='bbox 1078 4635 1189 4703; x_wconf 88' lang='lat' dir='ltr'>Const.</span> <span class='ocrx_word' id='word_1_542' title='bbox 1205 4637 1239 4703; x_wconf 88' lang='grc'>2.</span> <span class='ocrx_word' id='word_1_543' title='bbox 1259 4635 1297 4704; x_wconf 86' lang='lat' dir='ltr'>C.</span> <span class='ocrx_word' id='word_1_544' title='bbox 1314 4636 1373 4702; x_wconf 85' lang='lat' dir='ltr'>vl.</span> <span class='ocrx_word' id='word_1_545' title='bbox 1398 4637 1459 4702; x_wconf 92' lang='grc'>13.</span> <span class='ocrx_word' id='word_1_546' title='bbox 1491 4633 1556 4728; x_wconf 82' lang='lat' dir='ltr'>(de</span> <span class='ocrx_word' id='word_1_547' title='bbox 1580 4639 1734 4705; x_wconf 91' lang='lat' dir='ltr'>bonorum</span> <span class='ocrx_word' id='word_1_548' title='bbox 1757 4637 1969 4723; x_wconf 88' lang='lat' dir='ltr'>possessione</span> <span class='ocrx_word' id='word_1_549' title='bbox 1992 4641 2109 4700; x_wconf 86' lang='lat' dir='ltr'>contra</span> <span class='ocrx_word' id='word_1_550' title='bbox 2133 4633 2258 4700; x_wconf 86' lang='lat' dir='ltr'>tabulas</span> 
     </span>
     <span class='ocr_line' id='line_1_42' title="bbox 372 4726 2258 4824; baseline 0.001 -26"><span class='ocrx_word' id='word_1_551' title='bbox 372 4726 503 4822; x_wconf 77' lang='lat' dir='ltr'>liberti)</span> <span class='ocrx_word' id='word_1_552' title='bbox 525 4731 611 4818; x_wconf 83' lang='lat' dir='ltr'>lurp.</span> <span class='ocrx_word' id='word_1_553' title='bbox 634 4733 839 4802; x_wconf 81' lang='lat' dir='ltr'>Auuslorius</span> <span class='ocrx_word' id='word_1_554' title='bbox 861 4756 893 4802; x_wconf 87' lang='lat' dir='ltr'>o.</span> <span class='ocrx_word' id='word_1_555' title='bbox 916 4737 1163 4824; x_wconf 78' lang='lat' dir='ltr'>Asclepiodoto.</span> <span class='ocrx_word' id='word_1_556' title='bbox 1204 4737 1243 4806; x_wconf 92' lang='lat' dir='ltr'>ln</span> <span class='ocrx_word' id='word_1_557' title='bbox 1265 4738 1487 4806; x_wconf 78' lang='lat' dir='ltr'>Theodosiani</span> <span class='ocrx_word' id='word_1_558' title='bbox 1510 4739 1643 4805; x_wconf 86' lang='lat' dir='ltr'>Codicis</span> <span class='ocrx_word' id='word_1_559' title='bbox 1664 4740 1722 4805; x_wconf 87' lang='lat' dir='ltr'>lV.</span> <span class='ocrx_word' id='word_1_560' title='bbox 1745 4737 1783 4804; x_wconf 83' lang='lat'>4.</span> <span class='ocrx_word' id='word_1_561' title='bbox 1807 4737 1842 4803; x_wconf 93' lang='grc'>7.</span> <span class='ocrx_word' id='word_1_562' title='bbox 1871 4743 1904 4802; x_wconf 92' lang='lat' dir='ltr'>ln</span> <span class='ocrx_word' id='word_1_563' title='bbox 1926 4735 2039 4803; x_wconf 87' lang='lat' dir='ltr'>codice</span> <span class='ocrx_word' id='word_1_564' title='bbox 2061 4733 2105 4801; x_wconf 81' lang='grc'><strong>6.</strong></span> <span class='ocrx_word' id='word_1_565' title='bbox 2132 4742 2170 4802; x_wconf 93' lang='lat' dir='ltr'>et</span> <span class='ocrx_word' id='word_1_566' title='bbox 2194 4736 2258 4799; x_wconf 82' lang='lat' dir='ltr'>l‘a-</span> 
     </span>
     <span class='ocr_line' id='line_1_43' title="bbox 376 4833 2274 4927; baseline 0 -29"><span class='ocrx_word' id='word_1_567' title='bbox 376 4833 511 4902; x_wconf 88' lang='lat' dir='ltr'>risiensi</span> <span class='ocrx_word' id='word_1_568' title='bbox 538 4833 646 4900; x_wconf 85' lang='lat' dir='ltr'>Contii</span> <span class='ocrx_word' id='word_1_569' title='bbox 673 4836 817 4904; x_wconf 89' lang='lat' dir='ltr'>editione</span> <span class='ocrx_word' id='word_1_570' title='bbox 844 4838 908 4904; x_wconf 89' lang='lat' dir='ltr'>iam</span> <span class='ocrx_word' id='word_1_571' title='bbox 935 4858 1000 4904; x_wconf 92' lang='lat' dir='ltr'>non</span> <span class='ocrx_word' id='word_1_572' title='bbox 1022 4841 1218 4927; x_wconf 83' lang='lat' dir='ltr'>Anastasio,</span> <span class='ocrx_word' id='word_1_573' title='bbox 1261 4859 1374 4908; x_wconf 88' lang='lat' dir='ltr'>verum</span> <span class='ocrx_word' id='word_1_574' title='bbox 1409 4839 1597 4909; x_wconf 83' lang='lat' dir='ltr'>Theodosio</span> <span class='ocrx_word' id='word_1_575' title='bbox 1624 4842 1782 4908; x_wconf 89' lang='lat' dir='ltr'>tribuitur.</span> <span class='ocrx_word' id='word_1_576' title='bbox 1840 4835 2031 4923; x_wconf 85' lang='lat' dir='ltr'>Legendum</span> <span class='ocrx_word' id='word_1_577' title='bbox 2059 4855 2144 4922; x_wconf 86' lang='lat' dir='ltr'>ergo</span> <span class='ocrx_word' id='word_1_578' title='bbox 2177 4834 2274 4921; x_wconf 81' lang='lat' dir='ltr'>lurp.-</span> 
     </span>
    </p>
   </div>
   <div class='ocr_carea' id='block_1_5' title="bbox 373 4928 2264 5331">
    <p class='ocr_par' dir='ltr' id='par_1_7' title="bbox 373 4928 2264 5331">
     <span class='ocr_line' id='line_1_44' title="bbox 378 4928 2257 5029; baseline 0.001 -32"><span class='ocrx_word' id='word_1_579' title='bbox 378 4928 595 5000; x_wconf 76' lang='lat' dir='ltr'>Theodosius</span> <span class='ocrx_word' id='word_1_580' title='bbox 615 4955 647 5000; x_wconf 90' lang='lat' dir='ltr'>o.</span> <span class='ocrx_word' id='word_1_581' title='bbox 671 4937 917 5023; x_wconf 80' lang='lat' dir='ltr'>Asclepiodoto.</span> <span class='ocrx_word' id='word_1_582' title='bbox 962 4939 1097 5008; x_wconf 89' lang='lat' dir='ltr'>Summa</span> <span class='ocrx_word' id='word_1_583' title='bbox 1126 4941 1289 5008; x_wconf 89' lang='lat' dir='ltr'>Perusina</span> <span class='ocrx_word' id='word_1_584' title='bbox 1316 4941 1373 5006; x_wconf 85' lang='lat' dir='ltr'>Vl.</span> <span class='ocrx_word' id='word_1_585' title='bbox 1407 4940 1468 5006; x_wconf 88' lang='grc'><strong>13.</strong></span> <span class='ocrx_word' id='word_1_586' title='bbox 1498 4939 1551 5007; x_wconf 76' lang='grc' dir='ltr'><strong>2.ε</strong></span> <span class='ocrx_word' id='word_1_587' title='bbox 1588 4942 1673 5029; x_wconf 85' lang='lat' dir='ltr'>Imp.</span> <span class='ocrx_word' id='word_1_588' title='bbox 1708 4937 1918 5007; x_wconf 84' lang='lat' dir='ltr'>Theodosius</span> <span class='ocrx_word' id='word_1_589' title='bbox 1947 4957 1980 5004; x_wconf 93' lang='lat' dir='ltr'>o.</span> <span class='ocrx_word' id='word_1_590' title='bbox 2008 4937 2257 5024; x_wconf 83' lang='lat' dir='ltr'>Asclepiodoto.</span> 
     </span>
     <span class='ocr_line' id='line_1_45' title="bbox 373 5033 2263 5132; baseline 0.002 -33"><span class='ocrx_word' id='word_1_591' title='bbox 373 5033 524 5122; x_wconf 89' lang='lat' dir='ltr'>Denique</span> <span class='ocrx_word' id='word_1_592' title='bbox 547 5043 651 5102; x_wconf 90' lang='lat' dir='ltr'>const.</span> <span class='ocrx_word' id='word_1_593' title='bbox 676 5036 712 5104; x_wconf 84' lang='grc'><strong>8.</strong></span> <span class='ocrx_word' id='word_1_594' title='bbox 737 5040 774 5104; x_wconf 88' lang='lat' dir='ltr'>C.</span> <span class='ocrx_word' id='word_1_595' title='bbox 800 5038 858 5104; x_wconf 90' lang='lat' dir='ltr'>Vl.</span> <span class='ocrx_word' id='word_1_596' title='bbox 883 5037 946 5104; x_wconf 89' lang='grc'>36.</span> <span class='ocrx_word' id='word_1_597' title='bbox 977 5037 1042 5132; x_wconf 82' lang='lat' dir='ltr'>(de</span> <span class='ocrx_word' id='word_1_598' title='bbox 1064 5037 1264 5132; x_wconf 80' lang='lat' dir='ltr'>codicillis),</span> <span class='ocrx_word' id='word_1_599' title='bbox 1309 5060 1393 5130; x_wconf 87' lang='lat' dir='ltr'>quae</span> <span class='ocrx_word' id='word_1_600' title='bbox 1423 5060 1466 5106; x_wconf 84' lang='lat' dir='ltr'>ex</span> <span class='ocrx_word' id='word_1_601' title='bbox 1492 5041 1606 5110; x_wconf 88' lang='lat' dir='ltr'>eadem</span> <span class='ocrx_word' id='word_1_602' title='bbox 1635 5049 1740 5112; x_wconf 91' lang='lat' dir='ltr'>const.</span> <span class='ocrx_word' id='word_1_603' title='bbox 1765 5041 1798 5107; x_wconf 87' lang='grc'>7.</span> <span class='ocrx_word' id='word_1_604' title='bbox 1825 5042 1864 5106; x_wconf 86' lang='lat' dir='ltr'>C.</span> <span class='ocrx_word' id='word_1_605' title='bbox 1888 5039 1950 5104; x_wconf 84' lang='lat' dir='ltr'>Th.</span> <span class='ocrx_word' id='word_1_606' title='bbox 1973 5037 2033 5104; x_wconf 85' lang='lat' dir='ltr'>lv.</span> <span class='ocrx_word' id='word_1_607' title='bbox 2056 5037 2092 5104; x_wconf 83' lang='lat'>4.</span> <span class='ocrx_word' id='word_1_608' title='bbox 2120 5039 2263 5106; x_wconf 87' lang='lat' dir='ltr'>deducta</span> 
     </span>
     <span class='ocr_line' id='line_1_46' title="bbox 374 5133 2264 5236; baseline 0.002 -35"><span class='ocrx_word' id='word_1_609' title='bbox 374 5141 447 5201; x_wconf 85' lang='lat' dir='ltr'>est:</span> <span class='ocrx_word' id='word_1_610' title='bbox 470 5133 553 5221; x_wconf 82' lang='lat' dir='ltr'>lurp.</span> <span class='ocrx_word' id='word_1_611' title='bbox 583 5133 791 5204; x_wconf 81' lang='lat' dir='ltr'>Theodosius</span> <span class='ocrx_word' id='word_1_612' title='bbox 813 5159 846 5206; x_wconf 90' lang='lat' dir='ltr'>a.</span> <span class='ocrx_word' id='word_1_613' title='bbox 868 5139 1106 5228; x_wconf 78' lang='lat' dir='ltr'>Asclepiodoto</span> <span class='ocrx_word' id='word_1_614' title='bbox 1133 5145 1186 5222; x_wconf 68' lang='lat'><em>171¹·</em></span> <span class='ocrx_word' id='word_1_615' title='bbox 1210 5180 1252 5192; x_wconf 89' lang='lat'><em>-</em></span> <span class='ocrx_word' id='word_1_616' title='bbox 1297 5146 1411 5209; x_wconf 88' lang='lat' dir='ltr'>Const.</span> <span class='ocrx_word' id='word_1_617' title='bbox 1442 5143 1473 5208; x_wconf 91' lang='lat'>1.</span> <span class='ocrx_word' id='word_1_618' title='bbox 1499 5145 1585 5208; x_wconf 85' lang='lat' dir='ltr'>c.1.</span> <span class='ocrx_word' id='word_1_619' title='bbox 1612 5145 1672 5210; x_wconf 85' lang='grc'>17.</span> <span class='ocrx_word' id='word_1_620' title='bbox 1697 5141 1762 5236; x_wconf 85' lang='lat' dir='ltr'>(de</span> <span class='ocrx_word' id='word_1_621' title='bbox 1789 5149 1906 5208; x_wconf 83' lang='lat' dir='ltr'>vetere</span> <span class='ocrx_word' id='word_1_622' title='bbox 1932 5141 2002 5205; x_wconf 89' lang='lat' dir='ltr'>iure</span> <span class='ocrx_word' id='word_1_623' title='bbox 2030 5135 2264 5228; x_wconf 84' lang='lat' dir='ltr'>enrrcleando)</span> 
     </span>
     <span class='ocr_line' id='line_1_47' title="bbox 374 5235 2264 5331; baseline 0.006 -33"><span class='ocrx_word' id='word_1_624' title='bbox 374 5235 409 5301; x_wconf 90' lang='lat' dir='ltr'>in</span> <span class='ocrx_word' id='word_1_625' title='bbox 430 5237 572 5303; x_wconf 89' lang='lat' dir='ltr'>editione</span> <span class='ocrx_word' id='word_1_626' title='bbox 593 5237 806 5306; x_wconf 81' lang='lat' dir='ltr'>llcrrrrrcrmi</span> <span class='ocrx_word' id='word_1_627' title='bbox 826 5242 911 5308; x_wconf 87' lang='lat' dir='ltr'>hanc</span> <span class='ocrx_word' id='word_1_628' title='bbox 933 5244 1081 5330; x_wconf 77' lang='lat' dir='ltr'>praefert</span> <span class='ocrx_word' id='word_1_629' title='bbox 1101 5243 1362 5331; x_wconf 87' lang='lat' dir='ltr'>inscriptionemr</span> <span class='ocrx_word' id='word_1_630' title='bbox 1404 5242 1598 5331; x_wconf 84' lang='lat' dir='ltr'>lorpcrolor</span> <span class='ocrx_word' id='word_1_631' title='bbox 1619 5244 1764 5312; x_wconf 77' lang='lat' dir='ltr'>Flavius</span> <span class='ocrx_word' id='word_1_632' title='bbox 1785 5242 1997 5309; x_wconf 73' lang='lat' dir='ltr'>lastinianus</span> <span class='ocrx_word' id='word_1_633' title='bbox 2003 5285 2015 5326; x_wconf 91' lang='lat'>,</span> <span class='ocrx_word' id='word_1_634' title='bbox 2040 5243 2138 5329; x_wconf 76' lang='lat' dir='ltr'>piros,</span> <span class='ocrx_word' id='word_1_635' title='bbox 2161 5241 2264 5327; x_wconf 73' lang='lat' dir='ltr'>selis,</span> 
     </span>
    </p>
   </div>
   <div class='ocr_carea' id='block_1_6' title="bbox 377 5511 2268 5664">
    <p class='ocr_par' dir='ltr' id='par_1_8' title="bbox 377 5511 2268 5664">
     <span class='ocr_line' id='line_1_48' title="bbox 526 5511 2268 5582; baseline -0.005 -12"><span class='ocrx_word' id='word_1_636' title='bbox 526 5511 638 5570; x_wconf 83' lang='lat' dir='ltr'>⁷1)Vl·</span> <span class='ocrx_word' id='word_1_637' title='bbox 656 5512 681 5560; x_wconf 83' lang='lat'>8·</span> <span class='ocrx_word' id='word_1_638' title='bbox 699 5513 723 5562; x_wconf 79' lang='grc'>3.</span> <span class='ocrx_word' id='word_1_639' title='bbox 760 5513 822 5564; x_wconf 78' lang='lat' dir='ltr'>Leor</span> <span class='ocrx_word' id='word_1_640' title='bbox 838 5511 867 5564; x_wconf 78' lang='grc'><strong>6.</strong></span> <span class='ocrx_word' id='word_1_641' title='bbox 903 5516 981 5568; x_wconf 77' lang='lat' dir='ltr'>ideas</span> <span class='ocrx_word' id='word_1_642' title='bbox 996 5531 1025 5568; x_wconf 85' lang='lat' dir='ltr'>a.</span> <span class='ocrx_word' id='word_1_643' title='bbox 1044 5516 1153 5568; x_wconf 74' lang='lat' dir='ltr'>Uecillo.</span> <span class='ocrx_word' id='word_1_644' title='bbox 1188 5517 1293 5568; x_wconf 82' lang='lat' dir='ltr'>Liberti</span> <span class='ocrx_word' id='word_1_645' title='bbox 1315 5516 1477 5567; x_wconf 85' lang='lat' dir='ltr'>libertorum</span> <span class='ocrx_word' id='word_1_646' title='bbox 1494 5529 1591 5582; x_wconf 84' lang='lat' dir='ltr'>operas</span> <span class='ocrx_word' id='word_1_647' title='bbox 1608 5520 1730 5580; x_wconf 83' lang='lat' dir='ltr'>patronis</span> <span class='ocrx_word' id='word_1_648' title='bbox 1756 5521 1932 5580; x_wconf 79' lang='lat' dir='ltr'>patronorum</span> <span class='ocrx_word' id='word_1_649' title='bbox 1953 5524 2065 5566; x_wconf 83' lang='lat' dir='ltr'>reorum</span> <span class='ocrx_word' id='word_1_650' title='bbox 2086 5514 2193 5566; x_wconf 74' lang='lat' dir='ltr'>facere</span> <span class='ocrx_word' id='word_1_651' title='bbox 2214 5519 2268 5563; x_wconf 75' lang='lat' dir='ltr'>nod</span> 
     </span>
     <span class='ocr_line' id='line_1_49' title="bbox 377 5588 2267 5664; baseline 0.003 -27"><span class='ocrx_word' id='word_1_652' title='bbox 377 5588 490 5641; x_wconf 74' lang='lat' dir='ltr'>sacient.</span> <span class='ocrx_word' id='word_1_653' title='bbox 590 5595 639 5654; x_wconf 79' lang='grc'><strong>72)</strong></span> <span class='ocrx_word' id='word_1_654' title='bbox 656 5595 674 5644; x_wconf 90' lang='grc'>1.</span> <span class='ocrx_word' id='word_1_655' title='bbox 693 5597 713 5646; x_wconf 95' lang='lat' dir='ltr'>l.</span> <span class='ocrx_word' id='word_1_656' title='bbox 732 5611 758 5659; x_wconf 92' lang='lat' dir='ltr'>p.</span> <span class='ocrx_word' id='word_1_657' title='bbox 775 5597 817 5647; x_wconf 86' lang='grc'>71.</span> <span class='ocrx_word' id='word_1_658' title='bbox 836 5603 864 5648; x_wconf 90' lang='lat' dir='ltr'>et</span> <span class='ocrx_word' id='word_1_659' title='bbox 880 5612 921 5662; x_wconf 85' lang='lat' dir='ltr'>sq.</span> <span class='ocrx_word' id='word_1_660' title='bbox 1036 5599 1083 5660; x_wconf 92' lang='grc'>73)</span> <span class='ocrx_word' id='word_1_661' title='bbox 1101 5601 1120 5651; x_wconf 92' lang='lat' dir='ltr'>l.</span> <span class='ocrx_word' id='word_1_662' title='bbox 1138 5601 1157 5650; x_wconf 93' lang='lat' dir='ltr'>l.</span> <span class='ocrx_word' id='word_1_663' title='bbox 1174 5613 1201 5664; x_wconf 90' lang='lat' dir='ltr'>p.</span> <span class='ocrx_word' id='word_1_664' title='bbox 1219 5601 1262 5652; x_wconf 84' lang='lat' dir='ltr'>eo.</span> <span class='ocrx_word' id='word_1_665' title='bbox 1381 5599 1430 5658; x_wconf 81' lang='grc'>71)</span> <span class='ocrx_word' id='word_1_666' title='bbox 1446 5600 1488 5649; x_wconf 82' lang='lat' dir='ltr'>Ad</span> <span class='ocrx_word' id='word_1_667' title='bbox 1504 5602 1681 5652; x_wconf 85' lang='lat' dir='ltr'>Baslllcorum</span> <span class='ocrx_word' id='word_1_668' title='bbox 1699 5601 1771 5651; x_wconf 82' lang='grc'><strong>1111.</strong></span> <span class='ocrx_word' id='word_1_669' title='bbox 1791 5601 1816 5650; x_wconf 91' lang='grc'>1.</span> <span class='ocrx_word' id='word_1_670' title='bbox 1834 5603 1880 5652; x_wconf 84' lang='grc'>33.</span> <span class='ocrx_word' id='word_1_671' title='bbox 1899 5606 1961 5651; x_wconf 85' lang='lat' dir='ltr'>torn.</span> <span class='ocrx_word' id='word_1_672' title='bbox 1980 5599 2000 5648; x_wconf 87' lang='lat' dir='ltr'>l.</span> <span class='ocrx_word' id='word_1_673' title='bbox 2018 5613 2044 5663; x_wconf 92' lang='lat' dir='ltr'>p.</span> <span class='ocrx_word' id='word_1_674' title='bbox 2061 5599 2129 5650; x_wconf 77' lang='grc'><strong>333.</strong></span> <span class='ocrx_word' id='word_1_675' title='bbox 2149 5601 2210 5648; x_wconf 83' lang='lat' dir='ltr'>not.</span> <span class='ocrx_word' id='word_1_676' title='bbox 2227 5597 2267 5654; x_wconf 77' lang='lat' dir='ltr'>h).</span> 
     </span>
    </p>
   </div>
   <div class='ocr_carea' id='block_1_7' title="bbox 376 5673 2269 5832">
    <p class='ocr_par' dir='ltr' id='par_1_9' title="bbox 376 5673 2269 5832">
     <span class='ocr_line' id='line_1_50' title="bbox 376 5673 2269 5750; baseline 0.011 -28"><span class='ocrx_word' id='word_1_677' title='bbox 376 5673 602 5740; x_wconf 72' lang='grc' dir='ltr'><strong>73)1.1.μ.76.</strong></span> <span class='ocrx_word' id='word_1_678' title='bbox 704 5681 751 5739; x_wconf 86' lang='grc'><strong>76)</strong></span> <span class='ocrx_word' id='word_1_679' title='bbox 769 5681 787 5729; x_wconf 92' lang='lat' dir='ltr'>l.</span> <span class='ocrx_word' id='word_1_680' title='bbox 806 5681 825 5729; x_wconf 90' lang='lat' dir='ltr'>l.</span> <span class='ocrx_word' id='word_1_681' title='bbox 843 5695 869 5744; x_wconf 88' lang='lat' dir='ltr'>p.</span> <span class='ocrx_word' id='word_1_682' title='bbox 888 5685 930 5732; x_wconf 80' lang='grc'>63.</span> <span class='ocrx_word' id='word_1_683' title='bbox 1031 5683 1079 5743; x_wconf 84' lang='grc'>77)</span> <span class='ocrx_word' id='word_1_684' title='bbox 1097 5685 1127 5732; x_wconf 92' lang='lat' dir='ltr'>ln</span> <span class='ocrx_word' id='word_1_685' title='bbox 1143 5685 1228 5735; x_wconf 83' lang='lat' dir='ltr'>libro:</span> <span class='ocrx_word' id='word_1_686' title='bbox 1264 5683 1429 5749; x_wconf 68' lang='lat' dir='ltr'>zeitschrift</span> <span class='ocrx_word' id='word_1_687' title='bbox 1448 5683 1501 5748; x_wconf 77' lang='lat' dir='ltr'>sair</span> <span class='ocrx_word' id='word_1_688' title='bbox 1524 5683 1732 5749; x_wconf 78' lang='lat' dir='ltr'>percbtcbtlirlrc</span> <span class='ocrx_word' id='word_1_689' title='bbox 1754 5683 2046 5750; x_wconf 71' lang='lat' dir='ltr'>Rerbtorolrrcrracbull</span> <span class='ocrx_word' id='word_1_690' title='bbox 2065 5682 2113 5732; x_wconf 78' lang='lat' dir='ltr'>erl·</span> <span class='ocrx_word' id='word_1_691' title='bbox 2141 5683 2269 5746; x_wconf 68' lang='lat' dir='ltr'>&amp;cipue</span> 
     </span>
     <span class='ocr_line' id='line_1_51' title="bbox 377 5756 1597 5832; baseline 0.008 -26"><span class='ocrx_word' id='word_1_692' title='bbox 377 5759 441 5806; x_wconf 84' lang='lat' dir='ltr'>tem.</span> <span class='ocrx_word' id='word_1_693' title='bbox 461 5756 508 5809; x_wconf 93' lang='lat' dir='ltr'>lll.</span> <span class='ocrx_word' id='word_1_694' title='bbox 526 5775 551 5824; x_wconf 92' lang='lat' dir='ltr'>p.</span> <span class='ocrx_word' id='word_1_695' title='bbox 568 5763 628 5812; x_wconf 83' lang='lat' dir='ltr'>aar.</span> <span class='ocrx_word' id='word_1_696' title='bbox 730 5763 780 5821; x_wconf 82' lang='grc'><strong>78)</strong></span> <span class='ocrx_word' id='word_1_697' title='bbox 798 5763 1023 5814; x_wconf 82' lang='lat' dir='ltr'>Observationum</span> <span class='ocrx_word' id='word_1_698' title='bbox 1040 5771 1068 5816; x_wconf 85' lang='lat' dir='ltr'>et</span> <span class='ocrx_word' id='word_1_699' title='bbox 1091 5768 1306 5820; x_wconf 82' lang='lat' dir='ltr'>emendationum</span> <span class='ocrx_word' id='word_1_700' title='bbox 1323 5769 1370 5818; x_wconf 89' lang='lat' dir='ltr'>lib.</span> <span class='ocrx_word' id='word_1_701' title='bbox 1389 5767 1479 5817; x_wconf 83' lang='lat' dir='ltr'>xvll.</span> <span class='ocrx_word' id='word_1_702' title='bbox 1496 5779 1554 5832; x_wconf 85' lang='lat' dir='ltr'>cap.</span> <span class='ocrx_word' id='word_1_703' title='bbox 1571 5769 1597 5818; x_wconf 81' lang='lat'>6.</span> 
     </span>
    </p>
   </div>
   <div class='ocr_carea' id='block_1_8' title="bbox 0 0 2419 7060">
    <p class='ocr_par' dir='ltr' id='par_1_10' title="bbox 0 0 2419 7060">
     <span class='ocr_line' id='line_1_52' title="bbox 0 0 2419 7060; baseline 0 0"><span class='ocrx_word' id='word_1_704' title='bbox 0 0 2419 7060; x_wconf 95' lang='lat' dir='ltr'> </span> 
     </span>
    </p>
   </div>
  </div>
 </body>
</html>
