4760 7042
718 575 859 646 xxv
908 543 1463 648 osnrnononoo.
1956 579 2036 652 ine

156 791 211 833 ταν
237 763 400 834 έπιοιιόπαν
427 771 458 832 οί
481 764 593 842 τοότοις
611 769 797 872 τετιμημένα
831 763 894 830 cho
922 761 1073 849 διαναβάλ·
1123 768 1229 846 cimus,
1255 771 1298 843 ut,
1326 767 1354 826 si
1375 784 1394 826 a
1413 767 1470 828 liei
1491 768 1702 830 amantissimis
1723 773 1874 848 episcopis
1895 771 2038 838 conventi

155 851 287 918 λιιιτο”
254 877 305 956 ,ας
327 857 375 916 καλ
395 859 447 936 τῆς
467 859 525 918 sais
537 847 693 958 άρχόιταν
712 849 900 954 πράξεωςὶθ)
924 855 1072 934 δεηθῆναι,
1122 853 1164 928 hi,
1186 855 1238 926 qui
1258 853 1307 912 his
1328 855 1418 912 rebus
1438 855 1574 914 honorati
1595 862 1676 929 sunt,
1700 857 1733 916 ln
1753 875 1835 918 mors
1854 875 2036 934 persevera-

153 944 306 1017 νηνικαθτα
332 937 482 1022 μὴμόνον
508 937 614 1012 αότους
640 935 805 1015 inueni)
834 931 868 1000 τό
889 939 1070 1036 καταλελειμ·
1120 940 1228 1008 serint,
1255 939 1299 997 ita
1326 941 1360 996 ut
1386 940 1552 1012 praesidum
1581 941 1738 998 exactione
1762 959 1836 1016 opus
1870 945 1929 1020 sit,
1963 949 2036 1004 tuns

151 1027 238 1104 μένοι
262 1023 508 1126 εἰσπράττεσθαι,
536 1021 611 1087 ἄλλα
633 1019 748 1096 πάντας
769 1018 925 1084 διπλάσιον.
960 1026 989 1084 εί
1013 1043 1069 1103 χαρ
1119 1040 1177 1082 non
1206 1024 1301 1082 solum
1327 1024 1465 1096 stnpton
1492 1024 1539 1097 id,
1569 1025 1647 1096 quod
1676 1026 1812 1086 relictum
1832 1036 1896 1104 est,
1923 1029 1960 1087 ab
1986 1029 2037 1091 uis

152 1113 180 1170 is
201 1118 261 1180 τοῖς
280 1099 452 1182 παλαιοῖς
434 1131 469 1188 ην
495 1133 559 1172 τινα
567 1109 614 1187 ³³)
634 1111 760 1186 θέματα,
788 1105 838 1186 ἐφ’
868 1095 908 1168 ὧν
933 1103 1069 1186 έξάριὴ-
1120 1109 1271 1184 exigatur,
1292 1107 1346 1165 sed
1368 1110 1483 1166 omnino
1505 1109 1634 1208 duplum,
1664 1111 1808 1186 Namque,
1830 1115 1857 1170 si
1878 1113 1958 1186 apud
1977 1129 2039 1172 vs-

153 1214 224 1264 στας
231 1191 277 1270 ³¹)
303 1189 496 1273 διπλάσια44)
524 1190 563 1257 τό
581 1199 633 1271 τῆς
653 1195 806 1272 καταδίκης
826 1189 972 1272 ἠπείγετο,
1006 1197 1071 1261 πῶς
1120 1198 1201 1250 teres
1221 1193 1364 1292 quaedam
1379 1197 1603 1269 οειιεεσοταινλ,
1623 1195 1779 1267 inquibus
1799 1213 1837 1254 ex
1859 1197 2037 1256 initiatione
2117 1193 2121 1202 ’

151 1275 203 1339 οιόι
241 1279 428 1357 ένταθθαθθ)
463 1275 533 1353 τοός
563 1277 691 1358 μηδλ44)
726 1273 903 1354 λκόντας44)
938 1271 1070 1354 ποιησαν-
1121 1293 1173 1348 οα,
1205 1293 1281 1350 quae
1301 1279 1331 1334 io
1353 1279 1598 1336 condemnatione
1618 1285 1701 1351 sunt,
1729 1279 1760 1336 in
1787 1281 1909 1354 duplum
1936 1283 2038 1339 addu-

151 1383 204 1421 τα
188 1360 270 1440 ,³³),
305 1359 381 1426 ἀλλά
414 1365 511 1446 καλχ
493 1360 596 1468 χρόνον
629 1361 837 1464 ἀναμείναντος
869 1355 968 1421 καλ
951 1381 1071 1436 υστερον
1121 1363 1273 1432 celantur,
1295 1363 1438 1434 quomodo
1461 1363 1510 1420 hic
1532 1378 1590 1420 non
1612 1379 1664 1420 eos
1682 1379 1807 1440 qnoque,
1830 1366 1881 1438 qui
1902 1382 1959 1424 non
1979 1382 2038 1424 so·

151 1443 329 1526 ὀχληθέντας
348 1448 470 1526 nspi³⁷)
491 1455 549 1510 sois
563 1441 797 1527 θεοφιλεστάτους
817 1439 987 1516 ἐπισκόπων,
1009 1439 1072 1505 εἶτα
1119 1447 1180 1504 ium
1204 1452 1388 1521 conspecte
1415 1449 1569 1529 lecerunt,
1596 1447 1649 1504 sed
1678 1453 1793 1521 ternpus
1821 1465 1937 1522 quoqne
1963 1465 2039 1523 pro-

139 1529 217 1608 Ι’μηδλ
224 1527 271 1609 ³⁸)
300 1527 413 1604 τοότοις
433 1530 525 1604 εόθός
551 1529 740 1607 sigenam)
727 1533 939 1628 ),δεηθίντας
967 1527 997 1590 di
1023 1530 1071 1589 καλ
1121 1533 1282 1606 traxerint,
1308 1537 1515 1605 postremoque
1543 1532 1687 1606 compulsi
1708 1549 1727 1588 a
1748 1534 1804 1591 liei
1825 1535 2039 1596 amantissimis

133 1613 267 1715 Ιἀρχικῆς
289 1612 459 1696 ὀχλήσεως,
473 1623 508 1698 τῇ
528 1623 580 1682 τοῦ
603 1613 824 1688 διπλασίοιος’
805 1610 961 1694 απαιτησεν
980 1633 1070 1692 προσ·
1122 1617 1271 1690 episcopis
1298 1632 1334 1674 ao
1363 1633 1400 1674 ne
1422 1617 1469 1674 his
1500 1617 1618 1690 quidest
1646 1617 1744 1674 staiirn
1772 1618 1851 1676 dicto
1878 1619 2039 1677 audientes

148 1693 208 1778 όκει
229 1701 486 1802 σωφρονέζεσθαις
528 1703 603 1779 §.ti
574 1701 723 1764 extit
745 1707 774 1762 ολ
791 1702 975 1770 τελευτῶντες
1002 1693 1071 1770 τοὺς
1121 1717 1195 1774 ορατ
1218 1701 1374 1759 habuerint
1395 1703 1484 1758 etiarn
1506 1702 1668 1775 praesidali
1688 1703 1852 1778 exactione,
1874 1703 1957 1778 dupli
1978 1718 2039 1762 cx-

148 1786 258 1845 λαυτανν
279 1780 471 1908 κληρονόμους
491 1787 674 1867 βουληθεῖεν,
708 1783 845 1887 primm)
875 1784 1001 1862 μέλλοιεν
1027 1801 1070 1843 τε·
1121 1787 1239 1844 actione
1269 1786 1451 1844 conveniens
1479 1791 1525 1844 est
1551 1783 1718 1861 castigaril
1769 1787 1802 1860 β.
1823 1787 1850 1848 8.
1885 1790 1940 1846 Sin
1965 1803 2041 1848 vero

147 1867 263 1936 isonis,
287 1865 523 1952 πραξιυτινά44)
545 1874 671 1952 hipponis
691 1867 803 1950 εόσεβη,
824 1865 892 1930 ἀλλ’
912 1865 964 1928 οόκ
985 1871 1014 1928 έν
1034 1869 1071 1944 τῇ
1122 1875 1282 1928 testatores
1303 1871 1460 1944 voluerint,
1489 1876 1522 1928 nt
1542 1871 1673 1944 ipsorum
1695 1871 1832 1946 heredes,
1856 1889 1922 1930 cunr
1943 1873 2040 1932 rueri-

148 1949 246 2012 αότοῑι
268 1951 338 2029 ζωῇ,
365 1956 413 2014 καλ
440 1961 526 2018 τοῦτο
549 1953 764 2035 φυλάττεσθαι,
792 1955 839 2016 καλ
865 1949 904 2032 μν)
935 1957 964 2014 έν
990 1953 1071 2054 pices
1122 1956 1182 2012 turi
1204 1957 1280 2029 sint,
1302 1956 1431 2026 aliquam
1453 1955 1600 2014 actionem
1622 1959 1699 2030 plain
1721 1956 1886 2030 implerent,
1908 1971 1966 2014 nou
1987 1963 2041 2015 ta·

145 2033 216 2108 τοὺς
236 2031 489 2118 κληρονόμους44)
522 2038 737 2146 άναχκάζεσθαι
762 2035 898 2117 πράττειν
926 2043 962 2110 τί,
992 2027 1071 2096 sivi
1121 2056 1189 2097 nren
1210 2042 1289 2098 intra
1317 2042 1398 2096 vitae
1423 2056 1525 2098 eoruiu
1555 2045 1670 2114 tenipus
1699 2041 1755 2098 hos
1783 2042 1852 2116 cogi
1880 2041 2041 2118 voluerint,

145 2123 321 2200 διαθέμενος
339 2119 413 2203 μετά
434 2145 500 2221 την
508 2123 604 2188 eison
624 2120 756 2203 τελευτὴν
776 2124 907 2224 βουληθῇ
928 2121 1072 2220 γενέσθαι,
1123 2125 1213 2182 etiarn
1236 2125 1293 2182 boc
1315 2127 1498 2199 observetur,
1527 2142 1623 2197 neone
1642 2127 1740 2183 medic
1761 2131 1892 2200 tempore
1913 2125 2040 2185 heredes

146 2205 394 2278 τελεστιόσταςδλ
414 2231 522 2284 αντοος
543 2233 599 2271 ανα
686 2231 756 2290 νχειν
777 2213 806 2271 λιι
827 2201 940 2284 τρόπου
961 2199 1073 2276 παντός
1122 2211 1227 2267 tacere
1255 2213 1400 2284 cogantur
1427 2210 1540 2283 attoniti
1566 2226 1605 2268 ex
1626 2211 1681 2284 lis,
1717 2226 1793 2282 qnae
1821 2215 1946 2268 testator
1971 2215 2041 2282 post

145 2293 242 2350 ταῦτα
270 2291 382 2394 πληροθ
384 2315 406 2353 ι.
448 2231 895 2398 άναβοληςὶᾜτινος)
767 2289 895 2394 .περλ43)
924 2295 983 2350 τῶι
1003 2289 1068 2350 ἐκεί-
1119 2309 1220 2352 coruos
1249 2297 1372 2351 mortem
1399 2295 1465 2352 lieri
1493 2295 1636 2366 καυκαλίς
1672 2311 1739 2353 corn
1768 2311 1839 2354 vero
1867 2295 2042 2372 moriantur,

145 2395 198 2435 τοο
219 2313 405 2453 κληρονομαν
424 2383 574 2482 γενομένης
596 2374 704 2457 άνάχκη
724 2381 819 2439 ταῦτα
838 2367 1012 2475 γίνεσθαι.
991 2393 1068 2454 απερ
1118 2395 1244 2436 necesse
1272 2379 1400 2436 habeant
1429 2380 1593 2438 omnimodo
1621 2381 1680 2438 ists
1706 2379 1836 2454 implere.
1884 2379 2036 2438 liliatiooe

143 2455 322 2538 ᾇιπροσθεν
348 2459 568 2542 διετυποόσαμεν.
627 2461 702 2540 §.9
736 2466 774 2522 ΕΙ
799 2460 829 2520 di
856 2453 998 2520 τινὰτῶν
1017 2479 1068 2519 κα-
1117 2478 1190 2521 cero
1219 2463 1321 2536 aliqua
1341 2463 1379 2520 ab
1400 2461 1490 2520 huius
1518 2465 1678 2522 heredibus
1706 2467 1803 2540 tacta,
1837 2481 1915 2538 quae
1944 2469 2043 2522 antea

144 2544 292 2618 λουμένοον
312 2541 452 2607 όνναλίαι
471 2549 629 2654 πρεσβείαν
650 2549 784 2628 χίνεσθαι
792 2543 841 2622 44)
836 2543 1067 2648 καταλειφθείη
1117 2548 1317 2622 sancivimus,
1354 2551 1427 2606 liant
1448 2565 1572 2607 necesse
1594 2553 1649 2606 est.
1703 2548 1735 2623 9.
1756 2547 1785 2605 9.
1806 2549 1841 2608 Si
1870 2565 1942 2607 vero
1971 2549 2035 2606 sii-

143 2622 343 2708 ἢδουρηθεέη,
372 2625 566 2734 κληρῳτυχόν
580 2657 597 2712 νη
585 2623 848 2710 ’“μοιαστηρέοες”
832 2653 849 2708 η
864 2621 1065 2728 άοειητρίαιςη
1117 2648 1185 2705 qua,
1208 2648 1284 2705 quae
1305 2638 1449 2690 vocamur
1470 2634 1700 2710 aonuaiegste,
1721 2635 1827 2692 relicta
1848 2634 2034 2692 moriniaci

143 2710 392 2786 διακοιίσσαις,”
375 2737 393 2794 η
409 2713 587 2820 πταχείοιςη
607 2711 754 2789 ξενῶοιι
738 2739 755 2795 η
770 2705 986 2790 νοσοκομείοιςι)
1002 2715 1068 2816 βρε·
1116 2717 1241 2790 donata,
1268 2717 1348 2775 clero
1376 2720 1506 2774 tortasse
1533 2721 1585 2775 ant
1605 2719 1792 2776 monasteriis
1819 2723 1873 2777 aut
1892 2719 2034 2778 ascetriis

143 2794 367 2898 φοτροφείοις)
388 2811 449 2872 scic
461 2823 519 2862 τονυ
539 2797 705 2878 ἁγιωτάτων
722 2801 873 2898 έκνιλησιθι
893 2809 1026 2876 πτωχοῖς,
1048 2819 1065 2874 η
1117 2807 1170 2860 aut
1191 2803 1370 2860 diaconissis
1399 2807 1452 2858 aut
1473 2803 1602 2876 ptochiis
1628 2809 1680 2860 aot
1699 2805 1866 2862 xenonibus
1894 2809 1946 2862 aut
1973 2819 2034 2864 uo·

141 2877 250 2952 οἱπλῶς
276 2877 442 2963 ουσιὴμασι
466 2887 540 2946 τισιν
548 2883 596 2964 44)
618 2883 757 2966 εόαχέσεν,
785 2875 900 2963 ἢόλιυς
922 2879 973 2941 οόκ
994 2877 1067 2960 άπη-
1117 2887 1257 2944 socomlis
1285 2891 1339 2945 ant
1358 2887 1596 2960 brephotrophiis
1624 2894 1677 2946 aut
1702 2889 1955 2948 ssnottssimarun
1975 2903 2034 2946 eo-

141 2967 327 3044 χορευμέυοις
362 2971 420 3028 ses
450 2973 481 3030 eii
501 2967 642 3048 Ιλπλὴθους
667 2965 935 3064 ἠθροισμέναιω),
967 2966 1066 3066 postp-
1118 2971 1277 3029 clesiarurn
1302 2973 1484 3046 pauperibus
1511 2978 1563 3030 aut
1589 2973 1762 3044 simpliciter
1795 2975 1933 3050 collegiis
1961 2974 2034 3048 qui-

139 3049 287 3130 θεῖεν47)
309 3047 340 3110 di
358 3047 434 3113 ιιατά
454 3075 517 3115 τινα
538 3051 639 3156 καιρόν
658 3061 687 3116 ολ
703 3073 868 3155 τηνικαυτα
875 3045 1068 3148 εὑρισκόμενοι
1117 3057 1242 3114 busdam
1263 3057 1483 3113 venerabilibus
1504 3062 1556 3114 aut
1576 3059 1694 3115 omniuo
1723 3075 1780 3116 nnn
1808 3059 2034 3132 prohihitisex

139 3133 268 3214 χρυσίον
297 3129 369 3236 όπλρ
395 3159 447 3216 της
473 3134 605 3219 τοναόνης
634 3135 763 3219 πράξεως
795 3131 931 3236 λαβόντες
960 3129 1067 3196 διαλόε-
1116 3141 1203 3215 plebe
1225 3141 1375 3216 coetibus,
1404 3141 1554 3199 voluerint
1579 3147 1678 3200 autem
1706 3143 1805 3216 aliquo
1833 3150 1963 3218 tempore
1991 3142 2035 3216 hi,

139 3223 241 3292 σθαι,
271 3213 311 3298 μν)
340 3217 444 3292 ἐξίστα
469 3229 554 3284 τοῦτο
575 3235 679 3300 ποιεῖν,
708 3221 781 3326 μηδ)
791 3221 852 3322 44)
866 3214 901 3282 τό
924 3215 1068 3300 ηινόμενον
1117 3225 1168 3300 qni
1196 3229 1267 3284 tnnc
1294 3226 1499 3300 reperiuntur,
1527 3241 1599 3285 auro
1628 3233 1751 3302 accepto
1778 3229 1816 3286 de
1841 3230 1894 3286 tali
1915 3227 2035 3286 actione

138 3295 343 3406 accersiret,
362 3301 438 3367 αλλὰ
453 3306 540 3368 κάλ’
520 3329 660 3370 εκπσυοοιι
680 3313 738 3370 τῶν
758 3325 910 3390 χρημάτων
929 3326 945 3366 o
974 3310 1068 3365 ταῦτα
1117 3312 1302 3386 transigere,
1329 3325 1388 3369 non
1408 3311 1499 3369 licent
1519 3313 1577 3370 hoc
1598 3313 1714 3387 tacere,
1741 3328 1850 3387 neque,
1872 3314 1951 3386 quod
1971 3314 2033 3383 list,

137 3381 332 3466 αἰτησάμενος
352 3384 370 3468 ἢ
392 3387 597 3470 διαλυσάμενος
616 3389 785 3494 ὑπομενέτω.
828 3387 1001 3470 ἐπείτυιχε’
983 3383 1067 3490 αιάχ·
1116 3401 1212 3460 ratum
1241 3395 1296 3468 sit,
1325 3410 1427 3460 verum
1456 3397 1544 3462 etiam
1575 3399 1764 3458 amissionem
1792 3399 1953 3474 pecuniae,
1981 3398 2034 3469 qni

137 3495 175 3552 ειη
189 3469 350 3576 τοῖςμλι”
332 3493 426 3535 εντιυι
436 3481 513 3558 μέρει
523 3497 574 3539 του
586 3472 690 3559 χρόνον
703 3479 857 3559 χειομέςοις
871 3469 941 3536 ελιαι
958 3468 1067 3576 χρημά·
1117 3482 1193 3539 haec
1214 3479 1337 3539 redemit
1358 3481 1407 3538 vei
1429 3481 1586 3556 transegit,
1606 3483 1759 3542 sustineto.
1804 3483 1945 3552 Quoniam
1960 3498 2033 3540 vero

138 3579 201 3618 τονν
214 3553 377 3636 άφθοιίαν,
397 3571 458 3634 τοϊς
479 3563 512 3623 δέ
528 3583 559 3643 χι
580 3567 780 3664 διαγινομένοις
798 3560 923 3638 παντελῆ
944 3567 1002 3620 τῶν
1016 3581 1066 3619 κσ-
1116 3567 1288 3624 necessario
1319 3565 1375 3640 iis,
1413 3567 1462 3638 qui
1493 3567 1592 3639 aliqua
1624 3573 1708 3639 parte
1736 3567 1876 3641 temporis
1911 3567 2033 3638 tuerint,

136 3643 374 3741 ταλελειμμέιαι
394 3648 542 3746 στέρησιν,
578 3643 613 3708 οό
642 3641 919 3754 φυλαχθὴσεται44)
951 3643 981 3704 di
1001 3639 1067 3705 οόδλ
1117 3665 1226 3726 magna
1241 3651 1298 3708 erit
1313 3650 1458 3723 pecuniae
1475 3651 1577 3725 copia,
1599 3651 1622 3709 ii
1645 3659 1754 3728 autem,
1776 3653 1827 3725 qui
1842 3653 1936 3708 tutori
1952 3655 2033 3722 suni,

137 3723 219 3788 αότό
250 3722 287 3786 τό
316 3731 375 3788 τῶν
396 3723 584 3792 άνναλίονν
566 3753 659 3833 ονομα
679 3731 744 3794 etot
774 3722 960 3834 ηδιηνεκὴς4
961 3727 1068 3808 ⁰)soi'
1118 3735 1430 3810 omnimodolls,quae
1445 3735 1633 3794 relictasnut
1635 3739 1820 3810 ‚privantur,
1830 3732 2033 3834 nequeipsunn

135 3805 375 3890 τελευτήσαντος
401 3809 509 3920 μνὴμη,
547 3813 591 3878 δι’
619 3810 654 3896 ἢν
680 3819 727 3878 καλ
755 3813 789 3876 τό
822 3807 954 3876 άνιάλιον
980 3817 1067 3874 τοῦτο
1118 3834 1279 3878 annuorum
1308 3835 1414 3878 nornen
1437 3835 1534 3892 neque
1561 3825 1706 3894 perpetua
1729 3822 1863 3878 dctonctt
1883 3821 2032 3892 memoria,

136 3897 366 3972 καταλέλοιπεν,
395 3897 466 3960 ἀλλ’
488 3895 636 3976 deicit)
623 3895 927 4004 )άποσβισθησετσι
953 3901 989 3977 τῇ
1010 3899 1069 3958 seis
1119 3907 1156 3964 ob
1178 3921 1264 3978 quarn
1286 3907 1375 3963 etiarn
1390 3905 1589 3964 hocanouurn
1609 3905 1740 3981 legatum
1755 3907 1883 3980 reliquit,
1905 3919 2033 3962 conser-

135 3981 466 4063 καταλελειμμέιιιιθλ)
497 3979 803 4085 συναπολλόμενοςόθ)
828 3977 988 4064 θιποιὴσει,
995 3981 1068 4083 μέ·
1117 3989 1254 4065 rabitur,
1290 4006 1393 4048 verum
1427 3990 1528 4048 statim
1554 3991 1749 4066 extinguetur
1784 4007 1844 4049 una
1870 4005 1938 4048 curu
1966 3989 2033 4062 ipsa

135 4086 199 4124 νειι
220 4065 322 4126 τοίνυν
343 4067 473 4146 διηνεκῶς
493 4065 599 4144 αότοός
628 4075 802 4152 έιεχομέιοις
830 4079 894 4140 ταῖς
922 4059 1068 4138 τοιαότσις
1117 4089 1214 4132 ποιουν
1236 4075 1406 4134 relictarum
1427 4075 1606 4133 alienatione
1627 4077 1786 4149 interiens,
1814 4077 1868 4133 hos
1890 4081 2034 4148 perpetuo

137 4143 252 4210 δόσεσι
274 4149 525 4253 θεσπίζομεν,
500 4177 576 4216 ονοτι
601 4155 650 4214 καλ
679 4153 748 4227 είτις
774 4151 935 4254 pisosse³⁴)
957 4153 1066 4232 Ικποέη·
1117 4159 1284 4218 huiusmodi
1304 4160 1474 4220 dationibus
1491 4160 1635 4219 obnoxios
1657 4177 1777 4218 munere
1793 4161 1938 4234 iuhemus,
1957 4159 2034 4216 adeo

117 4253 207 4307 αις,
244 4233 300 4292 καλ
332 4229 439 4314 ταόνην
459 4229 576 4340 ,ἄκυροι
614 4235 697 4313 εἶναι,
738 4241 789 4300 καλ
814 4233 883 4310 νοός
910 4233 1067 4318 ότιδηποτε
1116 4247 1161 4320 nt,
1174 4245 1488 4318 etsilactasitaiiqua
1501 4245 1650 4318 alienatio,
1665 4246 1740 4303 heec
1757 4245 1968 4318 quoqueirrita
1981 4244 2032 4314 sit,

134 4319 405 4398 προστησαμένους
431 4326 489 4384 τῶν
517 4319 627 4404 scapeia·
652 4322 737 4388 οιλιινν
763 4316 905 4388 ιῖδιιαι”
888 4343 959 4406 σχειν
983 4331 1067 4384 mii
1116 4333 1157 4406 et,
1180 4345 1230 4400 qur
1221 4329 1417 4403 quandoque
1431 4329 1651 4388 venerabilibus
1665 4329 1798 4388 dontibus
1811 4333 1977 4403 praeerunt,
1990 4327 2032 4384 li-

132 4405 192 4468 ιιαλ
213 4399 355 4466 ἀνταιτεῖν
381 4405 532 4484 secreti)
515 4405 763 4510 ),,οόθνμιάςω)
791 4405 896 4516 χρόνον
916 4428 1067 4514 παραχρα·
1116 4414 1244 4472 centiam
1264 4415 1392 4474 habeant
1409 4415 1485 4472 haeo
1499 4415 1698 4490 persequendi
1720 4415 1928 4492 exigendique,
1950 4411 2033 4470 nulio

133 4493 201 4570 φῆς
230 4483 427 4590 άνταειμένης
459 4488 574 4568 adeste,
608 4489 655 4554 διά
682 4488 717 4556 τό
745 4501 809 4556 καθ
854 4491 976 4556 ελιαστοι
1004 4489 1068 4563 icoc
1117 4499 1271 4571 tenporali
1298 4501 1530 4574 praescriptione
1564 4501 1610 4556 eis
1643 4499 1832 4574 opponenda,
1862 4513 1951 4571 quum
1977 4511 2033 4568 per

130 4568 540 4758 :intimi
566 4575 644 4680 ‘7⁰²⁷
644 4573 693 4658 '³'
684 4576 788 4726 52³?
788 4573 980 4767 mi>
997 4575 1071 4726 'im
1118 4584 1573 4728 titltiiiitiiitti
1594 4584 1847 4740 tulitin
1861 4581 2033 4724 tillut

130 4746 274 4846 sedne,
311 4764 387 4807 αστε
416 4685 562 4810 ddecet*
532 4683 787 4852 ἐἷόιιγιμέααότόν
806 4771 865 4813 τιον
884 4683 1070 4853 ονόςραχμάόόόλ
1118 4755 1284 4830 legatorum
1312 4771 1420 4829 causa,
1449 4757 1492 4812 ita
1519 4685 1669 4813 πάλλουσι
1696 4687 1734 4811 όν
1762 4753 1809 4810 his
1837 4751 1913 4826 ipsis
1940 4749 2032 4809 rebus

112 4891 116 4902 ,
128 4827 170 4904 τό
198 4821 308 4892 ίκαιόν
327 4841 393 4902 ταῖς
412 4829 526 4913 εόαχέσι
546 4828 670 4932 πράξεσι
689 4837 901 4944 περιγίνεσθαι,
925 4831 960 4896 οό
980 4828 1070 4936 μόνον
1118 4840 1178 4914 piis
1200 4839 1339 4912 operibus
1366 4841 1506 4898 satistieri
1535 4855 1593 4898 non
1616 4840 1710 4897 solnm
1738 4852 1790 4910 pro
1812 4836 1943 4910 relictis,
1977 4835 2033 4892 sed

129 4917 185 4979 έπλ
209 4923 282 4984 τοῖς
302 4916 578 5020 καταλελιμμένος,
599 4913 675 4980 άλλά
696 4922 744 4980 καὶ
765 4921 811 4982 ἐπὶ
830 4931 953 5002 καρποῖς
973 4915 1070 4982 αὐτῶν
1120 4925 1210 4982 etiarn
1232 4939 1284 4998 pro
1306 4925 1454 4984 fructibus
1476 4941 1576 4982 eorum
1597 4923 1801 4994 reditibusque
1828 4925 1858 4980 et
1885 4921 1964 4980 omni
1989 4919 2040 4978 ie·

128 5002 187 5064 καλ
207 4991 373 5076 προσόδοις
389 5002 436 5062 καλ
387 4997 531 5146 adium
545 5003 654 5082 νομίμῳ
670 4999 833 5084 έααυξησει,
848 5009 973 5086 χρονίας,
985 5001 1070 5068 καθὰ
1120 5009 1226 5085 gitinra
1253 5010 1445 5083 accessione,
1468 5009 1638 5090 tenporali,
1665 5011 1698 5064 ut
1725 5023 1817 5080 sopra
1844 5007 1955 5064 dictum
1982 5009 2040 5078 est,

127 5083 338 5166 προείρηται,
369 5082 434 5146 stoi
454 5097 515 5159 τοῖς
539 5091 691 5168 κατέχουσι
717 5095 913 5172 παραχραιμῆς
938 5085 1071 5172 ἁρμόζειν
1120 5093 1355 5170 praescriptione
1383 5109 1479 5168 neque
1500 5085 1565 5168 his,
1589 5092 1640 5166 qni
1666 5106 1719 5150 eas
1740 5093 1887 5168 detinent,
1916 5105 2039 5164 ocorpe·

307 5315 356 5378 ἳλ)
373 5317 435 5369 vos
457 5315 575 5372 sideest
591 5322 663 5386 apud
679 5325 749 5388 Aut.
792 5318 1013 5443 &denatae
1029 5327 1099 5392 Aug.
1148 5325 1198 5388 8⁹)
1216 5323 1319 5379 ἁπλοῦν
1332 5328 1402 5391 Aug.
1457 5321 1504 5384 90)
1520 5319 1581 5376 τινόι
1599 5326 1669 5392 Aug.
1723 5325 1771 5386 81)
1788 5321 1958 5410 ἱέἇρτῆῦλξιλ
1969 5327 2038 5391 Ab*

127 5389 185 5451 88]
205 5380 359 5438 διπλάοειο
374 5387 445 5452 Aug
512 5389 560 5448 tte)
577 5387 610 5440 οὐ
626 5389 710 5441 τάττει
709 5392 769 5442 itis
785 5394 854 5456 Aug.

128 5461 245 5512 Recte.
285 5455 412 5516 Sequitur
429 5457 500 5508 cultu
518 5453 717 5518 ἀναμείναντος.
786 5459 833 5520 87)
851 5458 905 5510 Pro
923 5477 955 5511 πε
957 5459 1125 5530 pinpo
1087 5479 1125 5514 πα
1127 5461 1170 5532 ρά.
1243 5463 1293 5523 38)
1307 5457 1372 5528 pili
1388 5459 1461 5510 bion.
1547 5461 1595 5521 89)
1612 5459 1730 5520 εἴξαντας
1746 5467 1816 5528 Aug.
1964 5459 2041 5528 ἢιλιιιι

126 5531 213 5591 Acg.
294 5521 344 5580 ⁴¹)
360 5519 456 5590 npu'tt
472 5539 533 5573 τινα
551 5527 622 5589 Aug·
689 5527 737 5587 λθ)
752 5527 818 5580 Post
834 5525 1009 5612 κληρονόμους
1025 5531 1107 5595 laon,
1124 5535 1220 5582 contra
1237 5541 1317 5594 qnam
1333 5531 1414 5592 Aug,
1431 5539 1526 5580 vocem
1543 5531 1701 5596 postponitur
1716 5531 1837 5594 intrudit,
1862 5531 1910 5580 sed
1932 5531 2040 5594 punctis

117 5593 333 5649 'subnotatam
350 5590 420 5653 quod
439 5597 481 5642 est
497 5591 614 5643 delentis
631 5597 747 5659 signum.
814 5597 865 5656 4³)
880 5593 963 5668 παρὰ
958 5599 1041 5664 Aug.
1116 5599 1162 5658 is)
1179 5617 1221 5662 μιν
1201 5597 1304 5648 νεοθαι
1321 5596 1397 5646 deest
1414 5597 1483 5660 apud
1500 5602 1571 5680 Aug·
1655 5598 1702 5659 λθ)
1719 5615 1799 5650 ουστν
1792 5597 1866 5665 {peni
1881 5615 1952 5648 τισιν
1967 5600 2039 5662 Aug.

125 5659 224 5728 4ωῆ
247 5661 275 5709 θ
275 5659 417 5728 ριοσμένιεν
433 5661 514 5724 Aug,
531 5665 651 5712 correxit
668 5670 757 5714 tamen
774 5665 803 5714 tn
822 5664 886 5716 nidd.
971 5611 1033 5726 mg
1035 5669 1153 5750 βουληθε
1142 5666 1193 5716 ιλιι
1215 5665 1243 5716 tt
1260 5666 1329 5728 Aug
1413 5661 1512 5748 seips)
1530 5665 1558 5716 di
1577 5667 1646 5730 Aug.
1730 5667 1778 5726 49)
1795 5662 2039 5732 οθςιλαχθήσεται

116 5735 227 5795 ,μμ
248 5676 376 5778 correxit
393 5731 481 5778 minen
500 5727 528 5778 in
545 5729 611 5780 Add
679 5733 728 5790 uc)
750 5730 866 5798 δηεης
880 5733 954 5784 Mon
1039 5735 1086 5796 tit)
1105 5729 1189 5788 νυθυς
1205 5735 1274 5795 Aug
1359 5731 1406 5802 θξ)
1424 5750 1493 5784 κατα
1496 5684 1575 5784 λελε
1575 5735 1769 5800 patendo
1787 5735 1899 5786 λιεΔλδ.
1917 5733 2039 5786 correxit

123 5805 205 5849 ἀτα
183 5797 285 5848 αειλλε
286 5794 352 5854 μμέν
338 5811 395 5844 ν.ιιν
464 5796 512 5855 db)
531 5795 757 5858 συναπολλύμενον
774 5803 843 5864 Aug
910 5803 959 5862 oi)
976 5803 1051 5852 inter
1067 5815 1124 5852 νοτ.
1142 5801 1205 5850 tect.
1222 5802 1293 5864 Aug.
1309 5798 1425 5882 γίνηται.
1502 5803 1550 5862 ob)
1567 5801 1622 5853 Pro
1638 5805 1735 5870 ταῦτα,
1760 5803 1830 5872 quod
1851 5805 1932 5858 babet
1955 5801 2038 5866 Aug„

123 5869 211 5920 Mon.
232 5859 382 5915 habetes.
449 5865 498 5924 uo)
513 5865 588 5916 bion
605 5862 665 5918 ουδέ
681 5868 753 5928 μιᾶς.
819 5867 867 5928 θλ)
883 5871 952 5935 Aug.
969 5869 1119 5937 τοιουτοις,
1136 5869 1165 5920 iu
1182 5867 1250 5919 Add.
1268 5864 1410 5928 τοιούτοις

957 5337 1148 5460 )μηθλυς,
1163 5391 1335 5464 μηδλΜοα.
1375 5337 1663 5454 Εθθ)έιόιτοι.ςλίοιν
1719 5327 1850 5461 aglius.
1867 5391 2039 5480 ποιόαντας.
