4790 7064
377 583 431 652 m
709 538 725 611 ²
1057 575 1520 670 ¹sensnssrr

375 765 458 854 παρά
479 767 516 834 τά
537 773 664 852 είρημέ-να
685 765 878 852 τοποτηρηνήν
899 765 1141 854 προβαλλόμενος,
1162 776 1212 852 τής
1231 766 1281 848 ζύ-
1323 773 1425 829 contra
1451 787 1501 846 ca,
1549 786 1624 844 qnae
1658 770 1793 848 (supra)
1827 767 1907 828 dicta
1934 775 2017 840 sunt,
2081 770 2225 830 vicarium

376 881 424 935 της
445 859 586 918 ἐκπίπτων
597 857 654 930 ⁷⁶),
674 851 706 918 κ’.
728 862 844 938 χρυσίον
865 855 1020 938 aermon)
1042 851 1280 936 προστιμᾶταιό
1322 857 1492 929 praeponit,
1523 855 1642 930 cingulo
1663 859 1809 929 privatur,
1843 863 1873 912 et
1906 855 2013 930 viginti
2041 859 2106 912 auri
2135 859 2226 914 libras

376 942 406 1002 di
426 943 561 1021 γενέσθαι
581 937 736 1020 θαρρήσας
757 937 887 1020 δημεύσει
907 941 954 999 καὶ
975 939 1076 1018 έξωρίη
1109 943 1151 1018 (ν.
1171 941 1280 1021 έξορία)
1322 955 1435 1014 picenae
1473 941 1587 997 nomine
1617 941 1714 998 solvit.
1757 941 1813 1008 Qui
1844 955 1915 997 vero
1949 940 2128 1015 (vicarius)
2159 942 2227 999 iieri

375 1020 572 1106 ὑποβάλλεται
594 1027 678 1106 χωρὶς
698 1023 851 1105 ἀναγκαίας
871 1027 963 1096 αίνίας
979 1025 1072 1102 ...78)
1094 1017 1281 1108 ὁάρχωντήν
1322 1041 1414 1081 ausus
1436 1031 1491 1100 est,
1519 1027 1658 1082 bonorum
1680 1025 1870 1096 publicationi
1892 1029 1922 1081 et
1943 1026 2033 1082 exiiio
2062 1025 2227 1083 subiicitur.

375 1109 520 1190 ἐπαρχίαν.
540 1112 634 1188 χρείας
655 1108 685 1169 di
704 1111 881 1186 καλουμένης,
903 1106 1018 1171 ον’νοθεν
1047 1110 1094 1170 καλ
1119 1105 1207 1182 αύτός
1233 1111 1279 1170 καλ
1322 1109 1394 1168 stne
1415 1125 1522 1166 caussa
1544 1112 1713 1165 necessaria
1733 1125 1853 1180 praeses
1875 1109 1934 1184 (rie
1956 1107 2132 1184 circumito)
2153 1127 2228 1182 pro-

376 1198 406 1255 οῖ
425 1195 488 1272 περ)
509 1189 598 1252 αὐτὸν
618 1189 903 1267 casaemarii),
929 1189 968 1272 μή
995 1189 1201 1274 ἀχηαρεύωντες
1229 1193 1279 1272 (v.
1321 1194 1458 1250 vinciam.
1501 1194 1625 1251 sivero
1648 1195 1746 1264 aiiqna
1768 1195 1930 1250 necessitas
1959 1199 2080 1268 urgeat,
2109 1199 2139 1250 et
2160 1196 2227 1266 ipse

376 1271 649 1360 ciyyopadorrec)⁸⁰)
672 1271 690 1356 ἢ
713 1276 868 1356 ζημιοῦντες
888 1273 1115 1357 τούςύπηνόονς,
1136 1278 1204 1357 μηδὲ
1220 1301 1279 1338 ναι·
1321 1281 1351 1334 et
1376 1278 1408 1351 ii,
1430 1277 1481 1349 qui
1502 1277 1581 1334 circa
1602 1295 1667 1334 eum
1696 1281 1774 1350 sunt,
1795 1279 1832 1333 de
1854 1293 1908 1334 suo
1929 1285 2063 1349 sumptus
2085 1279 2228 1352 iaciunto,

376 1361 428 1432 νας
449 1363 602 1440 συνηθείας
623 1356 833 1438 ἐπι-νοοῦντεςή
848 1355 900 1432 τάς
913 1361 1165 1442 έπενοηθείσαςθί)
1181 1365 1210 1423 ἐκ
1221 1367 1279 1424 τῶν
1320 1363 1460 1436 angarias
1481 1377 1539 1419 noo
1554 1363 1725 1436 exigentes,
1747 1368 1798 1418 aot
1811 1363 1914 1418 damno
1936 1361 2069 1419 subditos
2088 1355 2228 1420 attician-

376 1442 433 1525 νερό
456 1442 550 1507 αύτοῖν
569 1439 778 1522 μεθοδεύοντες.
810 1449 839 1505 οῖ
857 1449 1003 1506 ἐπίσκοποι
1032 1449 1078 1506 καλ
1099 1451 1127 1506 ον’
1146 1439 1279 1526 ἀρχοντες
1320 1449 1376 1521 tes,
1398 1461 1493 1518 neque
1520 1462 1612 1502 novas
1633 1447 1861 1503 consuetudines
1882 1448 2103 1522 excogitantes,
2130 1463 2227 1518 nequa

375 1533 424 1591 καλ
436 1536 465 1590 οῖ
473 1523 673 1608 οίνήτορεςθλ)
687 1532 745 1587 τοῖν
757 1523 867 1589 πόλεων
885 1523 891 1609 Ι
909 1529 955 1602 ⁸³)
973 1526 1202 1610 μήδεχέσθωσαν
1215 1533 1279 1610 βίας
1321 1545 1341 1586 a
1361 1531 1425 1587 suis
1447 1531 1684 1587 antecessoribus
1705 1531 1889 1606 excogitatas
1899 1531 2064 1604 exigentes.
2084 1531 2228 1603 Episcopi

374 1608 566 1692 emissicii),
579 1607 595 1688 ή
609 1607 820 1692 ληστοδωύντην.
830 1611 979 1692 μηδεὶςθὸ)
994 1619 1154 1687 sevocare
1168 1617 1279 1695 έπαρχί-
1321 1619 1351 1671 et
1358 1615 1549 1689 magistratus
1563 1619 1593 1670 et
1605 1616 1719 1672 urbium
1731 1616 1910 1671 habitatores
1922 1617 2099 1686 biocoiytam
2115 1620 2166 1672 aut
2176 1616 2227 1670 la-

329 1679 338 1704 ⁸
374 1689 1280 1778 αιςστελλομένων..,εῖτδθ“)περλἀλλονπρόχματοςποποτηριτού
1320 1703 1434 1756 tronum
1460 1705 1675 1771 persecutorem
1692 1715 1730 1755 ne
1747 1700 1919 1771 recipiunto.
1946 1701 2040 1756 Nemo
2057 1715 2095 1756 ex
2106 1699 2156 1770 iis,
2177 1697 2234 1770 qui

377 1782 421 1860 (ν.
433 1783 639 1859 τοποτηρητοῦ)
656 1775 815 1860 πρόσταξιν
836 1777 852 1858 ή
866 1773 957 1860 ὄνομα
970 1785 1062 1862 ἐχέτω,
1083 1780 1144 1843 ἀλλ’
1158 1781 1279 1862 ἀζημίως
1320 1781 1352 1840 in
1369 1783 1536 1854 provincias
1547 1783 1709 1855 mittuntur,
1731 1785 1796 1839 sire
1809 1789 1961 1856 praetextu
1975 1785 2155 1855 publicarum
2167 1799 2229 1839 ex-

375 1859 525 1945 νεληρούτω
541 1861 556 1924 ὁ
571 1861 888 1946 έχνεχειρισμένοςθθλι),
909 1861 1063 1946 ἀμύνοντας
1074 1865 1152 1942 αύτῷ
1166 1873 1218 1928 τού
1228 1859 1279 1946 ἀρ·
1321 1867 1468 1924 actionum
1479 1864 1536 1942 (i),
1554 1867 1621 1924 sive
1635 1869 1693 1924 alia
1706 1867 1743 1923 de
1756 1884 1863 1924 caussa
1876 1868 1980 1924 vicarii
1994 1869 2230 1940 praeceptionem

375 1971 474 2030 χαντος
486 1951 532 2009 καλ
544 1953 595 2027 νής
610 1947 717 2022 τάξεως
737 1949 806 2025 [τάν
818 1944 914 2028 δήμων
930 1948 1173 2030 φροντιζέτωζθλ)
1196 1951 1279 2013 ελκαλ
1321 1951 1371 2008 vei
1393 1967 1496 2008 nomen
1513 1953 1629 2023 habeto,
1650 1967 1762 2024 verum,
1783 1953 1893 2024 absque
1913 1953 2085 2023 cuiusquam
2104 1952 2230 2023 dispen-

374 2031 437 2094 κατ’
465 2029 554 2093 αύτού
584 2037 635 2093 τοῦ
667 2025 803 2113 ἀρχοντος
831 2033 1067 2114 ένεχειρίσθηθθ).
1099 2039 1158 2108 πᾶς
1185 2027 1281 2116 ἀρχων
1322 2035 1382 2116 dio,
1402 2037 1440 2109 is,
1462 2035 1511 2092 cni
1533 2052 1632 2092 cares
1649 2037 1803 2093 commissa
1823 2041 1879 2108 est,
1901 2052 1965 2092 eam
1987 2037 2116 2108 impleto,
2137 2035 2231 2092 auxi-

374 2117 483 2178 ἀνυίτω
504 2112 541 2177 τά
563 2113 694 2196 δημόσια,
715 2121 766 2190 τής
785 2113 989 2192 καταστάσεως
1009 2122 1066 2179 τοῖν
1087 2113 1181 2198 δήμων
1196 2141 1280 2201 φρον-
1322 2119 1394 2176 lium
1407 2120 1465 2192 ipai
1478 2123 1592 2177 terente
1605 2121 1780 2195 magistratu
1793 2121 1917 2192 eiusque
1931 2121 2040 2196 cincio,
2052 2121 2108 2176 etsi
2127 2125 2230 2177 eontra

374 2201 478 2274 τιζίιω,
499 2205 598 2262 πᾶσαν
618 2199 727 2261 ἀδικίαν
748 2199 982 2280 ἀναστείέτω(ν.
996 2200 1213 2277 ἀναστελλέτω),
1234 2203 1282 2263 καλ
1322 2204 1419 2276 ipsun
1433 2205 1636 2279 magistratum
1657 2205 1712 2282 (ea
1732 2219 1781 2261 res
1803 2204 1848 2280 ei)
1870 2207 2024 2262 commissa
2046 2206 2095 2260 sit.
2126 2205 2230 2262 Omnis

375 2279 484 2366 πρόσηε
505 2283 632 2364 ἀμυνέτω
653 2297 713 2356 τοῖς
741 2280 901 2364 πράττονσι
925 2281 962 2346 τά
990 2283 1113 2366 δημόσια
1140 2290 1204 2368 περλ
1230 2283 1281 2366 τήν
1322 2289 1514 2363 magistratus
1526 2291 1661 2360 publicas
1676 2290 1843 2346 functiones
1858 2289 1981 2364 exigito,
2002 2289 2110 2362 quietis
2128 2289 2231 2362 popuii

374 2365 483 2430 τούτων
503 2363 635 2440 έξάννσιν.
657 2364 710 2440 τός
732 2365 911 2448 ἁρμοζούσας
927 2371 978 2430 νινλ
991 2366 1164 2450 χρηματικὰς
1174 2371 1280 2432 ύνεοθέ-
1323 2387 1423 2430 curam
1441 2374 1557 2446 habeto,
1578 2389 1691 2431 omnem
1711 2375 1846 2430 iniuriam
1866 2375 2028 2446 reprimite
2045 2379 2075 2429 et
2095 2373 2133 2429 ad
2154 2375 2231 2430 haec

376 2451 488 2529 σειςθδ)
511 2451 715 2525 έξεταζέτασαν
727 2457 755 2513 ολ
772 2444 912 2534 ἀρχοντες.
934 2450 988 2534 χρή
1008 2450 1074 2529 τούς
1087 2448 1280 2536 ἀρχονταςθθ)
1322 2457 1465 2514 auxilium
1479 2460 1555 2514 terto
1573 2459 1622 2530 iis,
1644 2459 1694 2530 qui
1706 2459 1839 2530 publicas
1853 2459 2021 2514 iunctIones
2033 2463 2170 2530 tractant,
2190 2457 2230 2513 ad

328 2607 330 2612 ¹
374 2535 590 2615 ἀσφαλίζεσθαι
610 2533 661 2614 τήν
681 2533 862 2618 έπαρχότητα
881 2539 927 2598 καλ
947 2536 996 2600 τὸν
1017 2533 1127 2640 νόμητα
1145 2541 1281 2619 τάνλαρ-
1322 2543 1377 2599 has
1386 2541 1559 2616 exigendas.
1568 2544 1649 2610 Quae
1658 2549 1754 2599 autem
1765 2543 2026 2615 competuntaiicui
2036 2557 2162 2598 caussae
2171 2557 2231 2614 pe-

374 2615 506 2701 μειόνων
527 2616 661 2700 παρόνθ’)
685 2625 742 2682 τοῖν
762 2615 914 2682 ἀνικύντων
935 2621 977 2700 (v.
999 2620 1171 2702 ἀνηνοντων)
1184 2622 1282 2697 αὐτοῖς
1323 2625 1484 2699 οδολειτλεεο,
1498 2642 1550 2681 eas
1562 2628 1753 2702 magistratus
1768 2627 1962 2684 examinacio.
1989 2627 2110 2698 Oportet
2130 2627 2232 2700 magi-

375 2707 517 2784 δημοσίων
537 2700 612 2768 νανά
638 2702 690 2776 τάς
716 2708 859 2808 ἐπαρχίας,
875 2696 982 2792 Ιἀνθ’)
1010 2708 1126 2786 μέλουσι
1155 2711 1197 2786 (v.
1217 2710 1281 2788 μέλ·
1323 2713 1433 2767 stratus
1448 2711 1594 2768 satisdare
1610 2714 1815 2784 praefecturae
1829 2716 1859 2768 et
1879 2711 1977 2767 comiti
1990 2711 2179 2785 largitionum
2192 2711 2232 2766 de

374 2787 470 2864 λουσι)
498 2781 601 2870 ἀρχειν.
635 2791 682 2850 ναὶ
710 2785 750 2868 μή
777 2785 997 2870 ασφαλνζόμενοι
1024 2788 1078 2871 ηάρ
1111 2787 1201 2864 οὕτως
1228 2795 1280 2854 ένέ·
1321 2793 1449 2868 publicis
1473 2795 1607 2869 tributis,
1647 2812 1722 2868 qnae
1749 2795 1786 2851 ad
1811 2811 1863 2852 eos
1905 2795 2068 2869 pertinent,
2118 2809 2233 2852 secun-

374 2893 471 2954 χονταε
490 2869 563 2952 μετόν
585 2877 642 2934 ταῖν
662 2875 768 2934 ον’νείων
780 2872 824 2950 (v.
838 2875 957 2952 οδιείων)
972 2870 1085 2948 τάξεων,
1107 2873 1201 2955 sient)
1215 2871 1281 2938 ὅσοι
1322 2879 1390 2936 dum
1408 2879 1544 2954 singulas
1565 2879 1749 2953 provincias,
1769 2896 1843 2951 quas
1861 2880 1971 2936 rectori
1996 2883 2074 2936 sunt.
2111 2881 2233 2936 Etenim

373 2955 427 3027 τάς
447 2954 599 3035 ἀσφελείας
620 2960 771 3034 ἀνθέμενοι
799 2961 827 3018 εί
853 2957 883 3017 δὲ
904 2955 1128 3041 σκρενιάριοιθὸ)
1159 2956 1281 3043 ήβίνδι-
1322 2963 1755 3038 ainoncaveant,(ct)siccnm
1768 2963 2234 3037 iis,qnaeeorumpropriaesunt,

373 3040 477 3116 arcii)
499 3036 620 3120 ήὲτεροι
640 3042 711 3113 τινὲς
731 3041 736 3120 Ι
756 3039 803 3120 ⁰⁷)
825 3041 1015 3127 ίδιοκηνδύνως
1027 3041 1071 3120 (ν.
1083 3043 1279 3122 ίδιονινδύνως)
1322 3047 1491 3105 cohortibus
1513 3053 1658 3120 tenentur,
1678 3049 1756 3106 acsi
1777 3050 1929 3104 cautiones
1948 3049 2166 3120 exposuissent.
2197 3049 2233 3105 Si

373 3119 533 3203 πράττουσι
547 3121 584 3184 τά
597 3121 728 3203 δημόσια,
737 3127 782 3186 ἐπὶ
795 3122 905 3197 τούτοις
917 3123 1044 3206 χρήτούς
1052 3120 1280 3208 ἀρχονταςέννιν·
1321 3147 1393 3189 vern
1405 3133 1552 3188 scriniarii
1560 3133 1748 3190 velvindices
1755 3134 1804 3189 vei
1810 3133 1900 3204 aliqui
1908 3133 1959 3188 aiii
1967 3148 2022 3188 soc
2029 3132 2160 3204 periculo
2171 3147 2236 3203 pu-

309 3267 312 3276 ,
372 3203 763 3288 δννεύειν(ν.ε’χνινδυνεύειν).
779 3207 1280 3295 εῖτιςτοῖνπολετεκάνθθ)ήστρατιω·
1322 3217 1416 3274 blicas
1436 3217 1603 3272 functiones
1622 3221 1764 3288 tractant,
1787 3217 1824 3272 de
1841 3217 1888 3272 iiis
1910 3221 2024 3288 oportet
2039 3218 2236 3291 magistratus

372 3297 456 3353 τινοῖν
466 3289 611 3374 ἀρχόντων
626 3290 643 3372 ἢ
656 3291 824 3364 τῶντάξεων
837 3291 933 3354 adreio
939 3291 1050 3374 κωλύσῃ
1062 3292 1203 3378 διαθήκην
1212 3301 1281 3379 γενέ·
1324 3299 1424 3358 subire
1436 3301 1609 3372 periculum.
1630 3303 1738 3373 Siquis
1751 3301 1883 3358 civilium
1895 3302 1942 3357 vei
1956 3300 2237 3375 militariunmagi-

373 3383 449 3437 σθαι
469 3373 486 3455 ή
509 3381 728 3457 ἐμφανισθῆναι,
750 3373 767 3456 ή
790 3372 880 3458 ηάμον
900 3381 1087 3459 προσελθεῖν,
1123 3377 1136 3402 ”
1162 3377 1282 3462 χαμαιάς
1324 3389 1468 3442 stratuum
1479 3385 1527 3440 vel
1540 3385 1713 3458 officiorum,
1725 3399 1801 3457 quae
1816 3401 1916 3442 eorum
1928 3385 2046 3458 propria
2060 3389 2140 3458 sunt,
2157 3401 2234 3458 pro-

372 3457 480 3539 δωρεὰς
501 3465 677 3542 πραχθῆναι,
700 3457 717 3540 ή
733 3457 801 3532 τούς
811 3463 998 3535 τελευτῶντας
1011 3471 1104 3544 ταφῆς
1115 3463 1282 3546 ἀξιωθῆναι,
1323 3469 1433 3542 hibeat,
1452 3470 1606 3542 quominus
1625 3475 1830 3527 testamentum
1845 3471 1904 3542 δτι,
1924 3470 1973 3525 vel
1986 3469 2161 3541 insinuetur,
2182 3463 2235 3526 vei

373 3539 391 3623 ή
412 3542 584 3625 ἀναγραφήν
603 3542 778 3625 πραγμάτων
799 3549 932 3626 γενέσθαι
959 3543 976 3626 ή
999 3545 1093 3629 ε”τερόν
1119 3571 1146 3611 τι
1174 3547 1282 3624 τούτοις
1323 3554 1444 3626 nuptiae
1465 3555 1689 3628 contrahantur,
1710 3555 1758 3610 vei
1779 3561 1897 3626 propter
1918 3555 2036 3627 nuptias
2058 3553 2234 3610 donationes

372 3625 463 3700 έοινός
483 3627 501 3710 νή
515 3625 690 3707 ύπουρχήση,
708 3627 777 3705 6⁹⁹)
799 3635 891 3691 ταῦτα
902 3633 1012 3710 τολμῶν
1024 3655 1059 3706 τε,
1081 3637 1220 3696 ἐκπίπτων
1232 3641 1283 3715 τής
1323 3641 1404 3712 dant,
1416 3638 1464 3696 vel
1477 3638 1609 3695 defuncti
1622 3640 1787 3710 sepulcrum
1801 3643 1976 3711 mereantur,
1996 3639 2045 3694 vel
2062 3653 2159 3694 rerum
2180 3639 2235 3694 in-

373 3708 473 3790 ζούνης,
495 3712 646 3792 έξορίζεται
668 3716 715 3774 καλ
737 3712 852 3774 οἴκοθεν
871 3710 923 3786 τάς
944 3717 1041 3796 ζημίας
1062 3723 1103 3794 τῷ
1130 3717 1282 3798 ἠδικημένῳ
1323 3723 1486 3778 tentorium
1500 3725 1560 3796 iiat,
1582 3723 1630 3778 vei
1644 3723 1724 3779 atiud
1739 3721 1907 3794 quidquod
1926 3723 1973 3779 his
1988 3723 2083 3779 simile
2098 3729 2154 3796 est,
2180 3729 2237 3778 aut

371 3791 447 3856 κατά
467 3791 500 3858 τό
523 3792 674 3857 διπλάσιον
693 3793 885 3876 εἀεηνάσεταε,
906 3803 1059 3880 δυναμένου
1071 3807 1121 3864 τού
1135 3801 1281 3882 ἀδεκηθέν·
1323 3819 1441 3880 operam
1449 3823 1533 3862 suam
1546 3807 1753 3880 accommodet,
1765 3808 1815 3878 qui
1824 3807 1897 3863 haec
1909 3805 2045 3881 (tacere)
2054 3807 2153 3882 audet,
2162 3807 2236 3863 cin-

371 3899 422 3949 τος
442 3877 488 3938 καὶ
502 3885 537 3957 τῇ
553 3871 625 3957 ἀλλη
644 3885 702 3940 τοῖν
721 3877 814 3960 νόμων
840 3879 1008 3964 χρήσασθαι
1026 3888 1156 3966 βοηθείφ
1183 3883 1236 3969 χρή
1253 3888 1283 3949 di
1325 3892 1397 3965 gulo
1410 3891 1563 3963 spoliatur,
1575 3897 1604 3948 et
1620 3893 1709 3949 exilio
1722 3892 1871 3964 multatur,
1888 3891 1965 3948 etde
1978 3907 2031 3948 sno
2044 3891 2181 3948 damnum
2195 3892 2238 3964 ci,

371 3958 441 4034 τούς
447 3962 475 4040 ¹)
497 3959 668 4036 ἐπισκόπους
684 3964 751 4042 [καὶ]
761 3963 790 4043 ¹)
812 3966 879 4039 τούς
892 3963 1023 4048 κρότους
1035 3975 1093 4031 τῶν
1107 3967 1218 4032 πόλεων
1230 3993 1283 4033 κω·
1325 3975 1376 4047 qui
1385 3975 1494 4032 iniuria
1503 3979 1626 4032 aiiectns
1637 3981 1692 4050 est,
1705 3976 1736 4032 in
1747 3976 1864 4048 duplum
1875 3976 2026 4049 resarciet,
2040 3991 2086 4048 eo,
2100 3975 2240 4051 quitda-

371 4042 446 4108 λύειν
466 4044 504 4108 τά
524 4051 644 4108 τοιαῦτα
663 4052 711 4109 ναλ
731 4051 887 4152 φροντίζειν
905 4057 957 4113 τοῦ
970 4050 1092 4132 ἀζημίως
1103 4057 1150 4116 καλ
1162 4053 1284 4136 ἀνεμπο-
1324 4059 1526 4134 mno)ininria
1535 4063 1659 4118 aiteetus
1672 4065 1727 4134 est,
1741 4065 1916 4133 potestatem
1929 4061 2056 4117 habente
2069 4065 2099 4116 et
2109 4061 2238 4132 reliquis

372 4131 515 4206 arevaci)
538 4125 613 4192 νατά
625 4127 692 4206 τούς
713 4156 816 4214 νομους
829 4141 921 4197 ταῦτα
932 4133 1165 4218 πράττεσθαά),
1185 4141 1232 4201 καλ
1246 4135 1284 4202 τά
1324 4143 1423 4219 legum
1434 4145 1555 4201 auxiliis
1565 4145 1677 4201 utendi.
1698 4145 1819 4217 Oportet
1833 4149 1929 4202 antem
1940 4146 2096 4217 episcopo
2105 4151 2136 4201 et
2145 4146 2239 4217 priu-

372 4216 437 4294 περλ
459 4209 568 4278 τούτων
587 4211 707 4298 μηνύειν.
727 4223 787 4290 πᾶς
807 4210 941 4302 ἄρχοντ’)
968 4224 1099 4304 δεχέσθω
1125 4219 1214 4303 stet)
1241 4228 1282 4286 έν·
1324 4229 1407 4301 cipes
1419 4229 1584 4286 civitatium
1597 4229 1670 4286 talia
1685 4231 1849 4303 prohibere,
1862 4234 1892 4285 et
1904 4245 2018 4302 curare,
2035 4235 2069 4286 ut
2081 4229 2156 4286 haec
2168 4231 2239 4286 sine

1326 4307 1491 4386 cuiuspiam
1504 4313 1608 4372 damno
1622 4319 1652 4372 et
1662 4314 1867 4386 impedimento
1880 4314 2041 4370 secundum
2055 4314 2141 4388 teges
2152 4317 2240 4387 itant,

1326 4403 1357 4454 et
1376 4399 1450 4454 talia
1470 4397 1524 4473 (ad
1541 4397 1761 4473 imperatorem)
1777 4401 1898 4455 reterre.
1919 4399 2021 4456 Omnis
2040 4400 2240 4474 magistratus

373 4467 781 4492 Μ

442 4491 599 4581 79)ιςοδο’ν
616 4500 719 4552 έκπίαῖ.
770 4503 817 4562 77)
834 4503 885 4554 Pro
903 4503 995 4574 λιτρῶν
1011 4505 1076 4557 cod.
1094 4507 1173 4559 iaici
1188 4527 1236 4584 ης.
1293 4509 1341 4570 78)
1357 4512 1429 4561 iiaec
1445 4512 1538 4564 lacuna
1553 4515 1581 4563 in
1599 4513 1664 4564 cod.
1682 4527 1734 4563 noo
1752 4519 1868 4577 apparet.
1904 4514 2000 4576 snppte
2023 4527 2057 4563 ex
2081 4513 2240 4564 Nov.134.

371 4577 429 4627 cap.
448 4563 474 4614 1.
491 4585 527 4633 μη
544 4569 736 4648 περινοστείτω.
770 4573 812 4621 Ad
830 4575 974 4636 marginem
991 4573 1052 4644 napi
1068 4577 1131 4638 τού,
1153 4575 1218 4627 πότε
1243 4575 1284 4627 δεῖ
1297 4582 1426 4644 περινοεῖν
1448 4580 1513 4644 (ieg-
1531 4581 1699 4649 περινοστεῖν)
1722 4577 1783 4638 τούς
1805 4577 1910 4652 ἀρχσντ.
1932 4581 1997 4645 (teg.
2020 4577 2162 4650 ἄρχοντας)
2185 4577 2242 4646 τήν

370 4630 504 4714 έπαρχῖοιν
520 4638 555 4715 (it.
572 4665 596 4717 ‚⁸¹
613 4639 648 4687 τῖ’.
665 4635 714 4702 isi.
731 4639 780 4720 rod
797 4637 855 4688 νεεδ.
907 4642 954 4700 79)
970 4641 1060 4692 Codex
1077 4641 1276 4728 δαπανήτριοον.
1327 4648 1374 4704 80)
1391 4647 1431 4696 Ad
1447 4660 1531 4732 marg.
1548 4647 1609 4732 περὶ
1624 4645 1755 4728 ἀνναρῖειν
1777 4647 1898 4700 ίπινοιιῖν
1920 4647 1984 4711 (leg.
2009 4645 2154 4730 ἀννορεριῖνν
2175 4645 2241 4698 έπε-

369 4698 485 4818 tottii
501 4704 536 4832 t:
550 4703 1259 4845 {ut-5·sistitis?tiiifit’ittittt
1274 4713 1513 4842 ,tittt‘ttiit‘
1534 4718 1594 4842 tii
1604 4713 2241 4853 stitimtttzitttttt'ttitit.itit-1

370 4835 436 4914 ¹³⁴:
455 4849 513 4916 cop.
530 4837 556 4886 2.
574 4837 619 4886 καὶ
634 4835 731 4896 αύτούς
747 4836 808 4896 τοὺς
818 4839 891 4920 ιηοιτά
908 4841 997 4900 πόλεις
1014 4841 1156 4904 οἰκοῦντας.
1207 4845 1254 4910 83)
1271 4845 1365 4909 Incipit
1381 4847 1427 4898 iot.
1445 4849 1490 4900 73.
1508 4851 1541 4898 Δ.
1592 4850 1640 4908 84)
1664 4849 1756 4900 cndex
1777 4853 1899 4917 nortorps.
1956 4850 2002 4912 85)
2026 4853 2065 4900 Ad
2088 4854 2242 4912 marginem

368 4917 431 4972 περι
448 4919 499 4952 ταν
518 4901 545 4953 tr
562 4901 676 4973 έπαρχίᾳ
693 4908 829 4967 οτιλλαμίν
853 4909 915 4974 (teg.
934 4911 1103 4972 στελλομένων
1119 4917 1153 4978 ηδ’.
1172 4913 1245 4972 get.
1264 4911 1297 4977 η’.
1315 4916 1364 4964 τοῦ
1381 4912 1452 4978 sod.)
1523 4917 1570 4976 sc)
1591 4917 1683 4968 codex
1705 4915 1765 4968 είτί.
1805 4919 1925 4980 Manna,
1955 4931 2021 4984 quae
2044 4926 2124 4968 antea
2145 4921 2242 4980 posita

369 4977 426 5032 est,
443 4973 471 5020 in
489 4970 555 5022 Cod.
575 4986 629 5022 nou
646 4981 764 5038 apparet.
798 4977 866 5027 Nou.
886 4977 946 5026 1³4.
965 4991 1022 5041 cup.
1041 4979 1066 5029 2.
1084 4979 1213 5050 προφάσει
1230 4979 1358 5046 δημοολυν
1381 4979 1537 5052 εῖοπράεεεεν
1562 4979 1638 5050 ήελτί
1665 5003 1688 5034 ιν
1711 4983 1867 5052 οἱανδήποτε
1891 4983 2074 5044 ἀναφυομένων
2096 4982 2241 5050 ζητήσεων.

369 5038 524 5098 [tegendum
542 5052 622 5103 ergo:
640 5041 691 5090 εἴτε
708 5038 837 5112 προυάαει
855 5045 982 5110 δημοσῖιιν
999 5043 1153 5116 εἰσπράξειν
1170 5047 1221 5098 εῖτε
1237 5048 1297 5118 περὶ
1313 5045 1394 5101 ἀλλον
1419 5047 1580 5120 πράγματος.
1657 5053 1704 5114 oc)
1728 5053 1819 5104 Codex
1842 5053 2033 5122 ένκεχεὶριοτας.
2074 5054 2148 5114 Qttod
2176 5067 2241 5102 cum

369 5111 525 5166 corruptum
544 5110 594 5166 sit,
612 5119 697 5172 neque
714 5113 801 5170 possit
818 5123 881 5162 csse
904 5115 1062 5166 adiectivom
1088 5117 1194 5166 verbale
1216 5113 1386 5185 ίμχειριατὸς,
1410 5121 1484 5170 cuius
1506 5120 1540 5170 ab
1562 5121 1613 5171 Ιιοο
1635 5121 1696 5172 λοοο
1719 5121 1806 5172 atiena
1829 5127 1872 5172 est
1894 5122 2068 5186 significatio,
2092 5125 2242 5184 augmento

371 5173 499 5221 corridente
519 5179 547 5222 et
564 5187 648 5236 voce,
666 5190 733 5239 ηειεευ
752 5177 845 5228 δελενδα
863 5181 973 5244 iegitur,
991 5179 1168 5254 ἐνεχειρίσθη,
1185 5187 1281 5245 scripsi
1298 5181 1519 5254 ἐγκεχειρισμένος.
1570 5185 1617 5250 87)
1634 5189 1707 5248 Quae
1724 5193 1798 5238 tineis
1823 5191 1926 5238 inclusa
1942 5193 2017 5244 sunt.
2042 5189 2075 5238 εεΙε
2098 5191 2157 5250 ipsa
2179 5189 2243 5238 No·

371 5241 444 5287 vetto
463 5239 526 5288 tot.
544 5243 594 5290 hoc
611 5243 673 5292 ioco
691 5245 794 5293 obstrui.
829 5245 859 5296 ln
877 5249 943 5298 Ιεειοο
960 5249 1057 5300 tineam
1074 5265 1108 5300 ex
1125 5255 1175 5312 iis,
1192 5261 1434 5316 contempnuntur,
1451 5255 1579 5304 translata
1596 5261 1657 5308 sunt
1674 5269 1708 5306 ex
1725 5269 1820 5306 errore
1838 5255 1944 5306 librarii.
1996 5253 2042 5320 89)
2065 5255 2157 5306 Codex
2179 5254 2241 5303 ίνε-

270 5337 274 5350 ,
368 5308 506 5373 χειρισθή.
558 5307 605 5372 so)
622 5311 770 5360 sicomoro
786 5313 916 5364 Noveiioe
933 5318 1019 5367 hahet.
1053 5317 1119 5368 Cod.
1138 5313 1284 5381 ύπυθήκατ.
1338 5319 1384 5380 99)
1404 5321 1443 5369 Ad
1461 5325 1607 5384 marginem
1623 5308 1675 5373 τῖύΙ
1691 5325 1756 5388 (leg.
1773 5321 1861 5386 strar)
1876 5319 1926 5392 χρή
1948 5326 2069 5393 προνοεῖν
2090 5319 2154 5379 τούς
2173 5319 2241 5392 cipp.

369 5373 435 5436 (λος.
454 5370 593 5458 ἄρχοντας)
609 5379 640 5440 βΐ
662 5377 684 5434 ἶ.
703 5381 739 5428 ti·
756 5377 778 5448 ,i
796 5383 845 5464 τεηῦ
862 5382 936 5440 νεεδ..
952 5386 1017 5448 posit.
1035 5383 1069 5442 ΐεῖ
1085 5389 1118 5434 εἳ.
1138 5384 1188 5436 ιθ’.
1206 5387 1254 5434 τοῦ
1271 5384 1328 5435 aad.
1381 5385 1428 5452 91)
1444 5391 1487 5440 Sic
1512 5389 1576 5439 God.
1611 5391 1704 5442 Oratio
1728 5393 1856 5442 Neratiae
1880 5387 1955 5458 ύνιίρ.
2011 5388 2058 5454 99)
2080 5389 2111 5440 in
2134 5389 2243 5440 Codice

369 5441 447 5488 deest
463 5460 505 5490 ιιι.
524 5507 530 5526 ⁸
557 5442 604 5524 tis)
622 5443 715 5526 (ληδεηε
731 5451 793 5510 post
809 5467 841 5506 ας
858 5451 947 5500 adiicit
964 5450 1063 5501 σι’κεῖαν
1079 5451 1190 5512 τάεειιν,
1208 5465 1274 5516 quae
1292 5455 1375 5504 verbo
1392 5455 1425 5504 ab
1443 5457 1493 5506 hoc
1510 5458 1570 5508 ioco
1587 5458 1674 5508 atiena
1691 5473 1757 5510 esse
1776 5460 1872 5509 indicat
1890 5459 1959 5508 Nov.
1978 5455 2038 5506 191.
2058 5471 2114 5520 cap.
2132 5459 2159 5506 2.
2194 5459 2243 5506 Ad

366 5520 453 5588 marg.
462 5525 596 5592 grapa-roc
613 5527 674 5568 τους
690 5530 818 5591 αρχοντας
835 5517 990 5568 κινδυνεύειν
1007 5517 1042 5576 εἰς
1060 5519 1135 5580 (coo.
1154 5519 1192 5580 ίκ)
1209 5513 1244 5569 τόν
1261 5519 1372 5586 δημόσια
1390 5519 1456 5572 νατά
1473 5521 1537 5588 (leg.
1553 5519 1632 5587 μετόν)
1649 5526 1701 5576 τῶν
1717 5523 1815 5576 οἰκεῖαι·
1831 5517 1909 5586 (Cod-
1935 5519 2045 5588 οἰκειων)
2075 5524 2173 5582 τάξεων
2195 5527 2240 5588 βῖ.

368 5603 391 5628 ιε-
409 5591 448 5655 ⁷⁴}
462 5605 483 5632 κ.
500 5592 548 5627 ²⁰1¹
566 5575 623 5628 ¹⁰13·
641 5582 674 5643 βό·
693 5610 723 5636 ια.
741 5585 775 5631 ῐῖ-
794 5579 838 5638 εἶ’.
856 5587 905 5636 τοῦ
923 5585 980 5634 νεεδ.
1031 5587 1079 5650 vd)
1096 5589 1135 5636 Ad
1153 5591 1299 5650 marginem
1316 5587 1342 5640 οῖ
1359 5587 1514 5660 ονρενεάριοι
1531 5608 1604 5652 ναμπ
1619 5609 1710 5662 ccupat
1728 5593 1790 5656 (sic)
1808 5589 2002 5663 λρμηνεύονται.
2029 5589 2144 5642 alodarii
2165 5609 2242 5658 χαρ-

289 5665 304 5690 ε
367 5643 516 5723 τοαλαριοιή
564 5641 609 5726 tid)
627 5647 950 5713 sinemurensem,
968 5653 1284 5704 aedasecnndamanu.
1336 5658 1382 5716 97)
1399 5657 1492 5720 Incipit
1513 5660 1559 5710 iot.
1584 5610 1628 5708 λδ.
1647 5661 1674 5709 ii.
1708 5663 1778 5712 Ante
1796 5662 1942 5730 πράττουσι
1961 5659 2058 5708 excidit
2076 5661 2137 5729 cinq
2155 5659 2242 5708 dnbio

368 5711 465 5758 vocuta
481 5729 526 5775 μη.
561 5711 629 5761 Vide
646 5713 715 5763 Noc.
733 5715 795 5768 iat.
814 5733 871 5782 cap.
889 5720 914 5767 2.
933 5721 962 5768 in
978 5721 1039 5768 tine.
1073 5723 1113 5770 Ad
1132 5725 1277 5786 marginem
1295 5725 1455 5786 adscriptum
1473 5731 1516 5776 est
1532 5739 1549 5776 a
1566 5727 1682 5778 secunda
1699 5742 1775 5778 mano
1793 5727 1896 5778 ἔκδικοι.
1930 5727 2002 5787 Quae
2020 5733 2063 5776 est
2161 5731 2242 5777 catio

364 5789 477 5860 eorum,
494 5789 660 5859 qttaeeupra
676 5782 747 5831 dicta
764 5795 825 5836 scint
843 5783 858 5866 ή
877 5785 959 5864 ἕτερον
976 5787 1052 5844 τινές.
1085 5789 1116 5838 ln
1133 5791 1201 5838 λλον.
1220 5791 1279 5840 tat.
1305 5805 1361 5854 cap.
1379 5794 1405 5841 9.
1429 5791 1523 5842 ἔκδικοι
1541 5806 1594 5843 non
1612 5800 1663 5845 eat.
1698 5795 1795 5855 99).1δ
1813 5799 1957 5860 inargineni
1974 5795 2067 5846 Codioi
2136 5791 2243 5862 ιινχρὴ

366 5846 516 5906 auspicem
537 5861 599 5901 wit
615 5865 744 5914 appense
761 5853 805 5903 sai
826 5870 873 5909 tac
889 5853 975 5909 tettae
990 5849 1078 5904 αὐτῶν
1093 5859 1128 5922 δι’.
1147 5857 1170 5914 ἶ,
1187 5861 1222 5908 rt.
1239 5857 1268 5927 ᾗ,
1285 5860 1334 5908 τοῦ
1352 5859 1410 5909 aad.
1480 5857 1690 5920 coitionem«)
1715 5864 1792 5913 iacet
1810 5864 1870 5913 Ιοοο
1888 5857 1912 5912 ὁ.
1968 5862 2002 5922 i)
2028 5861 2070 5914 Ad
2109 5858 2246 5926 'arginem

261 5919 275 5944 λ
366 5911 427 5980 περὶ
443 5909 588 5961 ε’πισνόπενν
604 5912 681 5976 (Coti.
699 5914 857 5979 ἐπισκόπων)
874 5919 917 5968 καὶ
934 5919 1057 5990 κτιτόρεεν
1073 5919 1137 5990 (teg.
1155 5923 1296 5994 κτητόροιν)
1312 5929 1377 5984 (sic)
1394 5929 1428 5990 δι’.
1446 5927 1469 5984 ἧ,
1486 5929 1522 5978 τῖ’.
1540 5925 1573 5978 δ.
1589 5931 1639 5980 τοῦ
1652 5927 1708 5982 νεεδ.
1743 5929 1771 5992 2)
1789 5930 1832 5980 καὶ
1849 5932 1926 5978 deest
1943 5932 1971 5978 iti
1988 5929 2097 5982 Codice.
2115 5927 2241 5980 Verrina-

368 5983 456 6028 minen
467 5984 699 6064 seutentiaparnm
710 5990 845 6054 procedit,
864 5991 915 6036 nisi
931 5989 1019 6040 addito
1030 5989 1086 6050 καί,
1110 6006 1194 6058 αοηεεσ
1207 5995 1283 6042 deest
1300 5993 1403 6044 iuNov.
1424 5995 1483 6044 tot.
1502 6009 1559 6056 cap.
1577 5997 1603 6045 3.
1638 5996 1740 6058 sicud.
1758 5995 1963 6058 ἀνεμπαδιαεδις.
1997 5995 2025 6062 4)
2034 5999 2099 6048 (λεδ.
2113 6013 2244 6066 πραετε-

368 6049 446 6095 σθαι.
505 6045 535 6127 δ)
553 6049 591 6096 Ad
609 6063 752 6114 inargtnem
769 6055 830 6126 περὶ
846 6051 970 6122 ίκνλήτεαν
987 6057 1030 6109 καὶ
1046 6057 1201 6124 testificator
1216 6059 1292 6128 βιζῖ,
1309 6065 1339 6112 τἐ·
1353 6091 1374 6122 u.
1392 6063 1441 6113 τοῦ
1458 6062 1515 6116 νωδ.
1532 6065 1566 6128 δι’.
1584 6060 1617 6128 γ’.
1635 6065 1669 6114 τῖ’.
1687 6061 1716 6116 τ’.
1733 6066 1782 6116 τοῦ
1800 6063 1857 6115 νεεδ.
1874 6068 1909 6128 ηίῖ.
1932 6061 1953 6122 ζ’
1971 6067 2005 6114 τῖ.
2036 6064 2084 6130 ξηῖ.
2106 6067 2157 6116 τοῦ
2173 6064 2242 6116 aad.

368 6114 398 6177 o)
415 6115 469 6168 Pro
486 6129 534 6172 τοις
551 6117 590 6164 tit.
608 6117 634 6167 7.
651 6127 744 6182 parat.
763 6119 790 6184 S.
808 6125 833 6175 7.
851 6125 949 6176 iacent
963 6121 1013 6183 τὰς
1027 6130 1202 6192 πεμπομένας.
1352 6119 1356 6132 ’

1878 6769 1906 6902 i

326 6413 401 6745 ,·
988 6497 1425 6817 ’
1841 6703 1857 6735 ,
2182 6280 2362 6725 9
