<?xml version="1.0" encoding="UTF-8"?>
<!DOCTYPE html PUBLIC "-//W3C//DTD XHTML 1.0 Transitional//EN"
    "http://www.w3.org/TR/xhtml1/DTD/xhtml1-transitional.dtd">
<html xmlns="http://www.w3.org/1999/xhtml" xml:lang="en" lang="en">
 <head>
  <title>
</title>
<meta http-equiv="Content-Type" content="text/html;charset=utf-8" />
  <meta name='ocr-system' content='tesseract 3.04.00' />
  <meta name='ocr-capabilities' content='ocr_page ocr_carea ocr_par ocr_line ocrx_word'/>
</head>
<body>
  <div class='ocr_page' id='page_1' title='image "./anekdotaexcodic00theogoog/anekdotaexcodic00theogoog_0197.png"; bbox 0 0 4784 7068; ppageno 0'>
   <div class='ocr_carea' id='block_1_1' title="bbox 388 541 1542 654">
    <p class='ocr_par' dir='ltr' id='par_1_1' title="bbox 388 541 1542 654">
     <span class='ocr_line' id='line_1_1' title="bbox 388 541 1542 654; baseline -0.007 0"><span class='ocrx_word' id='word_1_1' title='bbox 388 587 442 654; x_wconf 73' lang='lat' dir='ltr'><strong>m</strong></span> <span class='ocrx_word' id='word_1_2' title='bbox 902 541 906 550; x_wconf 67' lang='grc'><em>’</em></span> <span class='ocrx_word' id='word_1_3' title='bbox 1113 577 1542 650; x_wconf 75' lang='lat' dir='ltr'><strong>aruaussu</strong></span> 
     </span>
    </p>
   </div>
   <div class='ocr_carea' id='block_1_2' title="bbox 385 753 2385 856">
    <p class='ocr_par' dir='ltr' id='par_1_2' title="bbox 385 753 2385 856">
     <span class='ocr_line' id='line_1_2' title="bbox 385 753 2385 856; baseline -0.004 -16"><span class='ocrx_word' id='word_1_4' title='bbox 385 771 461 852; x_wconf 69' lang='lat'>02⁹³)</span> <span class='ocrx_word' id='word_1_5' title='bbox 488 767 743 856; x_wconf 88' lang='grc' dir='ltr'><em>προσομολόγησαν</em></span> <span class='ocrx_word' id='word_1_6' title='bbox 770 769 812 854; x_wconf 85' lang='grc' dir='ltr'><strong>(ν.</strong></span> <span class='ocrx_word' id='word_1_7' title='bbox 834 769 1119 855; x_wconf 87' lang='grc' dir='ltr'><em>προσωμολόγησαν.)</em></span> <span class='ocrx_word' id='word_1_8' title='bbox 1136 767 1295 852; x_wconf 51' lang='lat' dir='ltr'><strong>aientem)</strong></span> <span class='ocrx_word' id='word_1_9' title='bbox 1342 777 1466 848; x_wconf 78' lang='lat' dir='ltr'><strong>guntor3</strong></span> <span class='ocrx_word' id='word_1_10' title='bbox 1489 771 1556 844; x_wconf 91' lang='lat' dir='ltr'><strong>ipse</strong></span> <span class='ocrx_word' id='word_1_11' title='bbox 1578 767 1627 848; x_wconf 79' lang='grc'>(9)</span> <span class='ocrx_word' id='word_1_12' title='bbox 1650 775 1747 828; x_wconf 86' lang='lat' dir='ltr'><strong>autem</strong></span> <span class='ocrx_word' id='word_1_13' title='bbox 1769 777 1851 830; x_wconf 88' lang='lat' dir='ltr'><strong>actor</strong></span> <span class='ocrx_word' id='word_1_14' title='bbox 1879 768 1926 847; x_wconf 88' lang='lat' dir='ltr'><strong>id,</strong></span> <span class='ocrx_word' id='word_1_15' title='bbox 1959 771 2036 846; x_wconf 87' lang='lat' dir='ltr'><strong>quod</strong></span> <span class='ocrx_word' id='word_1_16' title='bbox 2058 773 2095 832; x_wconf 91' lang='lat' dir='ltr'><strong>de</strong></span> <span class='ocrx_word' id='word_1_17' title='bbox 2117 775 2256 848; x_wconf 78' lang='lat' dir='ltr'>expensis</span> <span class='ocrx_word' id='word_1_18' title='bbox 2290 753 2297 772; x_wconf 54' lang='lat'>⁸</span> <span class='ocrx_word' id='word_1_19' title='bbox 2384 775 2385 792; x_wconf 65' lang='lat'>¹</span> 
     </span>
    </p>
   </div>
   <div class='ocr_carea' id='block_1_3' title="bbox 386 851 2269 4808">
    <p class='ocr_par' dir='ltr' id='par_1_3' title="bbox 386 851 2267 4650">
     <span class='ocr_line' id='line_1_3' title="bbox 386 851 2252 938; baseline -0.002 -16"><span class='ocrx_word' id='word_1_20' title='bbox 386 861 415 922; x_wconf 78' lang='lat' dir='ltr'><strong>bi</strong></span> <span class='ocrx_word' id='word_1_21' title='bbox 436 857 452 922; x_wconf 87' lang='grc' dir='ltr'>ὁ</span> <span class='ocrx_word' id='word_1_22' title='bbox 477 857 580 938; x_wconf 79' lang='grc' dir='ltr'><em>ἐνάγων</em></span> <span class='ocrx_word' id='word_1_23' title='bbox 602 851 803 938; x_wconf 74' lang='grc' dir='ltr'><em>ἀναπληρώσει</em></span> <span class='ocrx_word' id='word_1_24' title='bbox 830 856 864 921; x_wconf 88' lang='grc' dir='ltr'><strong>τό</strong></span> <span class='ocrx_word' id='word_1_25' title='bbox 884 863 978 920; x_wconf 77' lang='grc' dir='ltr'><em>λεῖπον</em></span> <span class='ocrx_word' id='word_1_26' title='bbox 1007 871 1068 928; x_wconf 80' lang='grc' dir='ltr'><em>τοῖς</em></span> <span class='ocrx_word' id='word_1_27' title='bbox 1090 854 1295 935; x_wconf 71' lang='grc' dir='ltr'><em>δαπανήμασιν.</em></span> <span class='ocrx_word' id='word_1_28' title='bbox 1339 857 1487 914; x_wconf 89' lang='lat' dir='ltr'><strong>residuum</strong></span> <span class='ocrx_word' id='word_1_29' title='bbox 1517 858 1587 928; x_wconf 86' lang='lat' dir='ltr'><strong>crit,</strong></span> <span class='ocrx_word' id='word_1_30' title='bbox 1622 859 1768 913; x_wconf 80' lang='lat' dir='ltr'><strong>restituet.</strong></span> <span class='ocrx_word' id='word_1_31' title='bbox 1821 858 1943 929; x_wconf 77' lang='lat' dir='ltr'>Oportet</span> <span class='ocrx_word' id='word_1_32' title='bbox 1981 875 2067 932; x_wconf 90' lang='lat' dir='ltr'><strong>eum,</strong></span> <span class='ocrx_word' id='word_1_33' title='bbox 2118 861 2167 932; x_wconf 85' lang='lat' dir='ltr'><strong>qui</strong></span> <span class='ocrx_word' id='word_1_34' title='bbox 2218 877 2252 918; x_wconf 83' lang='lat' dir='ltr'><strong>ex</strong></span> 
     </span>
     <span class='ocr_line' id='line_1_4' title="bbox 386 937 2256 1044; baseline 0 -43"><span class='ocrx_word' id='word_1_35' title='bbox 386 939 496 1028; x_wconf 68' lang='lat'><strong>203795)</strong></span> <span class='ocrx_word' id='word_1_36' title='bbox 520 937 611 1016; x_wconf 81' lang='grc' dir='ltr'><em>τὸνέξ</em></span> <span class='ocrx_word' id='word_1_37' title='bbox 630 939 779 1014; x_wconf 85' lang='grc' dir='ltr'><em>αι’τιάσεως</em></span> <span class='ocrx_word' id='word_1_38' title='bbox 798 941 1018 1022; x_wconf 83' lang='grc' dir='ltr'><em>ὑπομνησθίντα</em></span> <span class='ocrx_word' id='word_1_39' title='bbox 1038 943 1145 1044; x_wconf 74' lang='grc' dir='ltr'><em>βιβλίον</em></span> <span class='ocrx_word' id='word_1_40' title='bbox 1160 945 1296 1024; x_wconf 68' lang='grc' dir='ltr'><em>δέχεσθαι</em></span> <span class='ocrx_word' id='word_1_41' title='bbox 1339 943 1533 999; x_wconf 74' lang='lat' dir='ltr'><strong>consentione</strong></span> <span class='ocrx_word' id='word_1_42' title='bbox 1561 942 1669 997; x_wconf 86' lang='lat' dir='ltr'><strong>citatus</strong></span> <span class='ocrx_word' id='word_1_43' title='bbox 1690 946 1746 1014; x_wconf 90' lang='lat' dir='ltr'><strong>est,</strong></span> <span class='ocrx_word' id='word_1_44' title='bbox 1772 942 1902 998; x_wconf 89' lang='lat' dir='ltr'><strong>libellum</strong></span> <span class='ocrx_word' id='word_1_45' title='bbox 1932 943 2069 1014; x_wconf 88' lang='lat' dir='ltr'><strong>accipere</strong></span> <span class='ocrx_word' id='word_1_46' title='bbox 2098 949 2127 1000; x_wconf 92' lang='lat' dir='ltr'><strong>et</strong></span> <span class='ocrx_word' id='word_1_47' title='bbox 2149 945 2256 1002; x_wconf 89' lang='lat' dir='ltr'><strong>babere</strong></span> 
     </span>
     <span class='ocr_line' id='line_1_5' title="bbox 387 1023 2254 1106; baseline -0.001 -18"><span class='ocrx_word' id='word_1_48' title='bbox 387 1032 434 1089; x_wconf 85' lang='grc' dir='ltr'><em>καλ</em></span> <span class='ocrx_word' id='word_1_49' title='bbox 459 1029 643 1106; x_wconf 75' lang='grc' dir='ltr'><em>προθεσμίαν</em></span> <span class='ocrx_word' id='word_1_50' title='bbox 669 1025 738 1106; x_wconf 82' lang='grc' dir='ltr'><em>ἔχειν</em></span> <span class='ocrx_word' id='word_1_51' title='bbox 765 1023 798 1088; x_wconf 90' lang='grc' dir='ltr'><strong>κ’.</strong></span> <span class='ocrx_word' id='word_1_52' title='bbox 827 1026 951 1106; x_wconf 77' lang='grc' dir='ltr'><em>ἡμερῶν,</em></span> <span class='ocrx_word' id='word_1_53' title='bbox 975 1024 1017 1104; x_wconf 77' lang='grc' dir='ltr'><strong>ἐφ’</strong></span> <span class='ocrx_word' id='word_1_54' title='bbox 1047 1051 1069 1103; x_wconf 87' lang='grc' dir='ltr'><strong>ῳ</strong></span> <span class='ocrx_word' id='word_1_55' title='bbox 1098 1025 1165 1087; x_wconf 70' lang='grc' dir='ltr'><em>εἴσω</em></span> <span class='ocrx_word' id='word_1_56' title='bbox 1187 1023 1296 1088; x_wconf 77' lang='grc' dir='ltr'><em>τούτων</em></span> <span class='ocrx_word' id='word_1_57' title='bbox 1339 1027 1465 1097; x_wconf 89' lang='lat' dir='ltr'><strong>spatium</strong></span> <span class='ocrx_word' id='word_1_58' title='bbox 1505 1026 1614 1100; x_wconf 73' lang='lat' dir='ltr'><strong>viginti</strong></span> <span class='ocrx_word' id='word_1_59' title='bbox 1643 1026 1772 1098; x_wconf 90' lang='lat' dir='ltr'><strong>dierum,</strong></span> <span class='ocrx_word' id='word_1_60' title='bbox 1807 1031 1839 1081; x_wconf 89' lang='lat' dir='ltr'><strong>ut</strong></span> <span class='ocrx_word' id='word_1_61' title='bbox 1868 1027 1946 1082; x_wconf 90' lang='lat' dir='ltr'><strong>intra</strong></span> <span class='ocrx_word' id='word_1_62' title='bbox 1974 1029 2028 1084; x_wconf 82' lang='lat' dir='ltr'><strong>iios</strong></span> <span class='ocrx_word' id='word_1_63' title='bbox 2057 1033 2110 1084; x_wconf 88' lang='lat' dir='ltr'><strong>aut</strong></span> <span class='ocrx_word' id='word_1_64' title='bbox 2129 1029 2254 1087; x_wconf 89' lang='lat' dir='ltr'><strong>iudicem</strong></span> 
     </span>
     <span class='ocr_line' id='line_1_6' title="bbox 387 1105 2255 1194; baseline -0.002 -20"><span class='ocrx_word' id='word_1_65' title='bbox 387 1105 669 1194; x_wconf 78' lang='grc' dir='ltr'><em>ἢπαραιτηοασθαι</em></span> <span class='ocrx_word' id='word_1_66' title='bbox 689 1107 739 1172; x_wconf 81' lang='grc' dir='ltr'><strong>τόν</strong></span> <span class='ocrx_word' id='word_1_67' title='bbox 759 1107 953 1188; x_wconf 58' lang='lat' dir='ltr'><strong>(truncatim...</strong></span> <span class='ocrx_word' id='word_1_68' title='bbox 982 1109 1162 1188; x_wconf 64' lang='grc' dir='ltr'><em>αι’τησαιθθ),</em></span> <span class='ocrx_word' id='word_1_69' title='bbox 1192 1108 1296 1189; x_wconf 80' lang='grc' dir='ltr'><em>ἢσνν-</em></span> <span class='ocrx_word' id='word_1_70' title='bbox 1339 1115 1473 1184; x_wconf 85' lang='lat' dir='ltr'><strong>recuset,</strong></span> <span class='ocrx_word' id='word_1_71' title='bbox 1504 1117 1555 1165; x_wconf 89' lang='lat' dir='ltr'><strong>aut</strong></span> <span class='ocrx_word' id='word_1_72' title='bbox 1577 1109 1666 1166; x_wconf 89' lang='lat' dir='ltr'><strong>alium</strong></span> <span class='ocrx_word' id='word_1_73' title='bbox 1688 1109 1816 1168; x_wconf 90' lang='lat' dir='ltr'><strong>iudicem</strong></span> <span class='ocrx_word' id='word_1_74' title='bbox 1838 1117 1935 1182; x_wconf 82' lang='lat' dir='ltr'><strong>petat,</strong></span> <span class='ocrx_word' id='word_1_75' title='bbox 1973 1113 2024 1184; x_wconf 84' lang='lat' dir='ltr'><strong>qui</strong></span> <span class='ocrx_word' id='word_1_76' title='bbox 2052 1129 2200 1170; x_wconf 89' lang='lat' dir='ltr'><strong>unacum</strong></span> <span class='ocrx_word' id='word_1_77' title='bbox 2221 1131 2255 1171; x_wconf 88' lang='lat' dir='ltr'><strong>eo</strong></span> 
     </span>
     <span class='ocr_line' id='line_1_7' title="bbox 387 1189 2256 1276; baseline -0.001 -18"><span class='ocrx_word' id='word_1_78' title='bbox 387 1199 484 1260; x_wconf 84' lang='grc' dir='ltr'><em>ελθεῑν</em></span> <span class='ocrx_word' id='word_1_79' title='bbox 509 1191 591 1276; x_wconf 85' lang='grc' dir='ltr'><em>παρά</em></span> <span class='ocrx_word' id='word_1_80' title='bbox 615 1199 656 1270; x_wconf 78' lang='grc' dir='ltr'><strong>τῷ</strong></span> <span class='ocrx_word' id='word_1_81' title='bbox 677 1194 816 1273; x_wconf 77' lang='grc' dir='ltr'><strong>δεξαμένῳ</strong></span> <span class='ocrx_word' id='word_1_82' title='bbox 848 1191 897 1272; x_wconf 82' lang='grc' dir='ltr'><strong>την</strong></span> <span class='ocrx_word' id='word_1_83' title='bbox 925 1193 986 1253; x_wconf 83' lang='grc' dir='ltr'><em>κατ’</em></span> <span class='ocrx_word' id='word_1_84' title='bbox 1017 1194 1105 1255; x_wconf 77' lang='grc' dir='ltr'><em>αὐτοῦ</em></span> <span class='ocrx_word' id='word_1_85' title='bbox 1125 1199 1249 1274; x_wconf 78' lang='grc' dir='ltr'><em>μίμφιν,</em></span> <span class='ocrx_word' id='word_1_86' title='bbox 1279 1189 1295 1274; x_wconf 84' lang='grc' dir='ltr'><strong><em>ἢ</em></strong></span> <span class='ocrx_word' id='word_1_87' title='bbox 1339 1195 1468 1268; x_wconf 88' lang='lat' dir='ltr'><strong>iudicet,</strong></span> <span class='ocrx_word' id='word_1_88' title='bbox 1490 1201 1542 1250; x_wconf 90' lang='lat' dir='ltr'><strong>aut</strong></span> <span class='ocrx_word' id='word_1_89' title='bbox 1567 1210 1643 1265; x_wconf 89' lang='lat' dir='ltr'><strong>eum,</strong></span> <span class='ocrx_word' id='word_1_90' title='bbox 1665 1195 1716 1265; x_wconf 85' lang='lat' dir='ltr'><strong>qui</strong></span> <span class='ocrx_word' id='word_1_91' title='bbox 1732 1195 1875 1252; x_wconf 88' lang='lat' dir='ltr'><strong>actionem</strong></span> <span class='ocrx_word' id='word_1_92' title='bbox 1892 1195 2036 1252; x_wconf 81' lang='lat' dir='ltr'><strong>adversus</strong></span> <span class='ocrx_word' id='word_1_93' title='bbox 2056 1198 2152 1268; x_wconf 89' lang='lat' dir='ltr'><strong>ipsum</strong></span> <span class='ocrx_word' id='word_1_94' title='bbox 2175 1200 2256 1274; x_wconf 87' lang='lat' dir='ltr'><strong>(mo-</strong></span> 
     </span>
     <span class='ocr_line' id='line_1_8' title="bbox 388 1273 2257 1360; baseline -0.001 -21"><span class='ocrx_word' id='word_1_95' title='bbox 388 1283 506 1360; x_wconf 73' lang='grc' dir='ltr'><em>φιλικοῑς</em></span> <span class='ocrx_word' id='word_1_96' title='bbox 525 1275 598 1359; x_wconf 88' lang='grc' dir='ltr'><em>πρὸς</em></span> <span class='ocrx_word' id='word_1_97' title='bbox 619 1274 668 1339; x_wconf 90' lang='grc' dir='ltr'><strong>τόν</strong></span> <span class='ocrx_word' id='word_1_98' title='bbox 689 1278 828 1338; x_wconf 79' lang='grc' dir='ltr'><em>ἀντίδικον</em></span> <span class='ocrx_word' id='word_1_99' title='bbox 849 1273 1053 1339; x_wconf 67' lang='grc' dir='ltr'><strong><em>διαλύσασθαι</em></strong></span> <span class='ocrx_word' id='word_1_100' title='bbox 1082 1275 1135 1359; x_wconf 80' lang='grc' dir='ltr'><em>χρὴ</em></span> <span class='ocrx_word' id='word_1_101' title='bbox 1157 1279 1187 1339; x_wconf 76' lang='grc' dir='ltr'><strong>δὲ</strong></span> <span class='ocrx_word' id='word_1_102' title='bbox 1208 1273 1298 1340; x_wconf 79' lang='grc' dir='ltr'><em>αὐτόν</em></span> <span class='ocrx_word' id='word_1_103' title='bbox 1340 1277 1416 1353; x_wconf 82' lang='lat' dir='ltr'><strong>tarn)</strong></span> <span class='ocrx_word' id='word_1_104' title='bbox 1439 1279 1572 1352; x_wconf 88' lang='lat' dir='ltr'><strong>accepit,</strong></span> <span class='ocrx_word' id='word_1_105' title='bbox 1600 1279 1702 1351; x_wconf 86' lang='lat' dir='ltr'><strong>adeat,</strong></span> <span class='ocrx_word' id='word_1_106' title='bbox 1732 1285 1784 1335; x_wconf 89' lang='lat' dir='ltr'><strong>aut</strong></span> <span class='ocrx_word' id='word_1_107' title='bbox 1806 1281 2001 1336; x_wconf 73' lang='lat' dir='ltr'><strong>amicabiliter</strong></span> <span class='ocrx_word' id='word_1_108' title='bbox 2022 1297 2089 1337; x_wconf 89' lang='lat' dir='ltr'><strong>cum</strong></span> <span class='ocrx_word' id='word_1_109' title='bbox 2110 1283 2257 1338; x_wconf 83' lang='lat' dir='ltr'><strong>adversa-</strong></span> 
     </span>
     <span class='ocr_line' id='line_1_9' title="bbox 387 1357 2255 1444; baseline -0.001 -18"><span class='ocrx_word' id='word_1_110' title='bbox 387 1359 561 1444; x_wconf 75' lang='grc' dir='ltr'><em>ὑπογράφειν</em></span> <span class='ocrx_word' id='word_1_111' title='bbox 583 1367 611 1424; x_wconf 72' lang='lat' dir='ltr'><strong>dr</strong></span> <span class='ocrx_word' id='word_1_112' title='bbox 624 1367 665 1438; x_wconf 77' lang='grc' dir='ltr'><strong>τῷ</strong></span> <span class='ocrx_word' id='word_1_113' title='bbox 679 1361 741 1422; x_wconf 88' lang='grc' dir='ltr'><em>ἀντι</em></span> <span class='ocrx_word' id='word_1_114' title='bbox 760 1363 765 1439; x_wconf 91' lang='grc' dir='ltr'>Ι</span> <span class='ocrx_word' id='word_1_115' title='bbox 785 1363 831 1440; x_wconf 74' lang='grc'>97)</span> <span class='ocrx_word' id='word_1_116' title='bbox 854 1364 943 1442; x_wconf 82' lang='grc' dir='ltr'><em>βίβλῳ</em></span> <span class='ocrx_word' id='word_1_117' title='bbox 957 1366 1003 1423; x_wconf 90' lang='grc' dir='ltr'><em>καλ</em></span> <span class='ocrx_word' id='word_1_118' title='bbox 1017 1365 1118 1442; x_wconf 79' lang='grc' dir='ltr'><em>δηλοῦν</em></span> <span class='ocrx_word' id='word_1_119' title='bbox 1129 1357 1180 1443; x_wconf 79' lang='grc' dir='ltr'><strong>την</strong></span> <span class='ocrx_word' id='word_1_120' title='bbox 1193 1361 1298 1444; x_wconf 72' lang='grc' dir='ltr'><em>ἡμέραν</em></span> <span class='ocrx_word' id='word_1_121' title='bbox 1341 1365 1384 1420; x_wconf 92' lang='lat' dir='ltr'><strong>rio</strong></span> <span class='ocrx_word' id='word_1_122' title='bbox 1407 1363 1562 1438; x_wconf 76' lang='lat' dir='ltr'><strong>transigat.</strong></span> <span class='ocrx_word' id='word_1_123' title='bbox 1584 1363 1707 1434; x_wconf 86' lang='lat' dir='ltr'><strong>Oportet</strong></span> <span class='ocrx_word' id='word_1_124' title='bbox 1728 1370 1827 1420; x_wconf 89' lang='lat' dir='ltr'><strong>autem</strong></span> <span class='ocrx_word' id='word_1_125' title='bbox 1850 1365 1946 1436; x_wconf 90' lang='lat' dir='ltr'><strong>ipsum</strong></span> <span class='ocrx_word' id='word_1_126' title='bbox 1959 1366 2146 1424; x_wconf 78' lang='lat' dir='ltr'><strong>subscribere</strong></span> <span class='ocrx_word' id='word_1_127' title='bbox 2168 1369 2200 1424; x_wconf 91' lang='lat' dir='ltr'><strong>in</strong></span> <span class='ocrx_word' id='word_1_128' title='bbox 2221 1383 2255 1425; x_wconf 87' lang='lat' dir='ltr'><strong>co</strong></span> 
     </span>
     <span class='ocr_line' id='line_1_10' title="bbox 388 1443 2257 1528; baseline -0.001 -19"><span class='ocrx_word' id='word_1_129' title='bbox 388 1445 507 1516; x_wconf 83' lang='grc' dir='ltr'><em>καὶτὸν</em></span> <span class='ocrx_word' id='word_1_130' title='bbox 534 1443 636 1526; x_wconf 88' lang='grc' dir='ltr'><em>χρόνον</em></span> <span class='ocrx_word' id='word_1_131' title='bbox 661 1451 712 1524; x_wconf 79' lang='grc' dir='ltr'><strong>τῆς</strong></span> <span class='ocrx_word' id='word_1_132' title='bbox 746 1443 928 1528; x_wconf 73' lang='grc' dir='ltr'><em>ὑπομνησεως</em></span> <span class='ocrx_word' id='word_1_133' title='bbox 954 1451 1001 1507; x_wconf 84' lang='grc' dir='ltr'><em>καὶ</em></span> <span class='ocrx_word' id='word_1_134' title='bbox 1029 1443 1085 1508; x_wconf 79' lang='grc' dir='ltr'><strong>ὑπό</strong></span> <span class='ocrx_word' id='word_1_135' title='bbox 1114 1443 1299 1527; x_wconf 78' lang='grc' dir='ltr'><em>προσωπικὴν</em></span> <span class='ocrx_word' id='word_1_136' title='bbox 1340 1449 1451 1517; x_wconf 86' lang='lat' dir='ltr'><strong>libello,</strong></span> <span class='ocrx_word' id='word_1_137' title='bbox 1473 1449 1524 1520; x_wconf 89' lang='lat' dir='ltr'><strong>qui</strong></span> <span class='ocrx_word' id='word_1_138' title='bbox 1546 1447 1655 1503; x_wconf 91' lang='lat' dir='ltr'><strong>dicitur</strong></span> <span class='ocrx_word' id='word_1_139' title='bbox 1682 1449 1895 1522; x_wconf 77' lang='lat' dir='ltr'><strong>responsionis,</strong></span> <span class='ocrx_word' id='word_1_140' title='bbox 1918 1453 1947 1505; x_wconf 89' lang='lat' dir='ltr'><strong>et</strong></span> <span class='ocrx_word' id='word_1_141' title='bbox 1967 1451 2160 1508; x_wconf 74' lang='lat' dir='ltr'><strong>manifestare</strong></span> <span class='ocrx_word' id='word_1_142' title='bbox 2182 1453 2257 1508; x_wconf 90' lang='lat' dir='ltr'><strong>diem</strong></span> 
     </span>
     <span class='ocr_line' id='line_1_11' title="bbox 387 1526 2257 1612; baseline -0.001 -18"><span class='ocrx_word' id='word_1_143' title='bbox 387 1535 475 1594; x_wconf 83' lang='grc' dir='ltr'><em>τελεῖν</em></span> <span class='ocrx_word' id='word_1_144' title='bbox 497 1526 647 1611; x_wconf 66' lang='grc' dir='ltr'><em>ίγγόηνθθ)</em></span> <span class='ocrx_word' id='word_1_145' title='bbox 668 1529 818 1610; x_wconf 78' lang='grc' dir='ltr'><em>μίγρις99)</em></span> <span class='ocrx_word' id='word_1_146' title='bbox 849 1527 1079 1612; x_wconf 80' lang='grc' dir='ltr'><em>σνμπληριόοεως</em></span> <span class='ocrx_word' id='word_1_147' title='bbox 1100 1537 1157 1592; x_wconf 75' lang='grc' dir='ltr'><strong>τῶν</strong></span> <span class='ocrx_word' id='word_1_148' title='bbox 1178 1527 1212 1592; x_wconf 82' lang='grc' dir='ltr'><em>κ’.</em></span> <span class='ocrx_word' id='word_1_149' title='bbox 1233 1530 1297 1609; x_wconf 78' lang='grc' dir='ltr'><em>ἦμε·</em></span> <span class='ocrx_word' id='word_1_150' title='bbox 1341 1537 1371 1588; x_wconf 87' lang='lat' dir='ltr'><strong>et</strong></span> <span class='ocrx_word' id='word_1_151' title='bbox 1392 1537 1507 1604; x_wconf 89' lang='lat' dir='ltr'><strong>tempus</strong></span> <span class='ocrx_word' id='word_1_152' title='bbox 1520 1531 1679 1602; x_wconf 84' lang='lat' dir='ltr'><strong>citationis,</strong></span> <span class='ocrx_word' id='word_1_153' title='bbox 1702 1537 1731 1588; x_wconf 86' lang='lat' dir='ltr'><strong>et</strong></span> <span class='ocrx_word' id='word_1_154' title='bbox 1747 1549 1843 1604; x_wconf 80' lang='lat' dir='ltr'><strong>usque</strong></span> <span class='ocrx_word' id='word_1_155' title='bbox 1861 1535 1897 1590; x_wconf 88' lang='lat' dir='ltr'><strong>ad</strong></span> <span class='ocrx_word' id='word_1_156' title='bbox 1913 1535 2136 1606; x_wconf 75' lang='lat' dir='ltr'><strong>completionem</strong></span> <span class='ocrx_word' id='word_1_157' title='bbox 2150 1538 2257 1612; x_wconf 84' lang='lat' dir='ltr'><strong>viginti</strong></span> 
     </span>
     <span class='ocr_line' id='line_1_12' title="bbox 389 1611 2257 1698; baseline 0.001 -21"><span class='ocrx_word' id='word_1_158' title='bbox 389 1622 446 1698; x_wconf 86' lang='grc' dir='ltr'><strong>ρῶν</strong></span> <span class='ocrx_word' id='word_1_159' title='bbox 473 1617 518 1676; x_wconf 81' lang='grc' dir='ltr'><em>καλ</em></span> <span class='ocrx_word' id='word_1_160' title='bbox 546 1611 746 1695; x_wconf 84' lang='grc' dir='ltr'><em>συνερχόμενον</em></span> <span class='ocrx_word' id='word_1_161' title='bbox 789 1611 871 1695; x_wconf 87' lang='grc' dir='ltr'><em>παρά</em></span> <span class='ocrx_word' id='word_1_162' title='bbox 898 1619 938 1692; x_wconf 82' lang='grc' dir='ltr'><strong>τῷ</strong></span> <span class='ocrx_word' id='word_1_163' title='bbox 975 1620 1093 1694; x_wconf 71' lang='grc' dir='ltr'><em>δικαστῇ</em></span> <span class='ocrx_word' id='word_1_164' title='bbox 1121 1621 1297 1696; x_wconf 79' lang='grc' dir='ltr'><em>ἐρωτᾶσθαι,</em></span> <span class='ocrx_word' id='word_1_165' title='bbox 1342 1617 1454 1674; x_wconf 88' lang='lat' dir='ltr'><strong>dierum</strong></span> <span class='ocrx_word' id='word_1_166' title='bbox 1476 1618 1531 1672; x_wconf 90' lang='lat' dir='ltr'><strong>sub</strong></span> <span class='ocrx_word' id='word_1_167' title='bbox 1554 1617 1702 1688; x_wconf 90' lang='lat' dir='ltr'><strong>personali</strong></span> <span class='ocrx_word' id='word_1_168' title='bbox 1730 1633 1797 1673; x_wconf 89' lang='lat' dir='ltr'><strong>esse</strong></span> <span class='ocrx_word' id='word_1_169' title='bbox 1812 1617 2012 1692; x_wconf 78' lang='lat' dir='ltr'><strong>fideiussione,</strong></span> <span class='ocrx_word' id='word_1_170' title='bbox 2034 1625 2065 1676; x_wconf 87' lang='lat' dir='ltr'><strong>et</strong></span> <span class='ocrx_word' id='word_1_171' title='bbox 2079 1621 2257 1678; x_wconf 89' lang='lat' dir='ltr'><strong>adiudiccm</strong></span> 
     </span>
     <span class='ocr_line' id='line_1_13' title="bbox 388 1695 2254 1780; baseline 0 -18"><span class='ocrx_word' id='word_1_172' title='bbox 388 1706 415 1762; x_wconf 83' lang='grc' dir='ltr'><strong>εί</strong></span> <span class='ocrx_word' id='word_1_173' title='bbox 432 1695 635 1780; x_wconf 79' lang='grc' dir='ltr'><em>παρφχηκασιν</em></span> <span class='ocrx_word' id='word_1_174' title='bbox 656 1704 687 1760; x_wconf 89' lang='grc' dir='ltr'><strong>αἰ</strong></span> <span class='ocrx_word' id='word_1_175' title='bbox 706 1695 740 1759; x_wconf 90' lang='grc' dir='ltr'><em>κ’.</em></span> <span class='ocrx_word' id='word_1_176' title='bbox 762 1697 870 1780; x_wconf 74' lang='grc' dir='ltr'><em>ἡμέραν.</em></span> <span class='ocrx_word' id='word_1_177' title='bbox 891 1696 999 1760; x_wconf 78' lang='grc' dir='ltr'><em>τούτων</em></span> <span class='ocrx_word' id='word_1_178' title='bbox 1018 1699 1047 1760; x_wconf 79' lang='lat' dir='ltr'><strong>ci</strong></span> <span class='ocrx_word' id='word_1_179' title='bbox 1067 1697 1106 1779; x_wconf 82' lang='grc' dir='ltr'><em>μη</em></span> <span class='ocrx_word' id='word_1_180' title='bbox 1125 1703 1298 1779; x_wconf 76' lang='grc' dir='ltr'><em>φυλαττομέ·</em></span> <span class='ocrx_word' id='word_1_181' title='bbox 1341 1703 1508 1758; x_wconf 88' lang='lat' dir='ltr'><strong>venientem</strong></span> <span class='ocrx_word' id='word_1_182' title='bbox 1539 1701 1731 1776; x_wconf 83' lang='lat' dir='ltr'><strong>interrogari,</strong></span> <span class='ocrx_word' id='word_1_183' title='bbox 1761 1703 1859 1758; x_wconf 82' lang='lat' dir='ltr'><strong>sintne</strong></span> <span class='ocrx_word' id='word_1_184' title='bbox 1889 1703 1997 1778; x_wconf 83' lang='lat' dir='ltr'><strong>viginti</strong></span> <span class='ocrx_word' id='word_1_185' title='bbox 2026 1703 2089 1760; x_wconf 88' lang='lat' dir='ltr'><strong>dies</strong></span> <span class='ocrx_word' id='word_1_186' title='bbox 2119 1711 2254 1776; x_wconf 87' lang='lat' dir='ltr'><strong>praeter-</strong></span> 
     </span>
     <span class='ocr_line' id='line_1_14' title="bbox 388 1777 2256 1864; baseline -0.001 -17"><span class='ocrx_word' id='word_1_187' title='bbox 388 1809 455 1858; x_wconf 87' lang='grc' dir='ltr'><em>νων,</em></span> <span class='ocrx_word' id='word_1_188' title='bbox 482 1780 633 1864; x_wconf 85' lang='grc' dir='ltr'><em>ἀνίσχνρον</em></span> <span class='ocrx_word' id='word_1_189' title='bbox 643 1783 669 1860; x_wconf 82' lang='grc'><strong>1)</strong></span> <span class='ocrx_word' id='word_1_190' title='bbox 693 1781 762 1844; x_wconf 76' lang='grc' dir='ltr'><em>εἶναι</em></span> <span class='ocrx_word' id='word_1_191' title='bbox 787 1781 838 1864; x_wconf 82' lang='grc' dir='ltr'><strong>την</strong></span> <span class='ocrx_word' id='word_1_192' title='bbox 865 1781 1059 1864; x_wconf 79' lang='grc' dir='ltr'><em>προκάταρξιν</em></span> <span class='ocrx_word' id='word_1_193' title='bbox 1087 1787 1134 1844; x_wconf 86' lang='grc' dir='ltr'><em>καλ</em></span> <span class='ocrx_word' id='word_1_194' title='bbox 1163 1777 1297 1862; x_wconf 59' lang='grc' dir='ltr'><em>ἀδειανθ)</em></span> <span class='ocrx_word' id='word_1_195' title='bbox 1340 1785 1426 1857; x_wconf 89' lang='lat' dir='ltr'><strong>lapsi.</strong></span> <span class='ocrx_word' id='word_1_196' title='bbox 1476 1789 1558 1843; x_wconf 77' lang='lat' dir='ltr'><strong>ilaec</strong></span> <span class='ocrx_word' id='word_1_197' title='bbox 1588 1789 1686 1842; x_wconf 88' lang='lat' dir='ltr'><strong>autem</strong></span> <span class='ocrx_word' id='word_1_198' title='bbox 1716 1787 1742 1843; x_wconf 89' lang='lat' dir='ltr'><strong>si</strong></span> <span class='ocrx_word' id='word_1_199' title='bbox 1771 1799 1828 1843; x_wconf 90' lang='lat' dir='ltr'><strong>non</strong></span> <span class='ocrx_word' id='word_1_200' title='bbox 1857 1788 2066 1862; x_wconf 86' lang='lat' dir='ltr'><strong>observentur,</strong></span> <span class='ocrx_word' id='word_1_201' title='bbox 2096 1789 2256 1846; x_wconf 89' lang='lat' dir='ltr'><strong>invalidam</strong></span> 
     </span>
     <span class='ocr_line' id='line_1_15' title="bbox 387 1863 2257 1950; baseline 0 -20"><span class='ocrx_word' id='word_1_202' title='bbox 387 1868 458 1950; x_wconf 82' lang='grc' dir='ltr'><em>ἔχειν</em></span> <span class='ocrx_word' id='word_1_203' title='bbox 484 1863 535 1930; x_wconf 87' lang='grc' dir='ltr'><strong>τόν</strong></span> <span class='ocrx_word' id='word_1_204' title='bbox 561 1873 622 1950; x_wconf 74' lang='grc' dir='ltr'><em>βίον</em></span> <span class='ocrx_word' id='word_1_205' title='bbox 649 1867 717 1930; x_wconf 73' lang='grc' dir='ltr'><em>εἴσω</em></span> <span class='ocrx_word' id='word_1_206' title='bbox 743 1873 800 1930; x_wconf 81' lang='grc' dir='ltr'><strong>τῶν</strong></span> <span class='ocrx_word' id='word_1_207' title='bbox 828 1866 923 1929; x_wconf 78' lang='grc' dir='ltr'><em>αὐτῶν</em></span> <span class='ocrx_word' id='word_1_208' title='bbox 952 1865 983 1929; x_wconf 87' lang='grc' dir='ltr'><em>κ’.</em></span> <span class='ocrx_word' id='word_1_209' title='bbox 1013 1866 1138 1948; x_wconf 77' lang='grc' dir='ltr'><em>ἡμερῶν,</em></span> <span class='ocrx_word' id='word_1_210' title='bbox 1166 1867 1234 1930; x_wconf 80' lang='grc' dir='ltr'><em>ὡσεὶ</em></span> <span class='ocrx_word' id='word_1_211' title='bbox 1259 1869 1298 1949; x_wconf 79' lang='grc' dir='ltr'><em>μὴ</em></span> <span class='ocrx_word' id='word_1_212' title='bbox 1341 1887 1409 1926; x_wconf 88' lang='lat' dir='ltr'><strong>esse</strong></span> <span class='ocrx_word' id='word_1_213' title='bbox 1430 1871 1492 1926; x_wconf 91' lang='lat' dir='ltr'><strong>litis</strong></span> <span class='ocrx_word' id='word_1_214' title='bbox 1521 1872 1780 1944; x_wconf 77' lang='lat' dir='ltr'><strong>contestationem,</strong></span> <span class='ocrx_word' id='word_1_215' title='bbox 1808 1887 1947 1943; x_wconf 85' lang='lat' dir='ltr'><strong>reumque</strong></span> <span class='ocrx_word' id='word_1_216' title='bbox 1969 1873 2078 1929; x_wconf 88' lang='lat' dir='ltr'><strong>babere</strong></span> <span class='ocrx_word' id='word_1_217' title='bbox 2107 1873 2257 1930; x_wconf 81' lang='lat' dir='ltr'><strong>licentiam</strong></span> 
     </span>
     <span class='ocr_line' id='line_1_16' title="bbox 387 1947 2258 2034; baseline -0.001 -18"><span class='ocrx_word' id='word_1_218' title='bbox 387 1957 495 2034; x_wconf 76' lang='grc' dir='ltr'><em>γέγονεν</em></span> <span class='ocrx_word' id='word_1_219' title='bbox 529 1948 734 2032; x_wconf 82' lang='grc' dir='ltr'><em>προκάταρξις,</em></span> <span class='ocrx_word' id='word_1_220' title='bbox 769 1947 886 2014; x_wconf 82' lang='grc' dir='ltr'><em>ἅπαντα</em></span> <span class='ocrx_word' id='word_1_221' title='bbox 920 1947 1054 2034; x_wconf 85' lang='grc' dir='ltr'><em>πράττειν</em></span> <span class='ocrx_word' id='word_1_222' title='bbox 1087 1948 1125 2012; x_wconf 82' lang='grc' dir='ltr'><strong>τά</strong></span> <span class='ocrx_word' id='word_1_223' title='bbox 1160 1957 1296 2032; x_wconf 78' lang='grc' dir='ltr'><em>είρημὲνα</em></span> <span class='ocrx_word' id='word_1_224' title='bbox 1340 1955 1419 2011; x_wconf 85' lang='lat' dir='ltr'><strong>intra</strong></span> <span class='ocrx_word' id='word_1_225' title='bbox 1447 1955 1514 2011; x_wconf 92' lang='lat' dir='ltr'><strong>ilios</strong></span> <span class='ocrx_word' id='word_1_226' title='bbox 1541 1956 1623 2026; x_wconf 87' lang='lat' dir='ltr'><strong>ipsos</strong></span> <span class='ocrx_word' id='word_1_227' title='bbox 1644 1956 1753 2029; x_wconf 77' lang='lat' dir='ltr'><strong>viginti</strong></span> <span class='ocrx_word' id='word_1_228' title='bbox 1776 1953 1856 2030; x_wconf 85' lang='lat' dir='ltr'><strong>dics,</strong></span> <span class='ocrx_word' id='word_1_229' title='bbox 1884 1958 1996 2026; x_wconf 88' lang='lat' dir='ltr'><strong>omnia,</strong></span> <span class='ocrx_word' id='word_1_230' title='bbox 2026 1974 2101 2028; x_wconf 82' lang='lat' dir='ltr'><strong>quac</strong></span> <span class='ocrx_word' id='word_1_231' title='bbox 2132 1959 2258 2033; x_wconf 85' lang='lat' dir='ltr'><strong>(supra)</strong></span> 
     </span>
     <span class='ocr_line' id='line_1_17' title="bbox 389 2030 2258 2118; baseline 0.001 -19"><span class='ocrx_word' id='word_1_232' title='bbox 389 2035 590 2117; x_wconf 64' lang='lat' dir='ltr'><strong>spernenti),</strong></span> <span class='ocrx_word' id='word_1_233' title='bbox 618 2030 663 2096; x_wconf 83' lang='grc' dir='ltr'><strong>ότι</strong></span> <span class='ocrx_word' id='word_1_234' title='bbox 685 2034 700 2097; x_wconf 91' lang='grc' dir='ltr'>ὁ</span> <span class='ocrx_word' id='word_1_235' title='bbox 725 2040 754 2095; x_wconf 77' lang='grc' dir='ltr'><em>ἐκ</em></span> <span class='ocrx_word' id='word_1_236' title='bbox 775 2032 973 2115; x_wconf 70' lang='grc' dir='ltr'><strong>παραιτήσεως</strong></span> <span class='ocrx_word' id='word_1_237' title='bbox 994 2031 1089 2098; x_wconf 72' lang='grc' dir='ltr'><em>ἐλθών</em></span> <span class='ocrx_word' id='word_1_238' title='bbox 1111 2042 1148 2108; x_wconf 84' lang='grc' dir='ltr'><strong>είς</strong></span> <span class='ocrx_word' id='word_1_239' title='bbox 1170 2035 1298 2118; x_wconf 72' lang='grc' dir='ltr'><em>δεύτερον</em></span> <span class='ocrx_word' id='word_1_240' title='bbox 1340 2040 1530 2106; x_wconf 81' lang='lat' dir='ltr'><strong>dictasunt,</strong></span> <span class='ocrx_word' id='word_1_241' title='bbox 1563 2039 1692 2095; x_wconf 74' lang='lat' dir='ltr'><strong>faciendi</strong></span> <span class='ocrx_word' id='word_1_242' title='bbox 1714 2040 1852 2112; x_wconf 82' lang='lat' dir='ltr'><strong>proinde,</strong></span> <span class='ocrx_word' id='word_1_243' title='bbox 1888 2043 1972 2096; x_wconf 88' lang='lat' dir='ltr'><strong>acsi</strong></span> <span class='ocrx_word' id='word_1_244' title='bbox 1995 2043 2057 2098; x_wconf 88' lang='lat' dir='ltr'><strong>litis</strong></span> <span class='ocrx_word' id='word_1_245' title='bbox 2080 2045 2258 2100; x_wconf 76' lang='lat' dir='ltr'><strong>contestatio</strong></span> 
     </span>
     <span class='ocr_line' id='line_1_18' title="bbox 389 2117 2257 2200; baseline 0 -16"><span class='ocrx_word' id='word_1_246' title='bbox 389 2117 541 2200; x_wconf 75' lang='grc' dir='ltr'><em>δικαστήν,</em></span> <span class='ocrx_word' id='word_1_247' title='bbox 574 2118 609 2182; x_wconf 87' lang='grc' dir='ltr'><em>οό</em></span> <span class='ocrx_word' id='word_1_248' title='bbox 639 2117 757 2182; x_wconf 86' lang='grc' dir='ltr'><em>δόναται</em></span> <span class='ocrx_word' id='word_1_249' title='bbox 782 2125 830 2180; x_wconf 80' lang='grc' dir='ltr'><em>καὶ</em></span> <span class='ocrx_word' id='word_1_250' title='bbox 856 2127 956 2182; x_wconf 80' lang='grc' dir='ltr'><em>τοῦτον</em></span> <span class='ocrx_word' id='word_1_251' title='bbox 984 2130 1202 2198; x_wconf 82' lang='grc' dir='ltr'><em>παρααεῑσθαι.</em></span> <span class='ocrx_word' id='word_1_252' title='bbox 1250 2121 1299 2183; x_wconf 79' lang='grc' dir='ltr'><strong>ίάν</strong></span> <span class='ocrx_word' id='word_1_253' title='bbox 1341 2127 1420 2178; x_wconf 84' lang='lat' dir='ltr'><strong>tacta</strong></span> <span class='ocrx_word' id='word_1_254' title='bbox 1442 2139 1499 2180; x_wconf 91' lang='lat' dir='ltr'><strong>non</strong></span> <span class='ocrx_word' id='word_1_255' title='bbox 1522 2129 1612 2180; x_wconf 86' lang='lat' dir='ltr'><strong>esset.</strong></span> <span class='ocrx_word' id='word_1_256' title='bbox 1638 2126 1726 2195; x_wconf 86' lang='lat' dir='ltr'><strong>Nota,</strong></span> <span class='ocrx_word' id='word_1_257' title='bbox 1748 2125 1785 2180; x_wconf 86' lang='lat' dir='ltr'><strong>ab</strong></span> <span class='ocrx_word' id='word_1_258' title='bbox 1809 2141 1859 2196; x_wconf 88' lang='lat' dir='ltr'><strong>co,</strong></span> <span class='ocrx_word' id='word_1_259' title='bbox 1881 2127 1931 2196; x_wconf 89' lang='lat' dir='ltr'><strong>qui</strong></span> <span class='ocrx_word' id='word_1_260' title='bbox 1954 2142 1991 2182; x_wconf 86' lang='lat' dir='ltr'><strong>ex</strong></span> <span class='ocrx_word' id='word_1_261' title='bbox 2014 2129 2200 2187; x_wconf 84' lang='lat' dir='ltr'><strong>recusatione</strong></span> <span class='ocrx_word' id='word_1_262' title='bbox 2221 2129 2257 2184; x_wconf 88' lang='lat' dir='ltr'><strong>ad</strong></span> 
     </span>
     <span class='ocr_line' id='line_1_19' title="bbox 388 2202 2258 2286; baseline 0.001 -19"><span class='ocrx_word' id='word_1_263' title='bbox 388 2203 460 2286; x_wconf 89' lang='grc' dir='ltr'><strong>μετά</strong></span> <span class='ocrx_word' id='word_1_264' title='bbox 493 2209 647 2286; x_wconf 82' lang='grc' dir='ltr'><em>διομωσίαν</em></span> <span class='ocrx_word' id='word_1_265' title='bbox 684 2205 731 2282; x_wconf 84' lang='grc' dir='ltr'><strong>(ν.</strong></span> <span class='ocrx_word' id='word_1_266' title='bbox 760 2207 974 2284; x_wconf 71' lang='grc' dir='ltr'><em>διωμοσίαν)4)</em></span> <span class='ocrx_word' id='word_1_267' title='bbox 1008 2202 1120 2284; x_wconf 75' lang='grc' dir='ltr'><em>ἀφανὴς</em></span> <span class='ocrx_word' id='word_1_268' title='bbox 1153 2205 1298 2286; x_wconf 83' lang='grc' dir='ltr'><em>γενόμενος</em></span> <span class='ocrx_word' id='word_1_269' title='bbox 1340 2208 1501 2264; x_wconf 89' lang='lat' dir='ltr'><strong>secundum</strong></span> <span class='ocrx_word' id='word_1_270' title='bbox 1525 2210 1605 2264; x_wconf 88' lang='lat' dir='ltr'><strong>venit</strong></span> <span class='ocrx_word' id='word_1_271' title='bbox 1628 2209 1767 2278; x_wconf 88' lang='lat' dir='ltr'><strong>iudicem,</strong></span> <span class='ocrx_word' id='word_1_272' title='bbox 1790 2226 1847 2266; x_wconf 92' lang='lat' dir='ltr'><strong>nou</strong></span> <span class='ocrx_word' id='word_1_273' title='bbox 1869 2227 1958 2281; x_wconf 89' lang='lat' dir='ltr'><strong>posse</strong></span> <span class='ocrx_word' id='word_1_274' title='bbox 1971 2215 2001 2268; x_wconf 90' lang='lat' dir='ltr'><strong>et</strong></span> <span class='ocrx_word' id='word_1_275' title='bbox 2024 2213 2101 2268; x_wconf 88' lang='lat' dir='ltr'><strong>bunc</strong></span> <span class='ocrx_word' id='word_1_276' title='bbox 2115 2215 2258 2269; x_wconf 87' lang='lat' dir='ltr'><strong>recusari.</strong></span> 
     </span>
     <span class='ocr_line' id='line_1_20' title="bbox 389 2283 2260 2370; baseline 0.001 -17"><span class='ocrx_word' id='word_1_277' title='bbox 389 2289 490 2370; x_wconf 77' lang='grc' dir='ltr'><em>όρλίος</em></span> <span class='ocrx_word' id='word_1_278' title='bbox 516 2287 555 2370; x_wconf 80' lang='grc' dir='ltr'><em>μὴ</em></span> <span class='ocrx_word' id='word_1_279' title='bbox 576 2294 768 2368; x_wconf 76' lang='grc' dir='ltr'><em>παραγένηται</em></span> <span class='ocrx_word' id='word_1_280' title='bbox 795 2283 874 2360; x_wconf 78' lang='grc' dir='ltr'><em>ἐντός</em></span> <span class='ocrx_word' id='word_1_281' title='bbox 895 2295 945 2368; x_wconf 80' lang='grc' dir='ltr'><strong>της</strong></span> <span class='ocrx_word' id='word_1_282' title='bbox 966 2287 1134 2369; x_wconf 80' lang='grc' dir='ltr'><em>ὁρισθείσης</em></span> <span class='ocrx_word' id='word_1_283' title='bbox 1162 2288 1217 2352; x_wconf 83' lang='grc' dir='ltr'><strong>ὑπὸ</strong></span> <span class='ocrx_word' id='word_1_284' title='bbox 1246 2297 1296 2352; x_wconf 87' lang='grc' dir='ltr'><strong>τοῦ</strong></span> <span class='ocrx_word' id='word_1_285' title='bbox 1340 2294 1372 2349; x_wconf 82' lang='lat' dir='ltr'><strong>si</strong></span> <span class='ocrx_word' id='word_1_286' title='bbox 1396 2297 1461 2364; x_wconf 87' lang='lat' dir='ltr'><strong>post</strong></span> <span class='ocrx_word' id='word_1_287' title='bbox 1492 2293 1694 2348; x_wconf 87' lang='lat' dir='ltr'><strong>iusiurandum</strong></span> <span class='ocrx_word' id='word_1_288' title='bbox 1724 2294 1822 2349; x_wconf 88' lang='lat' dir='ltr'><strong>datum</strong></span> <span class='ocrx_word' id='word_1_289' title='bbox 1852 2296 1928 2350; x_wconf 88' lang='lat' dir='ltr'><strong>intra</strong></span> <span class='ocrx_word' id='word_1_290' title='bbox 1956 2298 2084 2366; x_wconf 87' lang='lat' dir='ltr'><strong>spatium</strong></span> <span class='ocrx_word' id='word_1_291' title='bbox 2114 2313 2141 2351; x_wconf 86' lang='lat' dir='ltr'><strong>a·</strong></span> <span class='ocrx_word' id='word_1_292' title='bbox 2159 2299 2260 2354; x_wconf 89' lang='lat' dir='ltr'><strong>iudice</strong></span> 
     </span>
     <span class='ocr_line' id='line_1_21' title="bbox 389 2369 2261 2456; baseline 0.001 -22"><span class='ocrx_word' id='word_1_293' title='bbox 389 2377 523 2436; x_wconf 82' lang='grc' dir='ltr'><em>δικαστοῦ</em></span> <span class='ocrx_word' id='word_1_294' title='bbox 545 2377 741 2456; x_wconf 87' lang='grc' dir='ltr'><em>προθεσμίας,</em></span> <span class='ocrx_word' id='word_1_295' title='bbox 775 2369 812 2453; x_wconf 80' lang='grc' dir='ltr'><em>μὴ</em></span> <span class='ocrx_word' id='word_1_296' title='bbox 842 2370 1018 2452; x_wconf 82' lang='grc' dir='ltr'><em>κωλυόμενος</em></span> <span class='ocrx_word' id='word_1_297' title='bbox 1046 2381 1139 2451; x_wconf 85' lang='grc' dir='ltr'><em>με’ντοι</em></span> <span class='ocrx_word' id='word_1_298' title='bbox 1166 2371 1224 2435; x_wconf 84' lang='grc' dir='ltr'><strong>όπό</strong></span> <span class='ocrx_word' id='word_1_299' title='bbox 1247 2380 1297 2436; x_wconf 80' lang='grc' dir='ltr'><strong>τοῦ</strong></span> <span class='ocrx_word' id='word_1_300' title='bbox 1339 2377 1489 2432; x_wconf 89' lang='lat' dir='ltr'><strong>delinitum</strong></span> <span class='ocrx_word' id='word_1_301' title='bbox 1510 2393 1579 2433; x_wconf 90' lang='lat' dir='ltr'><strong>reus</strong></span> <span class='ocrx_word' id='word_1_302' title='bbox 1603 2393 1659 2432; x_wconf 89' lang='lat' dir='ltr'><strong>non</strong></span> <span class='ocrx_word' id='word_1_303' title='bbox 1680 2393 1714 2433; x_wconf 85' lang='lat' dir='ltr'><strong>se</strong></span> <span class='ocrx_word' id='word_1_304' title='bbox 1736 2379 1854 2452; x_wconf 88' lang='lat' dir='ltr'><strong>stiterit,</strong></span> <span class='ocrx_word' id='word_1_305' title='bbox 1876 2379 2020 2450; x_wconf 84' lang='lat' dir='ltr'><strong>siqnidem</strong></span> <span class='ocrx_word' id='word_1_306' title='bbox 2052 2397 2108 2436; x_wconf 83' lang='lat' dir='ltr'><strong>noir</strong></span> <span class='ocrx_word' id='word_1_307' title='bbox 2136 2381 2173 2437; x_wconf 86' lang='lat' dir='ltr'><strong>ab</strong></span> <span class='ocrx_word' id='word_1_308' title='bbox 2201 2383 2261 2438; x_wconf 85' lang='lat' dir='ltr'><strong>ari-</strong></span> 
     </span>
     <span class='ocr_line' id='line_1_22' title="bbox 390 2453 2261 2538; baseline 0.003 -19"><span class='ocrx_word' id='word_1_309' title='bbox 390 2455 649 2535; x_wconf 69' lang='grc' dir='ltr'><em>διαδίκον....ε”κ5)</em></span> <span class='ocrx_word' id='word_1_310' title='bbox 672 2481 746 2528; x_wconf 88' lang='grc' dir='ltr'><em>τινος</em></span> <span class='ocrx_word' id='word_1_311' title='bbox 759 2453 971 2537; x_wconf 79' lang='grc' dir='ltr'><em>ἐμποδιζόμενος</em></span> <span class='ocrx_word' id='word_1_312' title='bbox 987 2453 1114 2538; x_wconf 69' lang='grc' dir='ltr'><em>ἀνάγκης,</em></span> <span class='ocrx_word' id='word_1_313' title='bbox 1136 2463 1297 2538; x_wconf 88' lang='grc' dir='ltr'><em>πεμπίσθω</em></span> <span class='ocrx_word' id='word_1_314' title='bbox 1340 2462 1471 2516; x_wconf 90' lang='lat' dir='ltr'><strong>versario</strong></span> <span class='ocrx_word' id='word_1_315' title='bbox 1493 2461 1683 2534; x_wconf 88' lang='lat' dir='ltr'><strong>impediatur,</strong></span> <span class='ocrx_word' id='word_1_316' title='bbox 1711 2461 1794 2536; x_wconf 76' lang='lat' dir='ltr'><strong>(vel)</strong></span> <span class='ocrx_word' id='word_1_317' title='bbox 1817 2479 1868 2534; x_wconf 91' lang='lat' dir='ltr'><strong>per</strong></span> <span class='ocrx_word' id='word_1_318' title='bbox 1896 2465 2022 2536; x_wconf 88' lang='lat' dir='ltr'><strong>aliquam</strong></span> <span class='ocrx_word' id='word_1_319' title='bbox 2051 2468 2261 2525; x_wconf 86' lang='lat' dir='ltr'><strong>necessitatem</strong></span> 
     </span>
     <span class='ocr_line' id='line_1_23' title="bbox 390 2511 2259 2624; baseline 0.002 -19"><span class='ocrx_word' id='word_1_320' title='bbox 390 2549 428 2615; x_wconf 90' lang='grc' dir='ltr'><strong>είς</strong></span> <span class='ocrx_word' id='word_1_321' title='bbox 449 2539 534 2624; x_wconf 76' lang='grc' dir='ltr'><em>νομὴν</em></span> <span class='ocrx_word' id='word_1_322' title='bbox 560 2545 617 2602; x_wconf 81' lang='grc' dir='ltr'><strong>τῶν</strong></span> <span class='ocrx_word' id='word_1_323' title='bbox 645 2541 733 2604; x_wconf 80' lang='grc' dir='ltr'><em>αὐτοῦ</em></span> <span class='ocrx_word' id='word_1_324' title='bbox 761 2537 936 2621; x_wconf 73' lang='grc' dir='ltr'><em>πραγμάτων</em></span> <span class='ocrx_word' id='word_1_325' title='bbox 957 2539 973 2602; x_wconf 89' lang='grc' dir='ltr'>ὁ</span> <span class='ocrx_word' id='word_1_326' title='bbox 996 2511 1100 2621; x_wconf 71' lang='grc' dir='ltr'><em>διάγων</em></span> <span class='ocrx_word' id='word_1_327' title='bbox 1122 2545 1297 2622; x_wconf 87' lang='grc' dir='ltr'><em>φολακταίον</em></span> <span class='ocrx_word' id='word_1_328' title='bbox 1340 2545 1541 2616; x_wconf 86' lang='lat' dir='ltr'><strong>prohibeatur,</strong></span> <span class='ocrx_word' id='word_1_329' title='bbox 1568 2547 1598 2601; x_wconf 94' lang='lat' dir='ltr'><strong>in</strong></span> <span class='ocrx_word' id='word_1_330' title='bbox 1621 2561 1727 2610; x_wconf 80' lang='lat' dir='ltr'><strong>rerum,</strong></span> <span class='ocrx_word' id='word_1_331' title='bbox 1750 2563 1826 2618; x_wconf 82' lang='lat' dir='ltr'><strong>quae</strong></span> <span class='ocrx_word' id='word_1_332' title='bbox 1848 2547 1914 2604; x_wconf 87' lang='lat' dir='ltr'><strong>eius</strong></span> <span class='ocrx_word' id='word_1_333' title='bbox 1938 2555 2016 2618; x_wconf 89' lang='lat' dir='ltr'><strong>sunt,</strong></span> <span class='ocrx_word' id='word_1_334' title='bbox 2038 2553 2259 2621; x_wconf 86' lang='lat' dir='ltr'><strong>possessionem</strong></span> 
     </span>
     <span class='ocr_line' id='line_1_24' title="bbox 390 2623 2262 2708; baseline 0.002 -22"><span class='ocrx_word' id='word_1_335' title='bbox 390 2628 432 2705; x_wconf 92' lang='lat' dir='ltr'><strong>(v.</strong></span> <span class='ocrx_word' id='word_1_336' title='bbox 461 2623 634 2706; x_wconf 77' lang='grc' dir='ltr'><em>φυλακτέον)</em></span> <span class='ocrx_word' id='word_1_337' title='bbox 669 2631 767 2708; x_wconf 80' lang='grc' dir='ltr'><em>χρέους</em></span> <span class='ocrx_word' id='word_1_338' title='bbox 796 2623 898 2702; x_wconf 77' lang='grc' dir='ltr'><em>ἕνεκεν,</em></span> <span class='ocrx_word' id='word_1_339' title='bbox 929 2625 963 2697; x_wconf 79' lang='grc' dir='ltr'><em>οὐ</em></span> <span class='ocrx_word' id='word_1_340' title='bbox 990 2629 1120 2704; x_wconf 62' lang='lat' dir='ltr'><strong>animai)</strong></span> <span class='ocrx_word' id='word_1_341' title='bbox 1149 2625 1298 2699; x_wconf 81' lang='grc' dir='ltr'><em>ἀναδιδοὺς</em></span> <span class='ocrx_word' id='word_1_342' title='bbox 1342 2635 1423 2685; x_wconf 89' lang='lat' dir='ltr'><strong>actor</strong></span> <span class='ocrx_word' id='word_1_343' title='bbox 1444 2631 1566 2686; x_wconf 87' lang='lat' dir='ltr'><strong>mittitur</strong></span> <span class='ocrx_word' id='word_1_344' title='bbox 1595 2632 1637 2686; x_wconf 86' lang='lat' dir='ltr'><strong>rei</strong></span> <span class='ocrx_word' id='word_1_345' title='bbox 1661 2632 1824 2687; x_wconf 85' lang='lat' dir='ltr'><strong>servandae</strong></span> <span class='ocrx_word' id='word_1_346' title='bbox 1846 2649 1970 2706; x_wconf 86' lang='lat' dir='ltr'><strong>caussa,</strong></span> <span class='ocrx_word' id='word_1_347' title='bbox 2002 2635 2043 2689; x_wconf 89' lang='lat' dir='ltr'><strong>ita</strong></span> <span class='ocrx_word' id='word_1_348' title='bbox 2064 2641 2098 2690; x_wconf 89' lang='lat' dir='ltr'><strong>ut</strong></span> <span class='ocrx_word' id='word_1_349' title='bbox 2119 2652 2176 2692; x_wconf 91' lang='lat' dir='ltr'><strong>non</strong></span> <span class='ocrx_word' id='word_1_350' title='bbox 2199 2637 2262 2691; x_wconf 89' lang='lat' dir='ltr'><strong>aii-</strong></span> 
     </span>
     <span class='ocr_line' id='line_1_25' title="bbox 389 2707 2261 2792; baseline 0 -16"><span class='ocrx_word' id='word_1_351' title='bbox 389 2708 441 2790; x_wconf 76' lang='grc' dir='ltr'><strong>τὴν</strong></span> <span class='ocrx_word' id='word_1_352' title='bbox 461 2707 547 2791; x_wconf 79' lang='grc' dir='ltr'><em>νομὴν</em></span> <span class='ocrx_word' id='word_1_353' title='bbox 567 2715 608 2788; x_wconf 76' lang='grc' dir='ltr'><strong>τῷ</strong></span> <span class='ocrx_word' id='word_1_354' title='bbox 628 2714 682 2790; x_wconf 79' lang='grc' dir='ltr'><strong>ῥίῳ</strong></span> <span class='ocrx_word' id='word_1_355' title='bbox 703 2715 744 2788; x_wconf 76' lang='grc' dir='ltr'><strong>τῷ</strong></span> <span class='ocrx_word' id='word_1_356' title='bbox 764 2707 837 2790; x_wconf 88' lang='grc' dir='ltr'><strong>μετά</strong></span> <span class='ocrx_word' id='word_1_357' title='bbox 857 2715 949 2772; x_wconf 84' lang='grc' dir='ltr'><em>ταῦτα</em></span> <span class='ocrx_word' id='word_1_358' title='bbox 970 2717 1196 2791; x_wconf 77' lang='grc' dir='ltr'><em>παραγινομένῳ,</em></span> <span class='ocrx_word' id='word_1_359' title='bbox 1218 2719 1245 2774; x_wconf 87' lang='grc' dir='ltr'><strong>εί</strong></span> <span class='ocrx_word' id='word_1_360' title='bbox 1259 2709 1298 2792; x_wconf 82' lang='grc' dir='ltr'><strong>με)</strong></span> <span class='ocrx_word' id='word_1_361' title='bbox 1342 2709 1445 2787; x_wconf 73' lang='lat' dir='ltr'><strong>terti)</strong></span> <span class='ocrx_word' id='word_1_362' title='bbox 1468 2731 1527 2783; x_wconf 90' lang='lat' dir='ltr'><strong>reo,</strong></span> <span class='ocrx_word' id='word_1_363' title='bbox 1549 2716 1599 2786; x_wconf 83' lang='lat' dir='ltr'><strong>qui</strong></span> <span class='ocrx_word' id='word_1_364' title='bbox 1621 2721 1688 2787; x_wconf 89' lang='lat' dir='ltr'><strong>post</strong></span> <span class='ocrx_word' id='word_1_365' title='bbox 1710 2717 1784 2773; x_wconf 88' lang='lat' dir='ltr'><strong>haec</strong></span> <span class='ocrx_word' id='word_1_366' title='bbox 1805 2717 1953 2784; x_wconf 86' lang='lat' dir='ltr'><strong>adveniat,</strong></span> <span class='ocrx_word' id='word_1_367' title='bbox 1976 2721 2113 2775; x_wconf 86' lang='lat' dir='ltr'><strong>restituat</strong></span> <span class='ocrx_word' id='word_1_368' title='bbox 2133 2737 2261 2792; x_wconf 88' lang='lat' dir='ltr'><strong>posses-</strong></span> 
     </span>
     <span class='ocr_line' id='line_1_26' title="bbox 389 2791 2261 2896; baseline 0.001 -38"><span class='ocrx_word' id='word_1_369' title='bbox 389 2800 436 2858; x_wconf 82' lang='grc' dir='ltr'><em>καλ</em></span> <span class='ocrx_word' id='word_1_370' title='bbox 458 2793 510 2868; x_wconf 85' lang='grc' dir='ltr'><strong>τὰς</strong></span> <span class='ocrx_word' id='word_1_371' title='bbox 531 2797 628 2896; x_wconf 76' lang='grc' dir='ltr'><em>ζημίας</em></span> <span class='ocrx_word' id='word_1_372' title='bbox 648 2792 726 2875; x_wconf 78' lang='grc' dir='ltr'><em>λάβεν</em></span> <span class='ocrx_word' id='word_1_373' title='bbox 749 2795 789 2871; x_wconf 88' lang='lat' dir='ltr'><strong>(v.</strong></span> <span class='ocrx_word' id='word_1_374' title='bbox 809 2791 894 2875; x_wconf 88' lang='grc' dir='ltr'><em>λάβη)</em></span> <span class='ocrx_word' id='word_1_375' title='bbox 917 2799 963 2855; x_wconf 86' lang='grc' dir='ltr'><em>καὶ</em></span> <span class='ocrx_word' id='word_1_376' title='bbox 978 2793 1077 2877; x_wconf 85' lang='grc' dir='ltr'><em>ε’γγόας</em></span> <span class='ocrx_word' id='word_1_377' title='bbox 1099 2795 1128 2856; x_wconf 82' lang='grc' dir='ltr'><em>ἔκ</em></span> <span class='ocrx_word' id='word_1_378' title='bbox 1149 2819 1224 2868; x_wconf 89' lang='grc' dir='ltr'><em>τινος</em></span> <span class='ocrx_word' id='word_1_379' title='bbox 1242 2795 1247 2878; x_wconf 80' lang='lat'>1</span> <span class='ocrx_word' id='word_1_380' title='bbox 1268 2797 1297 2875; x_wconf 81' lang='lat'><strong>⁷)</strong></span> <span class='ocrx_word' id='word_1_381' title='bbox 1341 2799 1469 2868; x_wconf 90' lang='lat' dir='ltr'><strong>sionem,</strong></span> <span class='ocrx_word' id='word_1_382' title='bbox 1499 2799 1555 2854; x_wconf 91' lang='lat' dir='ltr'><strong>nisi</strong></span> <span class='ocrx_word' id='word_1_383' title='bbox 1584 2805 1614 2854; x_wconf 90' lang='lat' dir='ltr'><strong>ct</strong></span> <span class='ocrx_word' id='word_1_384' title='bbox 1641 2799 1777 2857; x_wconf 86' lang='lat' dir='ltr'><strong>damnum</strong></span> <span class='ocrx_word' id='word_1_385' title='bbox 1810 2803 1869 2857; x_wconf 88' lang='lat' dir='ltr'><strong>sibi</strong></span> <span class='ocrx_word' id='word_1_386' title='bbox 1897 2802 1997 2858; x_wconf 78' lang='lat' dir='ltr'><strong>danim</strong></span> <span class='ocrx_word' id='word_1_387' title='bbox 2028 2806 2261 2876; x_wconf 85' lang='lat' dir='ltr'><strong>recuperaverit,</strong></span> 
     </span>
     <span class='ocr_line' id='line_1_27' title="bbox 389 2872 2260 2960; baseline 0.002 -18"><span class='ocrx_word' id='word_1_388' title='bbox 389 2877 533 2960; x_wconf 89' lang='grc' dir='ltr'><em>παοάσχη,</em></span> <span class='ocrx_word' id='word_1_389' title='bbox 555 2902 599 2941; x_wconf 87' lang='grc' dir='ltr'><strong>οτι</strong></span> <span class='ocrx_word' id='word_1_390' title='bbox 620 2882 729 2960; x_wconf 75' lang='grc' dir='ltr'><em>δέχεται</em></span> <span class='ocrx_word' id='word_1_391' title='bbox 748 2877 800 2957; x_wconf 83' lang='grc' dir='ltr'><strong>τὴν</strong></span> <span class='ocrx_word' id='word_1_392' title='bbox 821 2875 966 2960; x_wconf 69' lang='grc' dir='ltr'><em>ἐναγωγην.</em></span> <span class='ocrx_word' id='word_1_393' title='bbox 989 2887 1017 2941; x_wconf 82' lang='grc' dir='ltr'><strong>ἐν</strong></span> <span class='ocrx_word' id='word_1_394' title='bbox 1037 2872 1060 2958; x_wconf 79' lang='grc' dir='ltr'><em>ᾦ</em></span> <span class='ocrx_word' id='word_1_395' title='bbox 1083 2881 1110 2941; x_wconf 85' lang='grc' dir='ltr'><strong>δὲ</strong></span> <span class='ocrx_word' id='word_1_396' title='bbox 1132 2877 1171 2960; x_wconf 74' lang='grc' dir='ltr'><strong>με)</strong></span> <span class='ocrx_word' id='word_1_397' title='bbox 1183 2879 1258 2942; x_wconf 82' lang='grc' dir='ltr'><em>ἔστιν</em></span> <span class='ocrx_word' id='word_1_398' title='bbox 1266 2881 1295 2955; x_wconf 82' lang='lat'><strong>⁸)</strong></span> <span class='ocrx_word' id='word_1_399' title='bbox 1341 2890 1371 2939; x_wconf 90' lang='lat' dir='ltr'><strong>et</strong></span> <span class='ocrx_word' id='word_1_400' title='bbox 1387 2883 1587 2940; x_wconf 88' lang='lat' dir='ltr'><strong>iideiussorem</strong></span> <span class='ocrx_word' id='word_1_401' title='bbox 1609 2883 1660 2939; x_wconf 90' lang='lat' dir='ltr'><strong>iile</strong></span> <span class='ocrx_word' id='word_1_402' title='bbox 1673 2881 1721 2958; x_wconf 82' lang='lat' dir='ltr'><strong>(i)</strong></span> <span class='ocrx_word' id='word_1_403' title='bbox 1744 2885 1857 2941; x_wconf 90' lang='lat' dir='ltr'><strong>dederit</strong></span> <span class='ocrx_word' id='word_1_404' title='bbox 1871 2887 1908 2942; x_wconf 89' lang='lat' dir='ltr'><strong>de</strong></span> <span class='ocrx_word' id='word_1_405' title='bbox 1922 2887 1986 2958; x_wconf 88' lang='lat' dir='ltr'><strong>boc,</strong></span> <span class='ocrx_word' id='word_1_406' title='bbox 2008 2893 2039 2944; x_wconf 95' lang='lat' dir='ltr'><strong>ut</strong></span> <span class='ocrx_word' id='word_1_407' title='bbox 2054 2889 2092 2944; x_wconf 90' lang='lat' dir='ltr'><strong>ad</strong></span> <span class='ocrx_word' id='word_1_408' title='bbox 2113 2891 2260 2946; x_wconf 88' lang='lat' dir='ltr'><strong>actionem</strong></span> 
     </span>
     <span class='ocr_line' id='line_1_28' title="bbox 390 2939 2261 3046; baseline 0.001 -18"><span class='ocrx_word' id='word_1_409' title='bbox 390 2939 499 3046; x_wconf 66' lang='grc' dir='ltr'><em>ἀργων,</em></span> <span class='ocrx_word' id='word_1_410' title='bbox 521 2961 582 3024; x_wconf 86' lang='grc' dir='ltr'><em>ἀλλ’</em></span> <span class='ocrx_word' id='word_1_411' title='bbox 606 2968 635 3023; x_wconf 89' lang='grc' dir='ltr'><strong>ε’κ</strong></span> <span class='ocrx_word' id='word_1_412' title='bbox 656 2968 739 3035; x_wconf 80' lang='grc' dir='ltr'><em>θείας</em></span> <span class='ocrx_word' id='word_1_413' title='bbox 763 2959 913 3036; x_wconf 82' lang='grc' dir='ltr'><em>κελεόσεως</em></span> <span class='ocrx_word' id='word_1_414' title='bbox 933 2961 1085 3046; x_wconf 62' lang='grc' dir='ltr'><em>ἀργικηςθ)</em></span> <span class='ocrx_word' id='word_1_415' title='bbox 1114 2963 1298 3045; x_wconf 80' lang='grc' dir='ltr'><em>προστάξεως</em></span> <span class='ocrx_word' id='word_1_416' title='bbox 1341 2969 1381 3023; x_wconf 90' lang='lat' dir='ltr'><strong>sit</strong></span> <span class='ocrx_word' id='word_1_417' title='bbox 1402 2983 1606 3038; x_wconf 88' lang='lat' dir='ltr'><strong>responsurus.</strong></span> <span class='ocrx_word' id='word_1_418' title='bbox 1636 2969 1693 3025; x_wconf 82' lang='lat' dir='ltr'><strong>Ubi</strong></span> <span class='ocrx_word' id='word_1_419' title='bbox 1713 2986 1783 3026; x_wconf 88' lang='lat' dir='ltr'><strong>vero</strong></span> <span class='ocrx_word' id='word_1_420' title='bbox 1802 2987 1859 3026; x_wconf 92' lang='lat' dir='ltr'><strong>non</strong></span> <span class='ocrx_word' id='word_1_421' title='bbox 1873 2977 1919 3027; x_wconf 90' lang='lat' dir='ltr'><strong>est</strong></span> <span class='ocrx_word' id='word_1_422' title='bbox 1933 2973 2134 3046; x_wconf 80' lang='lat' dir='ltr'><strong>magistratus,</strong></span> <span class='ocrx_word' id='word_1_423' title='bbox 2157 2991 2261 3030; x_wconf 85' lang='lat' dir='ltr'><strong>rernm</strong></span> 
     </span>
     <span class='ocr_line' id='line_1_29' title="bbox 390 3043 2262 3131; baseline 0.001 -20"><span class='ocrx_word' id='word_1_424' title='bbox 390 3048 530 3130; x_wconf 85' lang='grc' dir='ltr'><em>ἀκροᾶται</em></span> <span class='ocrx_word' id='word_1_425' title='bbox 557 3053 607 3125; x_wconf 82' lang='grc' dir='ltr'><strong>τῆς</strong></span> <span class='ocrx_word' id='word_1_426' title='bbox 628 3044 808 3121; x_wconf 78' lang='grc' dir='ltr'><em>ὑποθέσεως,</em></span> <span class='ocrx_word' id='word_1_427' title='bbox 837 3047 852 3110; x_wconf 92' lang='grc' dir='ltr'><em>ό</em></span> <span class='ocrx_word' id='word_1_428' title='bbox 884 3045 932 3109; x_wconf 86' lang='grc' dir='ltr'><em>διά</em></span> <span class='ocrx_word' id='word_1_429' title='bbox 959 3055 1016 3109; x_wconf 76' lang='grc' dir='ltr'><strong>τῶν</strong></span> <span class='ocrx_word' id='word_1_430' title='bbox 1037 3043 1182 3129; x_wconf 78' lang='grc' dir='ltr'><em>ἀρχόντων</em></span> <span class='ocrx_word' id='word_1_431' title='bbox 1208 3046 1299 3130; x_wconf 82' lang='grc' dir='ltr'><em>ἢτοῦ</em></span> <span class='ocrx_word' id='word_1_432' title='bbox 1342 3067 1379 3108; x_wconf 88' lang='lat' dir='ltr'><strong>ex</strong></span> <span class='ocrx_word' id='word_1_433' title='bbox 1401 3052 1502 3108; x_wconf 85' lang='lat' dir='ltr'><strong>divina</strong></span> <span class='ocrx_word' id='word_1_434' title='bbox 1520 3054 1652 3109; x_wconf 88' lang='lat' dir='ltr'><strong>iussione</strong></span> <span class='ocrx_word' id='word_1_435' title='bbox 1674 3053 1756 3126; x_wconf 83' lang='lat' dir='ltr'><strong>(rel)</strong></span> <span class='ocrx_word' id='word_1_436' title='bbox 1781 3063 1938 3127; x_wconf 89' lang='lat' dir='ltr'><strong>praecepto</strong></span> <span class='ocrx_word' id='word_1_437' title='bbox 1959 3057 2151 3131; x_wconf 75' lang='lat' dir='ltr'><strong>magistratus</strong></span> <span class='ocrx_word' id='word_1_438' title='bbox 2165 3075 2262 3114; x_wconf 88' lang='lat' dir='ltr'><strong>caus-</strong></span> 
     </span>
     <span class='ocr_line' id='line_1_30' title="bbox 389 3129 2261 3214; baseline 0.003 -20"><span class='ocrx_word' id='word_1_439' title='bbox 389 3136 639 3212; x_wconf 86' lang='grc' dir='ltr'><em>παραπίμφαντος</em></span> <span class='ocrx_word' id='word_1_440' title='bbox 676 3129 727 3212; x_wconf 78' lang='grc' dir='ltr'><strong>τὴν</strong></span> <span class='ocrx_word' id='word_1_441' title='bbox 769 3135 846 3212; x_wconf 89' lang='grc' dir='ltr'><em>δίκην</em></span> <span class='ocrx_word' id='word_1_442' title='bbox 888 3129 925 3196; x_wconf 89' lang='grc' dir='ltr'><em>τά</em></span> <span class='ocrx_word' id='word_1_443' title='bbox 972 3139 1099 3212; x_wconf 80' lang='grc' dir='ltr'><em>είρημίνα</em></span> <span class='ocrx_word' id='word_1_444' title='bbox 1141 3139 1300 3214; x_wconf 81' lang='grc' dir='ltr'><em>πραττέτω.</em></span> <span class='ocrx_word' id='word_1_445' title='bbox 1342 3151 1404 3192; x_wconf 87' lang='lat' dir='ltr'><strong>sem</strong></span> <span class='ocrx_word' id='word_1_446' title='bbox 1426 3137 1519 3208; x_wconf 88' lang='lat' dir='ltr'><strong>audit,</strong></span> <span class='ocrx_word' id='word_1_447' title='bbox 1541 3139 1567 3192; x_wconf 89' lang='lat' dir='ltr'><strong>is</strong></span> <span class='ocrx_word' id='word_1_448' title='bbox 1581 3153 1635 3210; x_wconf 91' lang='lat' dir='ltr'><strong>per</strong></span> <span class='ocrx_word' id='word_1_449' title='bbox 1653 3141 1845 3212; x_wconf 80' lang='lat' dir='ltr'><strong>magistratus</strong></span> <span class='ocrx_word' id='word_1_450' title='bbox 1867 3145 1919 3196; x_wconf 90' lang='lat' dir='ltr'><strong>aut</strong></span> <span class='ocrx_word' id='word_1_451' title='bbox 1941 3157 2017 3211; x_wconf 90' lang='lat' dir='ltr'><strong>euru,</strong></span> <span class='ocrx_word' id='word_1_452' title='bbox 2040 3143 2090 3212; x_wconf 85' lang='lat' dir='ltr'><strong>qui</strong></span> <span class='ocrx_word' id='word_1_453' title='bbox 2113 3143 2261 3200; x_wconf 89' lang='lat' dir='ltr'><strong>iudicium</strong></span> 
     </span>
     <span class='ocr_line' id='line_1_31' title="bbox 390 3209 2262 3298; baseline 0.002 -18"><span class='ocrx_word' id='word_1_454' title='bbox 390 3221 546 3297; x_wconf 89' lang='grc' dir='ltr'><em>σημείωσαι</em></span> <span class='ocrx_word' id='word_1_455' title='bbox 558 3219 617 3294; x_wconf 87' lang='lat'><strong>¹⁰),</strong></span> <span class='ocrx_word' id='word_1_456' title='bbox 647 3209 693 3277; x_wconf 88' lang='grc' dir='ltr'><strong>ότι</strong></span> <span class='ocrx_word' id='word_1_457' title='bbox 722 3215 838 3282; x_wconf 87' lang='grc' dir='ltr'><em>τοπικόν</em></span> <span class='ocrx_word' id='word_1_458' title='bbox 865 3223 916 3297; x_wconf 79' lang='grc' dir='ltr'><strong>τῆς</strong></span> <span class='ocrx_word' id='word_1_459' title='bbox 936 3215 1140 3298; x_wconf 77' lang='grc' dir='ltr'><em>βασιλευούσης</em></span> <span class='ocrx_word' id='word_1_460' title='bbox 1168 3223 1244 3280; x_wconf 74' lang='grc' dir='ltr'><em>ἐστὶν</em></span> <span class='ocrx_word' id='word_1_461' title='bbox 1265 3215 1298 3280; x_wconf 88' lang='grc' dir='ltr'><strong>τό</strong></span> <span class='ocrx_word' id='word_1_462' title='bbox 1343 3221 1504 3294; x_wconf 80' lang='lat' dir='ltr'><strong>delegavit,</strong></span> <span class='ocrx_word' id='word_1_463' title='bbox 1527 3237 1577 3293; x_wconf 86' lang='lat' dir='ltr'><strong>ea,</strong></span> <span class='ocrx_word' id='word_1_464' title='bbox 1600 3237 1676 3292; x_wconf 80' lang='lat' dir='ltr'><strong>quae</strong></span> <span class='ocrx_word' id='word_1_465' title='bbox 1698 3223 1821 3297; x_wconf 82' lang='lat' dir='ltr'><strong>(supra)</strong></span> <span class='ocrx_word' id='word_1_466' title='bbox 1844 3225 2023 3298; x_wconf 88' lang='lat' dir='ltr'><strong>dictasunt,</strong></span> <span class='ocrx_word' id='word_1_467' title='bbox 2047 3227 2147 3283; x_wconf 87' lang='lat' dir='ltr'><strong>tacito.</strong></span> <span class='ocrx_word' id='word_1_468' title='bbox 2177 3229 2262 3284; x_wconf 84' lang='lat' dir='ltr'><strong>Nota</strong></span> 
     </span>
     <span class='ocr_line' id='line_1_32' title="bbox 389 3297 2263 3382; baseline 0.003 -20"><span class='ocrx_word' id='word_1_469' title='bbox 389 3307 474 3382; x_wconf 78' lang='grc' dir='ltr'><em>μέρος</em></span> <span class='ocrx_word' id='word_1_470' title='bbox 501 3297 639 3378; x_wconf 62' lang='lat' dir='ltr'><strong>nomon)</strong></span> <span class='ocrx_word' id='word_1_471' title='bbox 666 3306 716 3378; x_wconf 77' lang='grc' dir='ltr'><strong>τῆς</strong></span> <span class='ocrx_word' id='word_1_472' title='bbox 737 3299 896 3374; x_wconf 81' lang='grc' dir='ltr'><em>διατάξεως.</em></span> <span class='ocrx_word' id='word_1_473' title='bbox 928 3299 966 3364; x_wconf 85' lang='grc' dir='ltr'><strong>τά</strong></span> <span class='ocrx_word' id='word_1_474' title='bbox 984 3303 1027 3380; x_wconf 78' lang='lat'><strong>¹²)</strong></span> <span class='ocrx_word' id='word_1_475' title='bbox 1065 3307 1093 3363; x_wconf 78' lang='grc' dir='ltr'><em>ἐκ</em></span> <span class='ocrx_word' id='word_1_476' title='bbox 1123 3309 1174 3364; x_wconf 84' lang='grc' dir='ltr'><strong>τοῦ</strong></span> <span class='ocrx_word' id='word_1_477' title='bbox 1208 3301 1299 3364; x_wconf 88' lang='grc' dir='ltr'><em>κάσου</em></span> <span class='ocrx_word' id='word_1_478' title='bbox 1342 3306 1446 3380; x_wconf 82' lang='lat' dir='ltr'><strong>regine</strong></span> <span class='ocrx_word' id='word_1_479' title='bbox 1479 3305 1561 3362; x_wconf 89' lang='lat' dir='ltr'><strong>urbis</strong></span> <span class='ocrx_word' id='word_1_480' title='bbox 1595 3307 1717 3362; x_wconf 90' lang='lat' dir='ltr'><strong>localem</strong></span> <span class='ocrx_word' id='word_1_481' title='bbox 1752 3323 1820 3364; x_wconf 85' lang='lat' dir='ltr'><strong>esse</strong></span> <span class='ocrx_word' id='word_1_482' title='bbox 1853 3309 1930 3365; x_wconf 85' lang='lat' dir='ltr'><strong>lianc</strong></span> <span class='ocrx_word' id='word_1_483' title='bbox 1964 3315 2074 3381; x_wconf 89' lang='lat' dir='ltr'><strong>partem</strong></span> <span class='ocrx_word' id='word_1_484' title='bbox 2109 3314 2218 3368; x_wconf 88' lang='lat' dir='ltr'><strong>constit</strong></span> <span class='ocrx_word' id='word_1_485' title='bbox 2242 3344 2263 3358; x_wconf 91' lang='lat'>-</span> 
     </span>
     <span class='ocr_line' id='line_1_33' title="bbox 390 3381 2263 3468; baseline 0.003 -20"><span class='ocrx_word' id='word_1_486' title='bbox 390 3392 447 3448; x_wconf 81' lang='grc' dir='ltr'><strong>τῶν</strong></span> <span class='ocrx_word' id='word_1_487' title='bbox 468 3381 686 3466; x_wconf 76' lang='grc' dir='ltr'><em>πιπράσκεσθαι</em></span> <span class='ocrx_word' id='word_1_488' title='bbox 706 3389 863 3466; x_wconf 74' lang='grc' dir='ltr'><em>δυναμένων</em></span> <span class='ocrx_word' id='word_1_489' title='bbox 875 3385 1077 3468; x_wconf 56' lang='lat' dir='ltr'><strong>capuensem)</strong></span> <span class='ocrx_word' id='word_1_490' title='bbox 1099 3384 1300 3467; x_wconf 86' lang='grc' dir='ltr'><em>κερδαινόμενα</em></span> <span class='ocrx_word' id='word_1_491' title='bbox 1342 3389 1442 3446; x_wconf 87' lang='lat' dir='ltr'><strong>tionis.</strong></span> <span class='ocrx_word' id='word_1_492' title='bbox 1483 3391 1544 3462; x_wconf 87' lang='lat' dir='ltr'><strong>lia,</strong></span> <span class='ocrx_word' id='word_1_493' title='bbox 1582 3406 1657 3461; x_wconf 83' lang='lat' dir='ltr'><strong>quae</strong></span> <span class='ocrx_word' id='word_1_494' title='bbox 1678 3407 1718 3448; x_wconf 80' lang='lat' dir='ltr'><strong>ex</strong></span> <span class='ocrx_word' id='word_1_495' title='bbox 1745 3408 1817 3449; x_wconf 87' lang='lat' dir='ltr'><strong>casu</strong></span> <span class='ocrx_word' id='word_1_496' title='bbox 1846 3395 2032 3468; x_wconf 85' lang='lat' dir='ltr'><strong>militiarum,</strong></span> <span class='ocrx_word' id='word_1_497' title='bbox 2063 3411 2139 3466; x_wconf 84' lang='lat' dir='ltr'><strong>quae</strong></span> <span class='ocrx_word' id='word_1_498' title='bbox 2169 3397 2263 3453; x_wconf 89' lang='lat' dir='ltr'><strong>vendi</strong></span> 
     </span>
     <span class='ocr_line' id='line_1_34' title="bbox 390 3466 2263 3554; baseline 0.003 -22"><span class='ocrx_word' id='word_1_499' title='bbox 390 3473 420 3532; x_wconf 79' lang='lat' dir='ltr'><strong>ot</strong></span> <span class='ocrx_word' id='word_1_500' title='bbox 444 3474 543 3542; x_wconf 82' lang='grc' dir='ltr'><em>παῖδες</em></span> <span class='ocrx_word' id='word_1_501' title='bbox 570 3475 620 3531; x_wconf 80' lang='grc' dir='ltr'><strong>τοῦ</strong></span> <span class='ocrx_word' id='word_1_502' title='bbox 649 3466 866 3549; x_wconf 79' lang='grc' dir='ltr'><em>τελευτησαντος</em></span> <span class='ocrx_word' id='word_1_503' title='bbox 896 3467 912 3552; x_wconf 77' lang='grc' dir='ltr'><em>ἢ</em></span> <span class='ocrx_word' id='word_1_504' title='bbox 944 3470 960 3551; x_wconf 82' lang='grc' dir='ltr'><em>ἡ</em></span> <span class='ocrx_word' id='word_1_505' title='bbox 989 3467 1151 3551; x_wconf 69' lang='grc' dir='ltr'><em>γαμετηῑ4)</em></span> <span class='ocrx_word' id='word_1_506' title='bbox 1191 3475 1300 3552; x_wconf 89' lang='grc' dir='ltr'><em>λαμβα-</em></span> <span class='ocrx_word' id='word_1_507' title='bbox 1342 3479 1481 3546; x_wconf 89' lang='lat' dir='ltr'><strong>possunt,</strong></span> <span class='ocrx_word' id='word_1_508' title='bbox 1513 3475 1588 3530; x_wconf 89' lang='lat' dir='ltr'><strong>iucri</strong></span> <span class='ocrx_word' id='word_1_509' title='bbox 1617 3477 1733 3531; x_wconf 90' lang='lat' dir='ltr'><strong>nomine</strong></span> <span class='ocrx_word' id='word_1_510' title='bbox 1761 3477 1950 3552; x_wconf 83' lang='lat' dir='ltr'><strong>rediguntur,</strong></span> <span class='ocrx_word' id='word_1_511' title='bbox 1982 3479 2068 3536; x_wconf 90' lang='lat' dir='ltr'><strong>liberi</strong></span> <span class='ocrx_word' id='word_1_512' title='bbox 2097 3482 2174 3544; x_wconf 74' lang='lat' dir='ltr'><strong>eius.</strong></span> <span class='ocrx_word' id='word_1_513' title='bbox 2207 3482 2263 3554; x_wconf 78' lang='lat' dir='ltr'><strong>qui</strong></span> 
     </span>
     <span class='ocr_line' id='line_1_35' title="bbox 389 3552 2264 3640; baseline 0.005 -26"><span class='ocrx_word' id='word_1_514' title='bbox 389 3556 514 3614; x_wconf 84' lang='grc' dir='ltr'><em>νίτωσαν</em></span> <span class='ocrx_word' id='word_1_515' title='bbox 535 3559 564 3614; x_wconf 82' lang='grc' dir='ltr'><em>ἐκ</em></span> <span class='ocrx_word' id='word_1_516' title='bbox 593 3558 676 3624; x_wconf 79' lang='grc' dir='ltr'><em>θείας</em></span> <span class='ocrx_word' id='word_1_517' title='bbox 698 3552 885 3633; x_wconf 76' lang='grc' dir='ltr'><em>ἀντιγραφῆς,</em></span> <span class='ocrx_word' id='word_1_518' title='bbox 915 3555 953 3628; x_wconf 82' lang='grc' dir='ltr'><strong>ὡς</strong></span> <span class='ocrx_word' id='word_1_519' title='bbox 973 3553 1120 3636; x_wconf 77' lang='grc' dir='ltr'><em>βασιλικὴν</em></span> <span class='ocrx_word' id='word_1_520' title='bbox 1141 3559 1301 3636; x_wconf 75' lang='grc' dir='ltr'><em>φιλοτιμίαν</em></span> <span class='ocrx_word' id='word_1_521' title='bbox 1343 3559 1501 3615; x_wconf 83' lang='lat' dir='ltr'><strong>defunctus</strong></span> <span class='ocrx_word' id='word_1_522' title='bbox 1523 3563 1578 3630; x_wconf 87' lang='lat' dir='ltr'><strong>est,</strong></span> <span class='ocrx_word' id='word_1_523' title='bbox 1601 3568 1653 3617; x_wconf 88' lang='lat' dir='ltr'><strong>aut</strong></span> <span class='ocrx_word' id='word_1_524' title='bbox 1668 3577 1743 3616; x_wconf 85' lang='lat' dir='ltr'><strong>uxor</strong></span> <span class='ocrx_word' id='word_1_525' title='bbox 1765 3577 1802 3618; x_wconf 86' lang='lat' dir='ltr'><strong>ex</strong></span> <span class='ocrx_word' id='word_1_526' title='bbox 1817 3579 1902 3620; x_wconf 89' lang='lat' dir='ltr'><strong>sacro</strong></span> <span class='ocrx_word' id='word_1_527' title='bbox 1919 3565 2062 3636; x_wconf 90' lang='lat' dir='ltr'><strong>rescripto</strong></span> <span class='ocrx_word' id='word_1_528' title='bbox 2079 3567 2264 3640; x_wconf 84' lang='lat' dir='ltr'><strong>accipiunto,</strong></span> 
     </span>
     <span class='ocr_line' id='line_1_36' title="bbox 390 3634 2264 3723; baseline 0.005 -25"><span class='ocrx_word' id='word_1_529' title='bbox 390 3640 437 3698; x_wconf 88' lang='grc' dir='ltr'><em>καλ</em></span> <span class='ocrx_word' id='word_1_530' title='bbox 462 3634 501 3718; x_wconf 79' lang='grc' dir='ltr'><em>μὴ</em></span> <span class='ocrx_word' id='word_1_531' title='bbox 529 3636 569 3709; x_wconf 82' lang='grc' dir='ltr'><strong>ὠς</strong></span> <span class='ocrx_word' id='word_1_532' title='bbox 596 3637 652 3699; x_wconf 76' lang='grc' dir='ltr'><em>ι’δια</em></span> <span class='ocrx_word' id='word_1_533' title='bbox 681 3638 722 3716; x_wconf 88' lang='lat' dir='ltr'><strong>(v.</strong></span> <span class='ocrx_word' id='word_1_534' title='bbox 744 3638 871 3716; x_wconf 76' lang='lat' dir='ltr'><strong>iiirn)¹⁵)</strong></span> <span class='ocrx_word' id='word_1_535' title='bbox 902 3646 953 3701; x_wconf 86' lang='grc' dir='ltr'><strong>τοῦ</strong></span> <span class='ocrx_word' id='word_1_536' title='bbox 980 3637 1207 3719; x_wconf 75' lang='grc' dir='ltr'><em>τελευτησαντος.</em></span> <span class='ocrx_word' id='word_1_537' title='bbox 1251 3639 1300 3702; x_wconf 81' lang='grc' dir='ltr'><strong>ἐάν</strong></span> <span class='ocrx_word' id='word_1_538' title='bbox 1343 3643 1640 3714; x_wconf 85' lang='lat' dir='ltr'><strong>quasiliberaiitatem</strong></span> <span class='ocrx_word' id='word_1_539' title='bbox 1650 3645 1840 3718; x_wconf 88' lang='lat' dir='ltr'><strong>imperialem,</strong></span> <span class='ocrx_word' id='word_1_540' title='bbox 1855 3653 1884 3704; x_wconf 89' lang='lat' dir='ltr'><strong>et</strong></span> <span class='ocrx_word' id='word_1_541' title='bbox 1900 3663 1957 3704; x_wconf 91' lang='lat' dir='ltr'><strong>non</strong></span> <span class='ocrx_word' id='word_1_542' title='bbox 1967 3649 2052 3720; x_wconf 84' lang='lat' dir='ltr'><strong>quasi</strong></span> <span class='ocrx_word' id='word_1_543' title='bbox 2065 3665 2112 3705; x_wconf 87' lang='lat' dir='ltr'><strong>res</strong></span> <span class='ocrx_word' id='word_1_544' title='bbox 2122 3652 2264 3723; x_wconf 89' lang='lat' dir='ltr'><strong>proprias</strong></span> 
     </span>
     <span class='ocr_line' id='line_1_37' title="bbox 389 3715 2263 3809; baseline 0.005 -27"><span class='ocrx_word' id='word_1_545' title='bbox 389 3715 499 3809; x_wconf 85' lang='grc' dir='ltr'><em>ἀπορος</em></span> <span class='ocrx_word' id='word_1_546' title='bbox 521 3720 619 3802; x_wconf 71' lang='grc' dir='ltr'><em>ἀπέβη,</em></span> <span class='ocrx_word' id='word_1_547' title='bbox 642 3719 657 3783; x_wconf 88' lang='grc' dir='ltr'>ὁ</span> <span class='ocrx_word' id='word_1_548' title='bbox 680 3721 827 3802; x_wconf 85' lang='grc' dir='ltr'><em>δανειστης</em></span> <span class='ocrx_word' id='word_1_549' title='bbox 849 3725 877 3784; x_wconf 84' lang='lat' dir='ltr'><strong>di</strong></span> <span class='ocrx_word' id='word_1_550' title='bbox 900 3727 1053 3786; x_wconf 70' lang='lat' dir='ltr'><strong>iniseriam</strong></span> <span class='ocrx_word' id='word_1_551' title='bbox 1075 3728 1117 3804; x_wconf 93' lang='lat' dir='ltr'><strong>(v.</strong></span> <span class='ocrx_word' id='word_1_552' title='bbox 1138 3723 1299 3804; x_wconf 73' lang='lat' dir='ltr'><strong>arp&#39;na)¹⁸)</strong></span> <span class='ocrx_word' id='word_1_553' title='bbox 1343 3729 1487 3784; x_wconf 74' lang='lat' dir='ltr'><strong>defuncti.</strong></span> <span class='ocrx_word' id='word_1_554' title='bbox 1509 3729 1542 3785; x_wconf 86' lang='lat' dir='ltr'><strong>Si</strong></span> <span class='ocrx_word' id='word_1_555' title='bbox 1560 3730 1589 3784; x_wconf 91' lang='lat' dir='ltr'><strong>in</strong></span> <span class='ocrx_word' id='word_1_556' title='bbox 1605 3735 1740 3804; x_wconf 82' lang='lat' dir='ltr'><strong>egestate</strong></span> <span class='ocrx_word' id='word_1_557' title='bbox 1759 3731 1898 3806; x_wconf 87' lang='lat' dir='ltr'><strong>decessit,</strong></span> <span class='ocrx_word' id='word_1_558' title='bbox 1920 3738 1990 3788; x_wconf 90' lang='lat' dir='ltr'><strong>tunc</strong></span> <span class='ocrx_word' id='word_1_559' title='bbox 2005 3735 2142 3805; x_wconf 86' lang='lat' dir='ltr'><strong>creditor,</strong></span> <span class='ocrx_word' id='word_1_560' title='bbox 2155 3737 2204 3807; x_wconf 89' lang='lat' dir='ltr'><strong>qui</strong></span> <span class='ocrx_word' id='word_1_561' title='bbox 2221 3735 2263 3792; x_wconf 85' lang='lat' dir='ltr'><strong>ad</strong></span> 
     </span>
     <span class='ocr_line' id='line_1_38' title="bbox 390 3803 2264 3892; baseline 0.005 -26"><span class='ocrx_word' id='word_1_562' title='bbox 390 3811 441 3886; x_wconf 84' lang='grc' dir='ltr'><strong>τῆς</strong></span> <span class='ocrx_word' id='word_1_563' title='bbox 474 3803 561 3884; x_wconf 83' lang='grc' dir='ltr'><em>αότης</em></span> <span class='ocrx_word' id='word_1_564' title='bbox 596 3810 733 3886; x_wconf 85' lang='grc' dir='ltr'><em>στρατίας</em></span> <span class='ocrx_word' id='word_1_565' title='bbox 769 3807 812 3886; x_wconf 86' lang='grc' dir='ltr'><strong>(ν.</strong></span> <span class='ocrx_word' id='word_1_566' title='bbox 842 3813 1006 3886; x_wconf 85' lang='grc' dir='ltr'><em>στρατείας)</em></span> <span class='ocrx_word' id='word_1_567' title='bbox 1018 3810 1061 3887; x_wconf 80' lang='lat'><strong>¹⁷)</strong></span> <span class='ocrx_word' id='word_1_568' title='bbox 1099 3808 1219 3882; x_wconf 75' lang='grc' dir='ltr'><em>δεδωκάς</em></span> <span class='ocrx_word' id='word_1_569' title='bbox 1259 3811 1299 3889; x_wconf 80' lang='lat' dir='ltr'><strong>(r.</strong></span> <span class='ocrx_word' id='word_1_570' title='bbox 1335 3812 1465 3868; x_wconf 89' lang='lat' dir='ltr'><strong>eandem</strong></span> <span class='ocrx_word' id='word_1_571' title='bbox 1478 3813 1610 3869; x_wconf 88' lang='lat' dir='ltr'><strong>militiam</strong></span> <span class='ocrx_word' id='word_1_572' title='bbox 1624 3814 1830 3886; x_wconf 88' lang='lat' dir='ltr'><strong>acquirendam</strong></span> <span class='ocrx_word' id='word_1_573' title='bbox 1845 3833 1947 3873; x_wconf 88' lang='lat' dir='ltr'><strong>eurum</strong></span> <span class='ocrx_word' id='word_1_574' title='bbox 1963 3817 2056 3890; x_wconf 89' lang='lat' dir='ltr'><strong>dedit,</strong></span> <span class='ocrx_word' id='word_1_575' title='bbox 2066 3819 2096 3875; x_wconf 94' lang='lat' dir='ltr'><strong>in</strong></span> <span class='ocrx_word' id='word_1_576' title='bbox 2107 3820 2156 3874; x_wconf 84' lang='lat' dir='ltr'><strong>iris</strong></span> <span class='ocrx_word' id='word_1_577' title='bbox 2167 3835 2264 3892; x_wconf 87' lang='lat' dir='ltr'><strong>prae-</strong></span> 
     </span>
     <span class='ocr_line' id='line_1_39' title="bbox 390 3886 2262 3976; baseline 0.005 -26"><span class='ocrx_word' id='word_1_578' title='bbox 390 3886 531 3968; x_wconf 80' lang='grc' dir='ltr'><em>δεδωκώς)</em></span> <span class='ocrx_word' id='word_1_579' title='bbox 544 3889 587 3967; x_wconf 83' lang='lat'><strong>¹⁸)</strong></span> <span class='ocrx_word' id='word_1_580' title='bbox 596 3893 719 3970; x_wconf 81' lang='grc' dir='ltr'><em>γροσάνν,</em></span> <span class='ocrx_word' id='word_1_581' title='bbox 732 3887 927 3971; x_wconf 88' lang='grc' dir='ltr'><em>προτιμάσθω</em></span> <span class='ocrx_word' id='word_1_582' title='bbox 942 3900 980 3965; x_wconf 84' lang='grc' dir='ltr'><strong>είς</strong></span> <span class='ocrx_word' id='word_1_583' title='bbox 996 3899 1095 3956; x_wconf 79' lang='grc' dir='ltr'><em>ταῦτα</em></span> <span class='ocrx_word' id='word_1_584' title='bbox 1116 3891 1155 3974; x_wconf 79' lang='grc' dir='ltr'><em>μὴ</em></span> <span class='ocrx_word' id='word_1_585' title='bbox 1171 3891 1300 3957; x_wconf 79' lang='grc' dir='ltr'><em>ἀπόντων</em></span> <span class='ocrx_word' id='word_1_586' title='bbox 1343 3900 1443 3953; x_wconf 81' lang='lat' dir='ltr'><strong>sertor.</strong></span> <span class='ocrx_word' id='word_1_587' title='bbox 1471 3899 1524 3954; x_wconf 87' lang='lat' dir='ltr'><strong>Sin</strong></span> <span class='ocrx_word' id='word_1_588' title='bbox 1539 3904 1635 3954; x_wconf 90' lang='lat' dir='ltr'><strong>autem</strong></span> <span class='ocrx_word' id='word_1_589' title='bbox 1651 3915 1715 3971; x_wconf 87' lang='lat' dir='ltr'><strong>eae,</strong></span> <span class='ocrx_word' id='word_1_590' title='bbox 1736 3916 1812 3970; x_wconf 84' lang='lat' dir='ltr'><strong>quae</strong></span> <span class='ocrx_word' id='word_1_591' title='bbox 1826 3901 1949 3976; x_wconf 84' lang='lat' dir='ltr'><strong>(supra)</strong></span> <span class='ocrx_word' id='word_1_592' title='bbox 1965 3903 2062 3959; x_wconf 89' lang='lat' dir='ltr'><strong>dictae</strong></span> <span class='ocrx_word' id='word_1_593' title='bbox 2078 3911 2163 3975; x_wconf 91' lang='lat' dir='ltr'><strong>sunt,</strong></span> <span class='ocrx_word' id='word_1_594' title='bbox 2185 3921 2262 3976; x_wconf 90' lang='lat' dir='ltr'><strong>per-</strong></span> 
     </span>
     <span class='ocr_line' id='line_1_40' title="bbox 390 3971 2265 4062; baseline 0.007 -30"><span class='ocrx_word' id='word_1_595' title='bbox 390 3974 419 4032; x_wconf 73' lang='lat' dir='ltr'><strong>ci</strong></span> <span class='ocrx_word' id='word_1_596' title='bbox 441 3979 497 4033; x_wconf 83' lang='grc' dir='ltr'><strong>τῶν</strong></span> <span class='ocrx_word' id='word_1_597' title='bbox 518 3979 665 4053; x_wconf 76' lang='grc' dir='ltr'><em>είρημίνων</em></span> <span class='ocrx_word' id='word_1_598' title='bbox 693 3971 863 4054; x_wconf 82' lang='grc' dir='ltr'><em>προσώπων,</em></span> <span class='ocrx_word' id='word_1_599' title='bbox 886 3981 914 4036; x_wconf 86' lang='grc' dir='ltr'><em>οἱ</em></span> <span class='ocrx_word' id='word_1_600' title='bbox 933 3980 1024 4038; x_wconf 81' lang='grc' dir='ltr'><em>λοιποὶ</em></span> <span class='ocrx_word' id='word_1_601' title='bbox 1046 3985 1138 4040; x_wconf 83' lang='grc' dir='ltr'><em>ταῦτα</em></span> <span class='ocrx_word' id='word_1_602' title='bbox 1160 3983 1299 4059; x_wconf 73' lang='grc' dir='ltr'><em>ἐχέτωσαν</em></span> <span class='ocrx_word' id='word_1_603' title='bbox 1342 3997 1433 4039; x_wconf 82' lang='lat' dir='ltr'><strong>sonae</strong></span> <span class='ocrx_word' id='word_1_604' title='bbox 1449 3997 1506 4038; x_wconf 90' lang='lat' dir='ltr'><strong>nou</strong></span> <span class='ocrx_word' id='word_1_605' title='bbox 1519 3981 1587 4054; x_wconf 85' lang='lat' dir='ltr'><strong>sint,</strong></span> <span class='ocrx_word' id='word_1_606' title='bbox 1603 3984 1708 4054; x_wconf 88' lang='lat' dir='ltr'><strong>reliqui</strong></span> <span class='ocrx_word' id='word_1_607' title='bbox 1724 3985 1884 4042; x_wconf 84' lang='lat' dir='ltr'><strong>creditores</strong></span> <span class='ocrx_word' id='word_1_608' title='bbox 1897 3987 1971 4043; x_wconf 87' lang='lat' dir='ltr'><strong>haec</strong></span> <span class='ocrx_word' id='word_1_609' title='bbox 1986 3989 2122 4044; x_wconf 83' lang='lat' dir='ltr'><strong>habento.</strong></span> <span class='ocrx_word' id='word_1_610' title='bbox 2135 3989 2265 4062; x_wconf 81' lang='lat' dir='ltr'><strong>Excipit</strong></span> 
     </span>
     <span class='ocr_line' id='line_1_41' title="bbox 390 4056 2265 4142; baseline 0.007 -26"><span class='ocrx_word' id='word_1_611' title='bbox 390 4061 540 4118; x_wconf 85' lang='grc' dir='ltr'><em>δανεισταί.</em></span> <span class='ocrx_word' id='word_1_612' title='bbox 576 4056 741 4138; x_wconf 56' lang='lat' dir='ltr'><strong>&amp;tarpei-¹⁹)</strong></span> <span class='ocrx_word' id='word_1_613' title='bbox 771 4060 800 4118; x_wconf 80' lang='lat' dir='ltr'><strong>ci·</strong></span> <span class='ocrx_word' id='word_1_614' title='bbox 828 4065 879 4140; x_wconf 75' lang='grc' dir='ltr'><strong>τῆς</strong></span> <span class='ocrx_word' id='word_1_615' title='bbox 906 4059 1037 4142; x_wconf 81' lang='grc' dir='ltr'><em>τοιαύτης</em></span> <span class='ocrx_word' id='word_1_616' title='bbox 1071 4061 1214 4142; x_wconf 78' lang='grc' dir='ltr'><em>ἀκριβείας</em></span> <span class='ocrx_word' id='word_1_617' title='bbox 1248 4059 1300 4135; x_wconf 86' lang='grc' dir='ltr'><strong>τάς</strong></span> <span class='ocrx_word' id='word_1_618' title='bbox 1343 4067 2114 4142; x_wconf 81' lang='lat' dir='ltr'><strong>autemabbacsubtiiiobservationesilentiariorum</strong></span> <span class='ocrx_word' id='word_1_619' title='bbox 2126 4073 2265 4130; x_wconf 78' lang='lat' dir='ltr'><strong>militias..</strong></span> 
     </span>
     <span class='ocr_line' id='line_1_42' title="bbox 390 4140 2264 4229; baseline 0.008 -29"><span class='ocrx_word' id='word_1_620' title='bbox 390 4147 446 4201; x_wconf 82' lang='grc' dir='ltr'><strong>τῶν</strong></span> <span class='ocrx_word' id='word_1_621' title='bbox 487 4144 677 4222; x_wconf 81' lang='grc' dir='ltr'><em>σιλεντιαρίων</em></span> <span class='ocrx_word' id='word_1_622' title='bbox 718 4148 876 4222; x_wconf 84' lang='grc' dir='ltr'><em>στρατείας.</em></span> <span class='ocrx_word' id='word_1_623' title='bbox 924 4140 1045 4226; x_wconf 80' lang='grc' dir='ltr'><em>εὔπορος</em></span> <span class='ocrx_word' id='word_1_624' title='bbox 1063 4149 1115 4225; x_wconf 77' lang='lat'><strong>²⁰)</strong></span> <span class='ocrx_word' id='word_1_625' title='bbox 1154 4145 1220 4227; x_wconf 79' lang='grc' dir='ltr'><em>γυνη</em></span> <span class='ocrx_word' id='word_1_626' title='bbox 1256 4151 1301 4209; x_wconf 82' lang='grc' dir='ltr'><em>ε’πλ</em></span> <span class='ocrx_word' id='word_1_627' title='bbox 1343 4151 1455 4208; x_wconf 87' lang='lat' dir='ltr'><strong>Mulier</strong></span> <span class='ocrx_word' id='word_1_628' title='bbox 1468 4151 1610 4225; x_wconf 90' lang='lat' dir='ltr'><strong>locuples,</strong></span> <span class='ocrx_word' id='word_1_629' title='bbox 1623 4169 1698 4223; x_wconf 85' lang='lat' dir='ltr'><strong>quae</strong></span> <span class='ocrx_word' id='word_1_630' title='bbox 1713 4154 1816 4210; x_wconf 91' lang='lat' dir='ltr'><strong>relicto</strong></span> <span class='ocrx_word' id='word_1_631' title='bbox 1826 4171 1954 4227; x_wconf 86' lang='lat' dir='ltr'><strong>paupere</strong></span> <span class='ocrx_word' id='word_1_632' title='bbox 1968 4158 2071 4212; x_wconf 84' lang='lat' dir='ltr'><strong>morito</strong></span> <span class='ocrx_word' id='word_1_633' title='bbox 2084 4159 2196 4229; x_wconf 85' lang='lat' dir='ltr'><strong>absque</strong></span> <span class='ocrx_word' id='word_1_634' title='bbox 2210 4159 2264 4216; x_wconf 91' lang='lat' dir='ltr'><strong>do·</strong></span> 
     </span>
     <span class='ocr_line' id='line_1_43' title="bbox 388 4222 2265 4326; baseline 0.008 -41"><span class='ocrx_word' id='word_1_635' title='bbox 388 4222 491 4304; x_wconf 86' lang='grc' dir='ltr'><em>ἀπόρῳ</em></span> <span class='ocrx_word' id='word_1_636' title='bbox 500 4225 779 4308; x_wconf 78' lang='grc' dir='ltr'><em>τελευτησασαάίδρὶ</em></span> <span class='ocrx_word' id='word_1_637' title='bbox 786 4231 871 4326; x_wconf 83' lang='grc' dir='ltr'><em>γωρλς</em></span> <span class='ocrx_word' id='word_1_638' title='bbox 883 4235 1008 4309; x_wconf 76' lang='grc' dir='ltr'><em>γαμικῶν</em></span> <span class='ocrx_word' id='word_1_639' title='bbox 1024 4235 1116 4312; x_wconf 90' lang='grc' dir='ltr'><em>σνμβσ</em></span> <span class='ocrx_word' id='word_1_640' title='bbox 1136 4235 1141 4308; x_wconf 90' lang='grc' dir='ltr'>Ι</span> <span class='ocrx_word' id='word_1_641' title='bbox 1162 4233 1302 4308; x_wconf 73' lang='grc' dir='ltr'><strong>21)λαίων</strong></span> <span class='ocrx_word' id='word_1_642' title='bbox 1344 4236 1453 4292; x_wconf 86' lang='lat' dir='ltr'><strong>talibus</strong></span> <span class='ocrx_word' id='word_1_643' title='bbox 1471 4237 1673 4292; x_wconf 89' lang='lat' dir='ltr'><strong>instrumentis</strong></span> <span class='ocrx_word' id='word_1_644' title='bbox 1686 4237 1827 4294; x_wconf 73' lang='lat' dir='ltr'><strong>defuncta</strong></span> <span class='ocrx_word' id='word_1_645' title='bbox 1839 4247 1894 4312; x_wconf 86' lang='lat' dir='ltr'><strong>esr,</strong></span> <span class='ocrx_word' id='word_1_646' title='bbox 1910 4241 2046 4298; x_wconf 87' lang='lat' dir='ltr'><strong>similiter</strong></span> <span class='ocrx_word' id='word_1_647' title='bbox 2056 4249 2153 4298; x_wconf 89' lang='lat' dir='ltr'><strong>autem</strong></span> <span class='ocrx_word' id='word_1_648' title='bbox 2168 4244 2265 4300; x_wconf 89' lang='lat' dir='ltr'><strong>etiam</strong></span> 
     </span>
     <span class='ocr_line' id='line_1_44' title="bbox 389 4305 2265 4398; baseline 0.007 -28"><span class='ocrx_word' id='word_1_649' title='bbox 389 4305 494 4388; x_wconf 90' lang='grc' dir='ltr'><em>ὁμοίως</em></span> <span class='ocrx_word' id='word_1_650' title='bbox 506 4309 535 4370; x_wconf 69' lang='grc' dir='ltr'><strong>δὲ</strong></span> <span class='ocrx_word' id='word_1_651' title='bbox 549 4315 596 4370; x_wconf 85' lang='grc' dir='ltr'><em>καλ.</em></span> <span class='ocrx_word' id='word_1_652' title='bbox 614 4305 734 4390; x_wconf 77' lang='grc' dir='ltr'><em>εὔπορος</em></span> <span class='ocrx_word' id='word_1_653' title='bbox 745 4309 818 4392; x_wconf 89' lang='grc' dir='ltr'><em>ἀνηρ</em></span> <span class='ocrx_word' id='word_1_654' title='bbox 832 4315 877 4373; x_wconf 73' lang='lat' dir='ltr'><strong>riti</strong></span> <span class='ocrx_word' id='word_1_655' title='bbox 889 4311 991 4396; x_wconf 82' lang='grc' dir='ltr'><em>ἀπόρῳ</em></span> <span class='ocrx_word' id='word_1_656' title='bbox 1006 4312 1175 4394; x_wconf 69' lang='grc' dir='ltr'><em>τελευτήσας</em></span> <span class='ocrx_word' id='word_1_657' title='bbox 1188 4313 1301 4397; x_wconf 70' lang='grc' dir='ltr'><em>γυναικὶ)</em></span> <span class='ocrx_word' id='word_1_658' title='bbox 1346 4320 1392 4375; x_wconf 88' lang='lat' dir='ltr'><strong>vir</strong></span> <span class='ocrx_word' id='word_1_659' title='bbox 1403 4321 1545 4392; x_wconf 87' lang='lat' dir='ltr'><strong>locuples,</strong></span> <span class='ocrx_word' id='word_1_660' title='bbox 1568 4323 1617 4392; x_wconf 84' lang='lat' dir='ltr'><strong>qni</strong></span> <span class='ocrx_word' id='word_1_661' title='bbox 1631 4323 1736 4378; x_wconf 87' lang='lat' dir='ltr'><strong>relicta</strong></span> <span class='ocrx_word' id='word_1_662' title='bbox 1750 4339 1878 4395; x_wconf 90' lang='lat' dir='ltr'><strong>paupere</strong></span> <span class='ocrx_word' id='word_1_663' title='bbox 1890 4326 2012 4382; x_wconf 90' lang='lat' dir='ltr'><strong>muliere</strong></span> <span class='ocrx_word' id='word_1_664' title='bbox 2027 4327 2186 4382; x_wconf 78' lang='lat' dir='ltr'><strong>defunctus</strong></span> <span class='ocrx_word' id='word_1_665' title='bbox 2202 4335 2265 4398; x_wconf 87' lang='lat' dir='ltr'><strong>est,</strong></span> 
     </span>
     <span class='ocr_line' id='line_1_45' title="bbox 390 4393 2266 4478; baseline 0.009 -27"><span class='ocrx_word' id='word_1_666' title='bbox 390 4393 432 4472; x_wconf 89' lang='lat' dir='ltr'><strong>(v.</strong></span> <span class='ocrx_word' id='word_1_667' title='bbox 447 4395 615 4474; x_wconf 66' lang='grc' dir='ltr'><em>γυναικὶ)”)</em></span> <span class='ocrx_word' id='word_1_668' title='bbox 634 4401 670 4468; x_wconf 84' lang='grc' dir='ltr'><strong>είς</strong></span> <span class='ocrx_word' id='word_1_669' title='bbox 692 4393 725 4456; x_wconf 88' lang='grc' dir='ltr'><strong>τὸ</strong></span> <span class='ocrx_word' id='word_1_670' title='bbox 749 4399 881 4476; x_wconf 72' lang='grc' dir='ltr'><em>τέταρτον</em></span> <span class='ocrx_word' id='word_1_671' title='bbox 900 4402 986 4478; x_wconf 73' lang='grc' dir='ltr'><em>μέρος</em></span> <span class='ocrx_word' id='word_1_672' title='bbox 1006 4405 1057 4478; x_wconf 79' lang='grc' dir='ltr'><strong>τῆς</strong></span> <span class='ocrx_word' id='word_1_673' title='bbox 1077 4403 1178 4474; x_wconf 80' lang='grc' dir='ltr'><em>οἰκείας</em></span> <span class='ocrx_word' id='word_1_674' title='bbox 1203 4403 1248 4475; x_wconf 85' lang='grc' dir='ltr'><strong>(τ.</strong></span> <span class='ocrx_word' id='word_1_675' title='bbox 1266 4405 1303 4462; x_wconf 87' lang='grc' dir='ltr'><strong>σί·</strong></span> <span class='ocrx_word' id='word_1_676' title='bbox 1345 4403 1376 4460; x_wconf 92' lang='lat' dir='ltr'><strong>in</strong></span> <span class='ocrx_word' id='word_1_677' title='bbox 1413 4409 1545 4475; x_wconf 84' lang='lat' dir='ltr'><strong>quartam</strong></span> <span class='ocrx_word' id='word_1_678' title='bbox 1578 4411 1690 4478; x_wconf 89' lang='lat' dir='ltr'><strong>partem</strong></span> <span class='ocrx_word' id='word_1_679' title='bbox 1724 4408 1909 4466; x_wconf 87' lang='lat' dir='ltr'><strong>substantiae</strong></span> <span class='ocrx_word' id='word_1_680' title='bbox 1938 4427 2010 4466; x_wconf 88' lang='lat' dir='ltr'><strong>suae</strong></span> <span class='ocrx_word' id='word_1_681' title='bbox 2043 4411 2149 4466; x_wconf 84' lang='lat' dir='ltr'><strong>lrabeto</strong></span> <span class='ocrx_word' id='word_1_682' title='bbox 2180 4412 2266 4468; x_wconf 90' lang='lat' dir='ltr'><strong>bae-</strong></span> 
     </span>
     <span class='ocr_line' id='line_1_46' title="bbox 389 4475 2265 4562; baseline 0.007 -24"><span class='ocrx_word' id='word_1_683' title='bbox 389 4481 479 4556; x_wconf 81' lang='grc' dir='ltr'><em>κείας)</em></span> <span class='ocrx_word' id='word_1_684' title='bbox 501 4475 664 4557; x_wconf 74' lang='grc' dir='ltr'><em>περιουσίας</em></span> <span class='ocrx_word' id='word_1_685' title='bbox 685 4482 917 4562; x_wconf 84' lang='grc' dir='ltr'><em>κληρονομείσθω</em></span> <span class='ocrx_word' id='word_1_686' title='bbox 938 4478 995 4544; x_wconf 85' lang='grc' dir='ltr'><strong>ὑπό</strong></span> <span class='ocrx_word' id='word_1_687' title='bbox 1018 4489 1068 4543; x_wconf 85' lang='grc' dir='ltr'><strong>τοῦ</strong></span> <span class='ocrx_word' id='word_1_688' title='bbox 1088 4480 1252 4562; x_wconf 86' lang='grc' dir='ltr'><em>περιόντος,</em></span> <span class='ocrx_word' id='word_1_689' title='bbox 1281 4491 1308 4547; x_wconf 86' lang='grc' dir='ltr'><strong>εί</strong></span> <span class='ocrx_word' id='word_1_690' title='bbox 1346 4487 1444 4544; x_wconf 84' lang='lat' dir='ltr'><strong>rederu</strong></span> <span class='ocrx_word' id='word_1_691' title='bbox 1486 4505 1568 4561; x_wconf 91' lang='lat' dir='ltr'><strong>eum,</strong></span> <span class='ocrx_word' id='word_1_692' title='bbox 1611 4491 1661 4561; x_wconf 84' lang='lat' dir='ltr'><strong>qui</strong></span> <span class='ocrx_word' id='word_1_693' title='bbox 1690 4497 1842 4562; x_wconf 87' lang='lat' dir='ltr'><strong>superest,</strong></span> <span class='ocrx_word' id='word_1_694' title='bbox 1890 4495 1947 4549; x_wconf 89' lang='lat' dir='ltr'><strong>etsi</strong></span> <span class='ocrx_word' id='word_1_695' title='bbox 1984 4495 2069 4550; x_wconf 87' lang='lat' dir='ltr'><strong>liberi</strong></span> <span class='ocrx_word' id='word_1_696' title='bbox 2109 4496 2147 4552; x_wconf 90' lang='lat' dir='ltr'><strong>iis</strong></span> <span class='ocrx_word' id='word_1_697' title='bbox 2176 4504 2265 4554; x_wconf 88' lang='lat' dir='ltr'><strong>sunt.</strong></span> 
     </span>
     <span class='ocr_line' id='line_1_47' title="bbox 389 4559 2267 4650; baseline 0.01 -28"><span class='ocrx_word' id='word_1_698' title='bbox 389 4565 436 4622; x_wconf 86' lang='grc' dir='ltr'><em>καλ</em></span> <span class='ocrx_word' id='word_1_699' title='bbox 457 4565 555 4635; x_wconf 85' lang='grc' dir='ltr'><em>παῖδες</em></span> <span class='ocrx_word' id='word_1_700' title='bbox 571 4559 680 4624; x_wconf 78' lang='grc' dir='ltr'><em>ὕπεισιν</em></span> <span class='ocrx_word' id='word_1_701' title='bbox 694 4564 798 4636; x_wconf 79' lang='grc' dir='ltr'><em>αὐτοῖς.</em></span> <span class='ocrx_word' id='word_1_702' title='bbox 820 4571 846 4626; x_wconf 88' lang='grc' dir='ltr'><strong>εί</strong></span> <span class='ocrx_word' id='word_1_703' title='bbox 854 4566 884 4626; x_wconf 79' lang='lat' dir='ltr'><strong>ci</strong></span> <span class='ocrx_word' id='word_1_704' title='bbox 896 4561 991 4646; x_wconf 75' lang='grc' dir='ltr'><em>ἥττονι</em></span> <span class='ocrx_word' id='word_1_705' title='bbox 1003 4564 1106 4630; x_wconf 85' lang='grc' dir='ltr'><em>τοότον</em></span> <span class='ocrx_word' id='word_1_706' title='bbox 1115 4568 1161 4646; x_wconf 83' lang='lat'><strong>²³)</strong></span> <span class='ocrx_word' id='word_1_707' title='bbox 1183 4565 1296 4650; x_wconf 85' lang='grc' dir='ltr'><em>ληγάτῳ</em></span> <span class='ocrx_word' id='word_1_708' title='bbox 1339 4573 1392 4630; x_wconf 82' lang='lat' dir='ltr'><strong>Sin</strong></span> <span class='ocrx_word' id='word_1_709' title='bbox 1420 4576 1518 4630; x_wconf 88' lang='lat' dir='ltr'><strong>autem</strong></span> <span class='ocrx_word' id='word_1_710' title='bbox 1548 4574 1659 4631; x_wconf 91' lang='lat' dir='ltr'><strong>minore</strong></span> <span class='ocrx_word' id='word_1_711' title='bbox 1686 4575 1786 4650; x_wconf 78' lang='lat' dir='ltr'><strong>iegato</strong></span> <span class='ocrx_word' id='word_1_712' title='bbox 1814 4583 1865 4634; x_wconf 89' lang='lat' dir='ltr'><strong>aut</strong></span> <span class='ocrx_word' id='word_1_713' title='bbox 1893 4577 2069 4636; x_wconf 86' lang='lat' dir='ltr'><strong>iiberalitate</strong></span> <span class='ocrx_word' id='word_1_714' title='bbox 2095 4581 2267 4640; x_wconf 84' lang='lat' dir='ltr'><strong>honoratus</strong></span> 
     </span>
    </p>

    <p class='ocr_par' dir='ltr' id='par_1_4' title="bbox 2235 4676 2269 4719">
     <span class='ocr_line' id='line_1_48' title="bbox 2235 4676 2269 4719; baseline 0 0"><span class='ocrx_word' id='word_1_715' title='bbox 2235 4676 2269 4719; x_wconf 65' lang='grc' dir='ltr'><strong>’δ</strong></span> 
     </span>
    </p>

    <p class='ocr_par' dir='ltr' id='par_1_5' title="bbox 1572 4775 1588 4808">
     <span class='ocr_line' id='line_1_49' title="bbox 1572 4775 1588 4808; baseline 0 0"><span class='ocrx_word' id='word_1_716' title='bbox 1572 4775 1588 4808; x_wconf 75' lang='grc' dir='ltr'>Ι</span> 
     </span>
    </p>
   </div>
   <div class='ocr_carea' id='block_1_4' title="bbox 380 4825 2273 6120">
    <p class='ocr_par' dir='ltr' id='par_1_6' title="bbox 380 4825 2273 6120">
     <span class='ocr_line' id='line_1_50' title="bbox 455 4825 2267 4907; baseline 0.01 -28"><span class='ocrx_word' id='word_1_717' title='bbox 455 4827 502 4889; x_wconf 84' lang='grc'>99)</span> <span class='ocrx_word' id='word_1_718' title='bbox 519 4829 612 4880; x_wconf 77' lang='lat' dir='ltr'><strong>Codex</strong></span> <span class='ocrx_word' id='word_1_719' title='bbox 622 4825 649 4878; x_wconf 81' lang='lat' dir='ltr'><strong>ci.</strong></span> <span class='ocrx_word' id='word_1_720' title='bbox 681 4830 728 4895; x_wconf 80' lang='grc'>94)</span> <span class='ocrx_word' id='word_1_721' title='bbox 745 4831 798 4882; x_wconf 80' lang='lat' dir='ltr'><strong>l’ro</strong></span> <span class='ocrx_word' id='word_1_722' title='bbox 810 4829 907 4892; x_wconf 82' lang='grc' dir='ltr'><em>αὐτοὺς</em></span> <span class='ocrx_word' id='word_1_723' title='bbox 923 4835 1063 4898; x_wconf 81' lang='lat' dir='ltr'><strong>legendum</strong></span> <span class='ocrx_word' id='word_1_724' title='bbox 1075 4837 1181 4886; x_wconf 88' lang='lat' dir='ltr'><strong>videtur</strong></span> <span class='ocrx_word' id='word_1_725' title='bbox 1192 4835 1273 4896; x_wconf 77' lang='grc' dir='ltr'><em>αὐτὸς</em></span> <span class='ocrx_word' id='word_1_726' title='bbox 1290 4839 1334 4888; x_wconf 86' lang='lat' dir='ltr'><strong>vei</strong></span> <span class='ocrx_word' id='word_1_727' title='bbox 1352 4835 1450 4898; x_wconf 82' lang='grc' dir='ltr'><em>αὐτοῖς.</em></span> <span class='ocrx_word' id='word_1_728' title='bbox 1485 4841 1532 4899; x_wconf 80' lang='lat' dir='ltr'><strong>aa)</strong></span> <span class='ocrx_word' id='word_1_729' title='bbox 1551 4841 1589 4889; x_wconf 80' lang='lat' dir='ltr'><strong>Ad</strong></span> <span class='ocrx_word' id='word_1_730' title='bbox 1603 4843 1749 4904; x_wconf 75' lang='lat' dir='ltr'><strong>marginem</strong></span> <span class='ocrx_word' id='word_1_731' title='bbox 1765 4845 1799 4906; x_wconf 74' lang='grc' dir='ltr'><strong>βῖ.</strong></span> <span class='ocrx_word' id='word_1_732' title='bbox 1817 4841 1889 4894; x_wconf 73' lang='grc' dir='ltr'><em>ἀεῖ.</em></span> <span class='ocrx_word' id='word_1_733' title='bbox 1905 4843 1932 4893; x_wconf 78' lang='grc' dir='ltr'><strong>εἰ.</strong></span> <span class='ocrx_word' id='word_1_734' title='bbox 1950 4847 2000 4896; x_wconf 83' lang='grc' dir='ltr'><strong>τοῦ</strong></span> <span class='ocrx_word' id='word_1_735' title='bbox 2016 4845 2073 4894; x_wconf 71' lang='lat' dir='ltr'><strong>sard.</strong></span> <span class='ocrx_word' id='word_1_736' title='bbox 2107 4844 2156 4907; x_wconf 84' lang='lat' dir='ltr'><strong>oo)</strong></span> <span class='ocrx_word' id='word_1_737' title='bbox 2174 4848 2267 4898; x_wconf 78' lang='lat' dir='ltr'><strong>ilarius</strong></span> 
     </span>
     <span class='ocr_line' id='line_1_51' title="bbox 388 4895 2267 4984; baseline 0.011 -38"><span class='ocrx_word' id='word_1_738' title='bbox 388 4899 501 4948; x_wconf 87' lang='lat' dir='ltr'><strong>lacunae</strong></span> <span class='ocrx_word' id='word_1_739' title='bbox 519 4900 546 4946; x_wconf 88' lang='lat' dir='ltr'><strong>iu</strong></span> <span class='ocrx_word' id='word_1_740' title='bbox 569 4895 669 4946; x_wconf 79' lang='lat' dir='ltr'><strong>Codice</strong></span> <span class='ocrx_word' id='word_1_741' title='bbox 692 4900 790 4950; x_wconf 87' lang='lat' dir='ltr'><strong>nulium</strong></span> <span class='ocrx_word' id='word_1_742' title='bbox 814 4907 902 4952; x_wconf 88' lang='lat' dir='ltr'><strong>exstat</strong></span> <span class='ocrx_word' id='word_1_743' title='bbox 927 4907 1077 4966; x_wconf 81' lang='lat' dir='ltr'><strong>vestigium.</strong></span> <span class='ocrx_word' id='word_1_744' title='bbox 1113 4907 1286 4968; x_wconf 79' lang='lat' dir='ltr'><strong>supplendum</strong></span> <span class='ocrx_word' id='word_1_745' title='bbox 1304 4902 1321 4972; x_wconf 84' lang='grc' dir='ltr'><em>ἢ</em></span> <span class='ocrx_word' id='word_1_746' title='bbox 1339 4905 1510 4972; x_wconf 62' lang='lat' dir='ltr'><strong>modenensis</strong></span> <span class='ocrx_word' id='word_1_747' title='bbox 1534 4903 1711 4972; x_wconf 64' lang='lat' dir='ltr'><strong>attritionem.</strong></span> <span class='ocrx_word' id='word_1_748' title='bbox 1730 4911 1799 4960; x_wconf 80' lang='lat' dir='ltr'><strong>b&#39;ov.</strong></span> <span class='ocrx_word' id='word_1_749' title='bbox 1817 4915 1861 4960; x_wconf 77' lang='lat'><strong>58.</strong></span> <span class='ocrx_word' id='word_1_750' title='bbox 1880 4925 1936 4974; x_wconf 84' lang='lat' dir='ltr'><strong>cap.</strong></span> <span class='ocrx_word' id='word_1_751' title='bbox 1960 4915 1986 4962; x_wconf 85' lang='lat'><strong>8.</strong></span> <span class='ocrx_word' id='word_1_752' title='bbox 2004 4909 2069 4963; x_wconf 77' lang='grc' dir='ltr'><em>ι’ἱοεε</em></span> <span class='ocrx_word' id='word_1_753' title='bbox 2086 4913 2137 4964; x_wconf 81' lang='grc' dir='ltr'><em>εἴτε</em></span> <span class='ocrx_word' id='word_1_754' title='bbox 2155 4927 2267 4984; x_wconf 85' lang='grc' dir='ltr'><em>παραι-</em></span> 
     </span>
     <span class='ocr_line' id='line_1_52' title="bbox 387 4965 2267 5045; baseline 0.01 -31"><span class='ocrx_word' id='word_1_755' title='bbox 387 4966 525 5029; x_wconf 73' lang='grc' dir='ltr'><em>τήσασθαι</em></span> <span class='ocrx_word' id='word_1_756' title='bbox 541 4965 695 5032; x_wconf 72' lang='grc' dir='ltr'><em>βουληθείη,</em></span> <span class='ocrx_word' id='word_1_757' title='bbox 719 4967 771 5018; x_wconf 78' lang='grc' dir='ltr'><em>εἴτε</em></span> <span class='ocrx_word' id='word_1_758' title='bbox 795 4969 838 5017; x_wconf 79' lang='grc' dir='ltr'><em>καὶ</em></span> <span class='ocrx_word' id='word_1_759' title='bbox 861 4967 1031 5037; x_wconf 74' lang='grc' dir='ltr'><em>συνδικαστην</em></span> <span class='ocrx_word' id='word_1_760' title='bbox 1055 4969 1173 5038; x_wconf 74' lang='grc' dir='ltr'><em>αἰτῆσαι.</em></span> <span class='ocrx_word' id='word_1_761' title='bbox 1199 4975 1259 5024; x_wconf 84' lang='lat' dir='ltr'><strong>Vox</strong></span> <span class='ocrx_word' id='word_1_762' title='bbox 1279 4970 1403 5036; x_wconf 71' lang='grc' dir='ltr'><em>δικαστὴν</em></span> <span class='ocrx_word' id='word_1_763' title='bbox 1424 4977 1450 5024; x_wconf 87' lang='lat' dir='ltr'><strong>in</strong></span> <span class='ocrx_word' id='word_1_764' title='bbox 1469 4988 1565 5025; x_wconf 79' lang='lat' dir='ltr'><strong>caussa</strong></span> <span class='ocrx_word' id='word_1_765' title='bbox 1587 4977 1645 5035; x_wconf 71' lang='lat' dir='ltr'><strong>rarii,</strong></span> <span class='ocrx_word' id='word_1_766' title='bbox 1670 4975 1749 5042; x_wconf 82' lang='grc' dir='ltr'><em>οιιτῆ</em></span> <span class='ocrx_word' id='word_1_767' title='bbox 1775 4977 1945 5045; x_wconf 66' lang='grc' dir='ltr'><em>συνδικαστην</em></span> <span class='ocrx_word' id='word_1_768' title='bbox 1961 4983 2100 5032; x_wconf 79' lang='lat' dir='ltr'><strong>exciderit</strong></span> <span class='ocrx_word' id='word_1_769' title='bbox 2141 4983 2190 5040; x_wconf 87' lang='grc'>97)</span> <span class='ocrx_word' id='word_1_770' title='bbox 2214 4983 2267 5032; x_wconf 90' lang='lat' dir='ltr'><strong>ln-</strong></span> 
     </span>
     <span class='ocr_line' id='line_1_53' title="bbox 387 5033 2267 5118; baseline 0.01 -35"><span class='ocrx_word' id='word_1_771' title='bbox 387 5037 451 5094; x_wconf 85' lang='lat' dir='ltr'><strong>cipit</strong></span> <span class='ocrx_word' id='word_1_772' title='bbox 475 5033 520 5082; x_wconf 81' lang='lat' dir='ltr'><strong>iol.</strong></span> <span class='ocrx_word' id='word_1_773' title='bbox 543 5033 589 5080; x_wconf 68' lang='grc'><em>88.</em></span> <span class='ocrx_word' id='word_1_774' title='bbox 615 5037 641 5082; x_wconf 81' lang='lat' dir='ltr'><strong>it.</strong></span> <span class='ocrx_word' id='word_1_775' title='bbox 721 5037 767 5095; x_wconf 77' lang='grc'>98)</span> <span class='ocrx_word' id='word_1_776' title='bbox 790 5035 855 5086; x_wconf 85' lang='lat' dir='ltr'><strong>Cod.</strong></span> <span class='ocrx_word' id='word_1_777' title='bbox 879 5036 980 5102; x_wconf 76' lang='grc' dir='ltr'><em>ἔγγυην.</em></span> <span class='ocrx_word' id='word_1_778' title='bbox 1061 5035 1111 5102; x_wconf 78' lang='grc'>’99)</span> <span class='ocrx_word' id='word_1_779' title='bbox 1134 5039 1198 5090; x_wconf 85' lang='lat' dir='ltr'><strong>cod.</strong></span> <span class='ocrx_word' id='word_1_780' title='bbox 1221 5041 1316 5108; x_wconf 77' lang='grc' dir='ltr'><em>μεχρίς.</em></span> <span class='ocrx_word' id='word_1_781' title='bbox 1388 5042 1413 5100; x_wconf 91' lang='grc'>1)</span> <span class='ocrx_word' id='word_1_782' title='bbox 1440 5041 1504 5092; x_wconf 81' lang='lat' dir='ltr'><strong>Coti.</strong></span> <span class='ocrx_word' id='word_1_783' title='bbox 1530 5041 1660 5112; x_wconf 75' lang='grc' dir='ltr'><em>ἀνισχρόυ.</em></span> <span class='ocrx_word' id='word_1_784' title='bbox 1745 5043 1774 5109; x_wconf 79' lang='lat'><strong>2)</strong></span> <span class='ocrx_word' id='word_1_785' title='bbox 1798 5046 1863 5095; x_wconf 81' lang='lat' dir='ltr'><strong>Coti.</strong></span> <span class='ocrx_word' id='word_1_786' title='bbox 1888 5045 1984 5098; x_wconf 76' lang='grc' dir='ltr'><em>ἀάεἱαν.</em></span> <span class='ocrx_word' id='word_1_787' title='bbox 2070 5047 2099 5112; x_wconf 78' lang='grc'>3)</span> <span class='ocrx_word' id='word_1_788' title='bbox 2117 5049 2183 5100; x_wconf 75' lang='lat' dir='ltr'><strong>Cod-</strong></span> <span class='ocrx_word' id='word_1_789' title='bbox 2203 5051 2267 5118; x_wconf 53' lang='lat' dir='ltr'>ff</span> 
     </span>
     <span class='ocr_line' id='line_1_54' title="bbox 386 5099 2264 5181; baseline 0.009 -31"><span class='ocrx_word' id='word_1_790' title='bbox 386 5101 415 5162; x_wconf 76' lang='grc'>4)</span> <span class='ocrx_word' id='word_1_791' title='bbox 434 5102 473 5150; x_wconf 82' lang='lat' dir='ltr'><strong>Ad</strong></span> <span class='ocrx_word' id='word_1_792' title='bbox 489 5103 635 5162; x_wconf 75' lang='lat' dir='ltr'><strong>marginem</strong></span> <span class='ocrx_word' id='word_1_793' title='bbox 652 5116 684 5150; x_wconf 83' lang='grc' dir='ltr'><strong>πε</strong></span> <span class='ocrx_word' id='word_1_794' title='bbox 703 5099 712 5150; x_wconf 83' lang='grc' dir='ltr'><em>ό</em></span> <span class='ocrx_word' id='word_1_795' title='bbox 729 5101 788 5170; x_wconf 74' lang='grc' dir='ltr'><em>ῥίου</em></span> <span class='ocrx_word' id='word_1_796' title='bbox 804 5099 870 5162; x_wconf 85' lang='grc' dir='ltr'><em>μετά</em></span> <span class='ocrx_word' id='word_1_797' title='bbox 888 5105 1028 5164; x_wconf 83' lang='grc' dir='ltr'><em>διομοισόαν</em></span> <span class='ocrx_word' id='word_1_798' title='bbox 1045 5103 1109 5170; x_wconf 78' lang='lat' dir='ltr'><strong>(leg.</strong></span> <span class='ocrx_word' id='word_1_799' title='bbox 1128 5107 1279 5174; x_wconf 85' lang='grc' dir='ltr'><em>όιοιμοοόαν)</em></span> <span class='ocrx_word' id='word_1_800' title='bbox 1302 5111 1524 5167; x_wconf 69' lang='grc' dir='ltr'><em>καταλειφθέντος</em></span> <span class='ocrx_word' id='word_1_801' title='bbox 1540 5113 1575 5172; x_wconf 62' lang='lat' dir='ltr'><strong>pli.</strong></span> <span class='ocrx_word' id='word_1_802' title='bbox 1599 5115 1625 5181; x_wconf 56' lang='lat' dir='ltr'><em>J</em></span> <span class='ocrx_word' id='word_1_803' title='bbox 1639 5115 1673 5160; x_wconf 82' lang='lat' dir='ltr'><strong>ri&#39;.</strong></span> <span class='ocrx_word' id='word_1_804' title='bbox 1695 5109 1746 5173; x_wconf 79' lang='grc' dir='ltr'><em>κγ’.</em></span> <span class='ocrx_word' id='word_1_805' title='bbox 1765 5113 1814 5162; x_wconf 83' lang='grc' dir='ltr'><strong>τοῦ</strong></span> <span class='ocrx_word' id='word_1_806' title='bbox 1831 5113 1888 5162; x_wconf 77' lang='lat' dir='ltr'><strong>sard.</strong></span> <span class='ocrx_word' id='word_1_807' title='bbox 1907 5118 1936 5176; x_wconf 71' lang='lat' dir='ltr'><strong>fra·</strong></span> <span class='ocrx_word' id='word_1_808' title='bbox 1959 5113 1999 5178; x_wconf 87' lang='grc' dir='ltr'><em>γ’.</em></span> <span class='ocrx_word' id='word_1_809' title='bbox 2018 5119 2052 5166; x_wconf 77' lang='lat' dir='ltr'><strong>ri.</strong></span> <span class='ocrx_word' id='word_1_810' title='bbox 2070 5113 2111 5166; x_wconf 83' lang='grc' dir='ltr'><em>α’.</em></span> <span class='ocrx_word' id='word_1_811' title='bbox 2129 5119 2180 5166; x_wconf 82' lang='grc' dir='ltr'><strong>τοῦ</strong></span> <span class='ocrx_word' id='word_1_812' title='bbox 2198 5119 2264 5166; x_wconf 71' lang='lat' dir='ltr'><strong>nard.</strong></span> 
     </span>
     <span class='ocr_line' id='line_1_55' title="bbox 385 5169 2268 5250; baseline 0.01 -34"><span class='ocrx_word' id='word_1_813' title='bbox 385 5169 415 5226; x_wconf 74' lang='grc' dir='ltr'>ὅ)</span> <span class='ocrx_word' id='word_1_814' title='bbox 433 5169 504 5217; x_wconf 75' lang='lat' dir='ltr'><strong>Haec</strong></span> <span class='ocrx_word' id='word_1_815' title='bbox 520 5169 614 5217; x_wconf 64' lang='lat' dir='ltr'><strong>lactina</strong></span> <span class='ocrx_word' id='word_1_816' title='bbox 631 5171 658 5216; x_wconf 89' lang='lat' dir='ltr'><strong>iu</strong></span> <span class='ocrx_word' id='word_1_817' title='bbox 696 5171 771 5219; x_wconf 84' lang='lat' dir='ltr'><strong>adice</strong></span> <span class='ocrx_word' id='word_1_818' title='bbox 788 5183 842 5221; x_wconf 84' lang='lat' dir='ltr'><strong>iton</strong></span> <span class='ocrx_word' id='word_1_819' title='bbox 859 5179 977 5234; x_wconf 62' lang='lat' dir='ltr'><strong>apparet.</strong></span> <span class='ocrx_word' id='word_1_820' title='bbox 992 5175 1058 5222; x_wconf 77' lang='grc' dir='ltr'><em>Νον.</em></span> <span class='ocrx_word' id='word_1_821' title='bbox 1076 5177 1118 5223; x_wconf 74' lang='grc'><strong>93.</strong></span> <span class='ocrx_word' id='word_1_822' title='bbox 1137 5187 1194 5236; x_wconf 79' lang='lat' dir='ltr'><strong>cap.</strong></span> <span class='ocrx_word' id='word_1_823' title='bbox 1213 5175 1239 5224; x_wconf 79' lang='grc'><em>4.</em></span> <span class='ocrx_word' id='word_1_824' title='bbox 1259 5177 1284 5234; x_wconf 69' lang='lat' dir='ltr'><strong>S.</strong></span> <span class='ocrx_word' id='word_1_825' title='bbox 1306 5176 1329 5226; x_wconf 89' lang='lat' dir='ltr'><strong>i.</strong></span> <span class='ocrx_word' id='word_1_826' title='bbox 1347 5175 1491 5246; x_wconf 74' lang='grc' dir='ltr'><em>ἀλενθίρπν</em></span> <span class='ocrx_word' id='word_1_827' title='bbox 1508 5179 1597 5237; x_wconf 67' lang='grc' dir='ltr'><em>μέντοι</em></span> <span class='ocrx_word' id='word_1_828' title='bbox 1610 5179 1709 5228; x_wconf 75' lang='grc' dir='ltr'><em>τούτοιν</em></span> <span class='ocrx_word' id='word_1_829' title='bbox 1728 5178 1876 5248; x_wconf 70' lang='grc' dir='ltr'><em>παρρησίαν</em></span> <span class='ocrx_word' id='word_1_830' title='bbox 1894 5179 1964 5246; x_wconf 58' lang='grc' dir='ltr'><em>ἔχειν,</em></span> <span class='ocrx_word' id='word_1_831' title='bbox 1982 5179 2049 5233; x_wconf 75' lang='lat' dir='ltr'><strong>citici</strong></span> <span class='ocrx_word' id='word_1_832' title='bbox 2066 5181 2111 5248; x_wconf 77' lang='grc' dir='ltr'><em>μή.</em></span> <span class='ocrx_word' id='word_1_833' title='bbox 2129 5179 2163 5240; x_wconf 82' lang='grc' dir='ltr'><strong>ἀς</strong></span> <span class='ocrx_word' id='word_1_834' title='bbox 2180 5183 2268 5250; x_wconf 73' lang='grc' dir='ltr'><em>εἰκός,</em></span> 
     </span>
     <span class='ocr_line' id='line_1_56' title="bbox 385 5229 2268 5316; baseline 0.012 -34"><span class='ocrx_word' id='word_1_835' title='bbox 385 5233 531 5300; x_wconf 69' lang='grc' dir='ltr'><em>ἐξεπίτηδες</em></span> <span class='ocrx_word' id='word_1_836' title='bbox 548 5229 619 5303; x_wconf 76' lang='grc' dir='ltr'><em>παρὰ</em></span> <span class='ocrx_word' id='word_1_837' title='bbox 638 5237 687 5286; x_wconf 84' lang='grc' dir='ltr'><strong>τοῦ</strong></span> <span class='ocrx_word' id='word_1_838' title='bbox 704 5235 839 5294; x_wconf 77' lang='grc' dir='ltr'><em>διώκοντος</em></span> <span class='ocrx_word' id='word_1_839' title='bbox 855 5241 1041 5309; x_wconf 74' lang='grc' dir='ltr'><em>καθειργμένος</em></span> <span class='ocrx_word' id='word_1_840' title='bbox 1059 5237 1074 5308; x_wconf 80' lang='grc' dir='ltr'><em>ἢ</em></span> <span class='ocrx_word' id='word_1_841' title='bbox 1093 5240 1248 5304; x_wconf 77' lang='grc' dir='ltr'><em>κωλυόμενος</em></span> <span class='ocrx_word' id='word_1_842' title='bbox 1265 5243 1362 5294; x_wconf 83' lang='grc' dir='ltr'><em>ίλθεῖν.</em></span> <span class='ocrx_word' id='word_1_843' title='bbox 1398 5247 1549 5308; x_wconf 62' lang='lat' dir='ltr'><strong>[regendum</strong></span> <span class='ocrx_word' id='word_1_844' title='bbox 1567 5259 1633 5310; x_wconf 79' lang='lat' dir='ltr'><strong>ergo</strong></span> <span class='ocrx_word' id='word_1_845' title='bbox 1653 5241 1668 5312; x_wconf 80' lang='grc' dir='ltr'><em>ἢ</em></span> <span class='ocrx_word' id='word_1_846' title='bbox 1687 5248 1713 5296; x_wconf 81' lang='grc' dir='ltr'><strong>ε”ν</strong></span> <span class='ocrx_word' id='word_1_847' title='bbox 1730 5264 1809 5304; x_wconf 82' lang='grc' dir='ltr'><em>τινος.</em></span> <span class='ocrx_word' id='word_1_848' title='bbox 1852 5249 1976 5312; x_wconf 76' lang='lat' dir='ltr'><strong>Alioquin</strong></span> <span class='ocrx_word' id='word_1_849' title='bbox 2001 5266 2054 5300; x_wconf 81' lang='lat' dir='ltr'><strong>vox</strong></span> <span class='ocrx_word' id='word_1_850' title='bbox 2077 5247 2113 5316; x_wconf 75' lang='grc' dir='ltr'><em>μὴ</em></span> <span class='ocrx_word' id='word_1_851' title='bbox 2136 5252 2170 5300; x_wconf 84' lang='lat' dir='ltr'><strong>ad</strong></span> <span class='ocrx_word' id='word_1_852' title='bbox 2195 5267 2268 5314; x_wconf 80' lang='lat' dir='ltr'><strong>pnr-</strong></span> 
     </span>
     <span class='ocr_line' id='line_1_57' title="bbox 386 5307 2269 5378; baseline 0.01 -27"><span class='ocrx_word' id='word_1_853' title='bbox 386 5311 440 5352; x_wconf 83' lang='lat' dir='ltr'><strong>tem</strong></span> <span class='ocrx_word' id='word_1_854' title='bbox 458 5307 608 5352; x_wconf 80' lang='lat' dir='ltr'><strong>sentcntiae</strong></span> <span class='ocrx_word' id='word_1_855' title='bbox 625 5308 807 5365; x_wconf 85' lang='lat' dir='ltr'><strong>posteriorem</strong></span> <span class='ocrx_word' id='word_1_856' title='bbox 824 5311 906 5356; x_wconf 87' lang='lat' dir='ltr'><strong>tacito</strong></span> <span class='ocrx_word' id='word_1_857' title='bbox 925 5309 993 5358; x_wconf 85' lang='lat' dir='ltr'><strong>tratri</strong></span> <span class='ocrx_word' id='word_1_858' title='bbox 1012 5322 1065 5358; x_wconf 90' lang='lat' dir='ltr'><strong>uon</strong></span> <span class='ocrx_word' id='word_1_859' title='bbox 1083 5315 1180 5370; x_wconf 83' lang='lat' dir='ltr'><strong>potest.</strong></span> <span class='ocrx_word' id='word_1_860' title='bbox 1250 5312 1277 5368; x_wconf 82' lang='grc' dir='ltr'><strong>δ)</strong></span> <span class='ocrx_word' id='word_1_861' title='bbox 1295 5313 1353 5361; x_wconf 73' lang='lat' dir='ltr'><strong>Nam</strong></span> <span class='ocrx_word' id='word_1_862' title='bbox 1370 5313 1411 5360; x_wconf 88' lang='lat' dir='ltr'><strong>ita</strong></span> <span class='ocrx_word' id='word_1_863' title='bbox 1430 5313 1505 5362; x_wconf 89' lang='lat' dir='ltr'><strong>male.</strong></span> <span class='ocrx_word' id='word_1_864' title='bbox 1527 5315 1648 5363; x_wconf 72' lang='lat' dir='ltr'><strong>&#39;Veram</strong></span> <span class='ocrx_word' id='word_1_865' title='bbox 1666 5316 1709 5364; x_wconf 87' lang='lat' dir='ltr'><strong>vel</strong></span> <span class='ocrx_word' id='word_1_866' title='bbox 1727 5319 1871 5378; x_wconf 83' lang='lat' dir='ltr'><strong>sponsione</strong></span> <span class='ocrx_word' id='word_1_867' title='bbox 1895 5321 2014 5378; x_wconf 74' lang='lat' dir='ltr'><strong>vincam,</strong></span> <span class='ocrx_word' id='word_1_868' title='bbox 2046 5321 2071 5367; x_wconf 91' lang='lat' dir='ltr'><strong>nl</strong></span> <span class='ocrx_word' id='word_1_869' title='bbox 2096 5321 2269 5370; x_wconf 71' lang='lat' dir='ltr'><strong>Atlranasius</strong></span> 
     </span>
     <span class='ocr_line' id='line_1_58' title="bbox 387 5367 2269 5446; baseline 0.01 -26"><span class='ocrx_word' id='word_1_870' title='bbox 387 5374 495 5432; x_wconf 83' lang='lat' dir='ltr'><strong>scripsit</strong></span> <span class='ocrx_word' id='word_1_871' title='bbox 512 5368 557 5419; x_wconf 82' lang='grc' dir='ltr'><strong>οὐκ</strong></span> <span class='ocrx_word' id='word_1_872' title='bbox 575 5367 663 5428; x_wconf 78' lang='grc' dir='ltr'><em>ἄλλως.</em></span> <span class='ocrx_word' id='word_1_873' title='bbox 733 5373 761 5437; x_wconf 80' lang='grc'>7)</span> <span class='ocrx_word' id='word_1_874' title='bbox 780 5373 875 5435; x_wconf 86' lang='lat' dir='ltr'><strong>incipit</strong></span> <span class='ocrx_word' id='word_1_875' title='bbox 891 5375 937 5423; x_wconf 88' lang='lat' dir='ltr'><strong>iol.</strong></span> <span class='ocrx_word' id='word_1_876' title='bbox 955 5378 1000 5424; x_wconf 81' lang='lat' dir='ltr'><strong>so.</strong></span> <span class='ocrx_word' id='word_1_877' title='bbox 1019 5377 1050 5424; x_wconf 80' lang='grc' dir='ltr'><em>Α.</em></span> <span class='ocrx_word' id='word_1_878' title='bbox 1092 5377 1144 5425; x_wconf 87' lang='lat' dir='ltr'><strong>Pro</strong></span> <span class='ocrx_word' id='word_1_879' title='bbox 1160 5378 1250 5427; x_wconf 88' lang='lat' dir='ltr'><strong>verbis</strong></span> <span class='ocrx_word' id='word_1_880' title='bbox 1268 5379 1295 5428; x_wconf 80' lang='grc' dir='ltr'><strong>εἰν</strong></span> <span class='ocrx_word' id='word_1_881' title='bbox 1312 5396 1392 5436; x_wconf 84' lang='grc' dir='ltr'><em>τινος.</em></span> <span class='ocrx_word' id='word_1_882' title='bbox 1413 5393 1480 5442; x_wconf 72' lang='lat' dir='ltr'><strong>qliae</strong></span> <span class='ocrx_word' id='word_1_883' title='bbox 1497 5393 1606 5430; x_wconf 84' lang='lat' dir='ltr'><strong>sensum</strong></span> <span class='ocrx_word' id='word_1_884' title='bbox 1624 5395 1676 5433; x_wconf 90' lang='lat' dir='ltr'><strong>uon</strong></span> <span class='ocrx_word' id='word_1_885' title='bbox 1695 5384 1790 5432; x_wconf 86' lang='lat' dir='ltr'><strong>babent</strong></span> <span class='ocrx_word' id='word_1_886' title='bbox 1806 5386 1938 5442; x_wconf 83' lang='lat' dir='ltr'><strong>idoneum.</strong></span> <span class='ocrx_word' id='word_1_887' title='bbox 1964 5387 2023 5446; x_wconf 70' lang='lat' dir='ltr'><strong>lepre</strong></span> <span class='ocrx_word' id='word_1_888' title='bbox 2040 5385 2143 5442; x_wconf 74' lang='grc' dir='ltr'><em>ἰκτῖνος.</em></span> <span class='ocrx_word' id='word_1_889' title='bbox 2195 5389 2269 5438; x_wconf 79' lang='grc' dir='ltr'><em>Μιτ-</em></span> 
     </span>
     <span class='ocr_line' id='line_1_59' title="bbox 388 5439 2269 5517; baseline 0.01 -30"><span class='ocrx_word' id='word_1_890' title='bbox 388 5443 459 5488; x_wconf 85' lang='lat' dir='ltr'><strong>tatnr</strong></span> <span class='ocrx_word' id='word_1_891' title='bbox 476 5441 547 5488; x_wconf 89' lang='lat' dir='ltr'><strong>euim</strong></span> <span class='ocrx_word' id='word_1_892' title='bbox 565 5439 711 5488; x_wconf 86' lang='lat' dir='ltr'><strong>subiectum</strong></span> <span class='ocrx_word' id='word_1_893' title='bbox 729 5445 869 5489; x_wconf 86' lang='lat' dir='ltr'><strong>orationis.</strong></span> <span class='ocrx_word' id='word_1_894' title='bbox 961 5445 990 5499; x_wconf 85' lang='grc'>8)</span> <span class='ocrx_word' id='word_1_895' title='bbox 1009 5447 1051 5492; x_wconf 75' lang='lat' dir='ltr'><strong>sio</strong></span> <span class='ocrx_word' id='word_1_896' title='bbox 1069 5443 1168 5494; x_wconf 84' lang='lat' dir='ltr'><strong>Codex.</strong></span> <span class='ocrx_word' id='word_1_897' title='bbox 1255 5445 1282 5510; x_wconf 84' lang='lat' dir='ltr'><strong>o)</strong></span> <span class='ocrx_word' id='word_1_898' title='bbox 1302 5447 1365 5510; x_wconf 65' lang='lat' dir='ltr'><strong>ireg.</strong></span> <span class='ocrx_word' id='word_1_899' title='bbox 1386 5442 1525 5515; x_wconf 79' lang='grc' dir='ltr'><em>ἢᾶργικῆς</em></span> <span class='ocrx_word' id='word_1_900' title='bbox 1548 5447 1718 5517; x_wconf 73' lang='grc' dir='ltr'><em>προστάξεως.</em></span> <span class='ocrx_word' id='word_1_901' title='bbox 1758 5452 1824 5500; x_wconf 71' lang='lat' dir='ltr'><strong>lior.</strong></span> <span class='ocrx_word' id='word_1_902' title='bbox 1844 5455 1887 5502; x_wconf 73' lang='grc'><em>53.</em></span> <span class='ocrx_word' id='word_1_903' title='bbox 1913 5465 1970 5515; x_wconf 79' lang='lat' dir='ltr'><strong>cup.</strong></span> <span class='ocrx_word' id='word_1_904' title='bbox 1996 5454 2022 5502; x_wconf 85' lang='lat'><strong>4.</strong></span> <span class='ocrx_word' id='word_1_905' title='bbox 2049 5453 2100 5503; x_wconf 82' lang='grc' dir='ltr'><em>εἴτε</em></span> <span class='ocrx_word' id='word_1_906' title='bbox 2123 5451 2150 5504; x_wconf 73' lang='lat' dir='ltr'><strong>ta</strong></span> <span class='ocrx_word' id='word_1_907' title='bbox 2177 5455 2269 5506; x_wconf 76' lang='grc' dir='ltr'><em>θείου</em></span> 
     </span>
     <span class='ocr_line' id='line_1_60' title="bbox 386 5500 2271 5584; baseline 0.012 -32"><span class='ocrx_word' id='word_1_908' title='bbox 386 5501 472 5554; x_wconf 75' lang='grc' dir='ltr'><em>τόπου</em></span> <span class='ocrx_word' id='word_1_909' title='bbox 490 5500 569 5568; x_wconf 79' lang='grc' dir='ltr'><em>τυχὸν</em></span> <span class='ocrx_word' id='word_1_910' title='bbox 589 5501 604 5572; x_wconf 80' lang='grc' dir='ltr'><em>ἢ</em></span> <span class='ocrx_word' id='word_1_911' title='bbox 621 5505 755 5564; x_wconf 68' lang='lat' dir='ltr'><strong>anteriorum</strong></span> <span class='ocrx_word' id='word_1_912' title='bbox 772 5504 789 5572; x_wconf 85' lang='grc' dir='ltr'><em>ἢ</em></span> <span class='ocrx_word' id='word_1_913' title='bbox 806 5505 850 5556; x_wconf 81' lang='grc' dir='ltr'><em>καὶ</em></span> <span class='ocrx_word' id='word_1_914' title='bbox 866 5506 941 5576; x_wconf 80' lang='grc' dir='ltr'><em>παρά</em></span> <span class='ocrx_word' id='word_1_915' title='bbox 957 5526 1026 5567; x_wconf 85' lang='grc' dir='ltr'><em>τινος</em></span> <span class='ocrx_word' id='word_1_916' title='bbox 1042 5505 1177 5578; x_wconf 78' lang='grc' dir='ltr'><em>ἄρχοντος.</em></span> <span class='ocrx_word' id='word_1_917' title='bbox 1248 5513 1295 5571; x_wconf 86' lang='grc'>10)</span> <span class='ocrx_word' id='word_1_918' title='bbox 1312 5511 1377 5563; x_wconf 80' lang='lat' dir='ltr'><strong>Cori.</strong></span> <span class='ocrx_word' id='word_1_919' title='bbox 1397 5516 1475 5564; x_wconf 79' lang='lat' dir='ltr'><strong>babet</strong></span> <span class='ocrx_word' id='word_1_920' title='bbox 1491 5513 1549 5583; x_wconf 66' lang='grc' dir='ltr'><strong>.Τηῖ</strong></span> <span class='ocrx_word' id='word_1_921' title='bbox 1562 5517 1622 5566; x_wconf 88' lang='lat' dir='ltr'><strong>ioco</strong></span> <span class='ocrx_word' id='word_1_922' title='bbox 1642 5521 1720 5566; x_wconf 84' lang='lat' dir='ltr'><strong>vocis</strong></span> <span class='ocrx_word' id='word_1_923' title='bbox 1738 5517 1885 5582; x_wconf 85' lang='grc' dir='ltr'><em>σημείιινσαι,</em></span> <span class='ocrx_word' id='word_1_924' title='bbox 1906 5527 1933 5570; x_wconf 85' lang='lat' dir='ltr'><strong>ut</strong></span> <span class='ocrx_word' id='word_1_925' title='bbox 1950 5524 2067 5584; x_wconf 82' lang='lat' dir='ltr'><strong>saepiua.</strong></span> <span class='ocrx_word' id='word_1_926' title='bbox 2138 5521 2182 5584; x_wconf 89' lang='grc'>11)</span> <span class='ocrx_word' id='word_1_927' title='bbox 2201 5523 2271 5574; x_wconf 87' lang='lat' dir='ltr'><strong>Co-</strong></span> 
     </span>
     <span class='ocr_line' id='line_1_61' title="bbox 385 5569 2269 5660; baseline 0.012 -41"><span class='ocrx_word' id='word_1_928' title='bbox 385 5574 437 5620; x_wconf 85' lang='lat' dir='ltr'><strong>dex</strong></span> <span class='ocrx_word' id='word_1_929' title='bbox 454 5569 557 5624; x_wconf 83' lang='grc' dir='ltr'><em>τοότον.</em></span> <span class='ocrx_word' id='word_1_930' title='bbox 645 5573 689 5632; x_wconf 79' lang='grc'>19)</span> <span class='ocrx_word' id='word_1_931' title='bbox 706 5576 797 5624; x_wconf 84' lang='lat' dir='ltr'><strong>Codex</strong></span> <span class='ocrx_word' id='word_1_932' title='bbox 814 5575 882 5624; x_wconf 82' lang='lat' dir='ltr'><strong>maie</strong></span> <span class='ocrx_word' id='word_1_933' title='bbox 899 5573 958 5634; x_wconf 83' lang='grc' dir='ltr'><em>τάς.</em></span> <span class='ocrx_word' id='word_1_934' title='bbox 1003 5577 1044 5626; x_wconf 77' lang='lat' dir='ltr'><strong>ad</strong></span> <span class='ocrx_word' id='word_1_935' title='bbox 1061 5582 1206 5642; x_wconf 77' lang='lat' dir='ltr'><strong>ruttrgiuem</strong></span> <span class='ocrx_word' id='word_1_936' title='bbox 1229 5580 1355 5651; x_wconf 82' lang='grc' dir='ltr'><em>περὶτοῦ</em></span> <span class='ocrx_word' id='word_1_937' title='bbox 1373 5579 1454 5630; x_wconf 82' lang='grc' dir='ltr'><em>νάσου</em></span> <span class='ocrx_word' id='word_1_938' title='bbox 1476 5584 1526 5631; x_wconf 82' lang='grc' dir='ltr'><strong>τῶν</strong></span> <span class='ocrx_word' id='word_1_939' title='bbox 1543 5581 1743 5652; x_wconf 78' lang='grc' dir='ltr'><em>πιπράσκεσθαι</em></span> <span class='ocrx_word' id='word_1_940' title='bbox 1767 5585 1914 5646; x_wconf 70' lang='grc' dir='ltr'><em>δυναμένων</em></span> <span class='ocrx_word' id='word_1_941' title='bbox 1930 5589 2007 5648; x_wconf 82' lang='lat' dir='ltr'><strong>(Coti.</strong></span> <span class='ocrx_word' id='word_1_942' title='bbox 2031 5579 2121 5648; x_wconf 75' lang='grc' dir='ltr'><em>δυναμό</em></span> <span class='ocrx_word' id='word_1_943' title='bbox 2129 5587 2148 5654; x_wconf 94' lang='grc'>’)</span> <span class='ocrx_word' id='word_1_944' title='bbox 2173 5607 2269 5660; x_wconf 79' lang='grc' dir='ltr'><em>στρα-</em></span> 
     </span>
     <span class='ocr_line' id='line_1_62' title="bbox 385 5641 2269 5720; baseline 0.011 -32"><span class='ocrx_word' id='word_1_945' title='bbox 385 5641 468 5688; x_wconf 76' lang='grc' dir='ltr'><em>τειῶν.</em></span> <span class='ocrx_word' id='word_1_946' title='bbox 502 5641 570 5689; x_wconf 86' lang='lat' dir='ltr'><strong>Vide</strong></span> <span class='ocrx_word' id='word_1_947' title='bbox 588 5641 795 5704; x_wconf 78' lang='lat' dir='ltr'><strong>iiombcrglrium</strong></span> <span class='ocrx_word' id='word_1_948' title='bbox 817 5643 849 5696; x_wconf 85' lang='lat' dir='ltr'><strong>ad</strong></span> <span class='ocrx_word' id='word_1_949' title='bbox 868 5643 935 5692; x_wconf 80' lang='lat' dir='ltr'><strong>Nov.</strong></span> <span class='ocrx_word' id='word_1_950' title='bbox 960 5647 1004 5694; x_wconf 77' lang='lat' dir='ltr'><strong>oti.</strong></span> <span class='ocrx_word' id='word_1_951' title='bbox 1024 5657 1081 5708; x_wconf 89' lang='lat' dir='ltr'><strong>cap.</strong></span> <span class='ocrx_word' id='word_1_952' title='bbox 1099 5645 1126 5694; x_wconf 78' lang='grc'><em>4.</em></span> <span class='ocrx_word' id='word_1_953' title='bbox 1202 5648 1248 5707; x_wconf 85' lang='grc'>13)</span> <span class='ocrx_word' id='word_1_954' title='bbox 1272 5649 1363 5699; x_wconf 86' lang='lat' dir='ltr'><strong>Codex</strong></span> <span class='ocrx_word' id='word_1_955' title='bbox 1387 5649 1456 5698; x_wconf 89' lang='lat' dir='ltr'><strong>male</strong></span> <span class='ocrx_word' id='word_1_956' title='bbox 1480 5653 1615 5718; x_wconf 79' lang='grc' dir='ltr'><em>στρατιῶν.</em></span> <span class='ocrx_word' id='word_1_957' title='bbox 1658 5653 1754 5702; x_wconf 88' lang='lat' dir='ltr'><strong>Veram</strong></span> <span class='ocrx_word' id='word_1_958' title='bbox 1782 5655 1922 5706; x_wconf 89' lang='lat' dir='ltr'><strong>lectionem</strong></span> <span class='ocrx_word' id='word_1_959' title='bbox 1948 5661 2066 5720; x_wconf 85' lang='lat' dir='ltr'><strong>praestat</strong></span> <span class='ocrx_word' id='word_1_960' title='bbox 2090 5663 2119 5708; x_wconf 85' lang='lat' dir='ltr'><strong>et</strong></span> <span class='ocrx_word' id='word_1_961' title='bbox 2139 5665 2204 5708; x_wconf 82' lang='lat' dir='ltr'><strong>nota</strong></span> <span class='ocrx_word' id='word_1_962' title='bbox 2225 5659 2269 5708; x_wconf 78' lang='lat' dir='ltr'><strong>ari</strong></span> 
     </span>
     <span class='ocr_line' id='line_1_63' title="bbox 384 5709 2272 5788; baseline 0.011 -30"><span class='ocrx_word' id='word_1_963' title='bbox 384 5712 532 5772; x_wconf 82' lang='lat' dir='ltr'><strong>marginem</strong></span> <span class='ocrx_word' id='word_1_964' title='bbox 548 5709 683 5769; x_wconf 83' lang='lat' dir='ltr'><strong>adscripta</strong></span> <span class='ocrx_word' id='word_1_965' title='bbox 700 5717 728 5757; x_wconf 89' lang='lat' dir='ltr'><strong>et</strong></span> <span class='ocrx_word' id='word_1_966' title='bbox 745 5714 833 5760; x_wconf 88' lang='lat' dir='ltr'><strong>oratio</strong></span> <span class='ocrx_word' id='word_1_967' title='bbox 850 5713 1100 5776; x_wconf 80' lang='lat' dir='ltr'><strong>genuinaNovcilac</strong></span> <span class='ocrx_word' id='word_1_968' title='bbox 1117 5715 1162 5763; x_wconf 72' lang='lat'><strong>5³.</strong></span> <span class='ocrx_word' id='word_1_969' title='bbox 1185 5727 1242 5778; x_wconf 87' lang='lat' dir='ltr'><strong>cap.</strong></span> <span class='ocrx_word' id='word_1_970' title='bbox 1267 5717 1294 5765; x_wconf 79' lang='lat' dir='ltr'><strong>i.</strong></span> <span class='ocrx_word' id='word_1_971' title='bbox 1312 5717 1352 5765; x_wconf 82' lang='lat' dir='ltr'><strong>Ad</strong></span> <span class='ocrx_word' id='word_1_972' title='bbox 1377 5718 1461 5765; x_wconf 85' lang='lat' dir='ltr'><strong>verba</strong></span> <span class='ocrx_word' id='word_1_973' title='bbox 1483 5719 1531 5766; x_wconf 81' lang='grc' dir='ltr'><strong>τοῦ</strong></span> <span class='ocrx_word' id='word_1_974' title='bbox 1556 5715 1638 5766; x_wconf 84' lang='grc' dir='ltr'><em>κάοου</em></span> <span class='ocrx_word' id='word_1_975' title='bbox 1656 5719 1816 5782; x_wconf 81' lang='lat' dir='ltr'><strong>adscriptum</strong></span> <span class='ocrx_word' id='word_1_976' title='bbox 1847 5731 1889 5772; x_wconf 86' lang='lat' dir='ltr'><strong>est</strong></span> <span class='ocrx_word' id='word_1_977' title='bbox 1912 5726 1944 5773; x_wconf 88' lang='lat' dir='ltr'><strong>ad</strong></span> <span class='ocrx_word' id='word_1_978' title='bbox 1975 5727 2121 5787; x_wconf 80' lang='lat' dir='ltr'><strong>marginem</strong></span> <span class='ocrx_word' id='word_1_979' title='bbox 2144 5723 2272 5788; x_wconf 62' lang='lat' dir='ltr'><strong>Codicis</strong></span> 
     </span>
     <span class='ocr_line' id='line_1_64' title="bbox 384 5773 2269 5858; baseline 0.012 -34"><span class='ocrx_word' id='word_1_980' title='bbox 384 5774 466 5825; x_wconf 77' lang='grc' dir='ltr'><em>νάσου</em></span> <span class='ocrx_word' id='word_1_981' title='bbox 482 5774 575 5844; x_wconf 71' lang='grc' dir='ltr'><em>μέρους</em></span> <span class='ocrx_word' id='word_1_982' title='bbox 591 5773 700 5834; x_wconf 87' lang='grc' dir='ltr'><em>νόμιμος</em></span> <span class='ocrx_word' id='word_1_983' title='bbox 717 5776 781 5842; x_wconf 78' lang='lat' dir='ltr'><strong>(leg.</strong></span> <span class='ocrx_word' id='word_1_984' title='bbox 799 5777 923 5844; x_wconf 83' lang='grc' dir='ltr'><em>νομίμου)</em></span> <span class='ocrx_word' id='word_1_985' title='bbox 939 5775 1021 5844; x_wconf 75' lang='grc' dir='ltr'><em>ἤγουν</em></span> <span class='ocrx_word' id='word_1_986' title='bbox 1038 5779 1069 5828; x_wconf 88' lang='grc' dir='ltr'><strong>τὸ</strong></span> <span class='ocrx_word' id='word_1_987' title='bbox 1086 5779 1151 5843; x_wconf 77' lang='lat' dir='ltr'><strong>(leg.</strong></span> <span class='ocrx_word' id='word_1_988' title='bbox 1169 5783 1231 5841; x_wconf 80' lang='grc' dir='ltr'><em>τοῦ)</em></span> <span class='ocrx_word' id='word_1_989' title='bbox 1248 5781 1285 5832; x_wconf 88' lang='grc' dir='ltr'><strong>δ’.</strong></span> <span class='ocrx_word' id='word_1_990' title='bbox 1367 5783 1414 5840; x_wconf 75' lang='grc'>14)</span> <span class='ocrx_word' id='word_1_991' title='bbox 1433 5785 1486 5834; x_wconf 85' lang='lat' dir='ltr'><strong>Pro</strong></span> <span class='ocrx_word' id='word_1_992' title='bbox 1503 5781 1603 5850; x_wconf 74' lang='grc' dir='ltr'><em>γαμετὴ</em></span> <span class='ocrx_word' id='word_1_993' title='bbox 1621 5790 1660 5834; x_wconf 87' lang='lat' dir='ltr'><strong>tit.</strong></span> <span class='ocrx_word' id='word_1_994' title='bbox 1680 5789 1704 5838; x_wconf 87' lang='grc'><strong>9.</strong></span> <span class='ocrx_word' id='word_1_995' title='bbox 1723 5796 1807 5850; x_wconf 80' lang='lat' dir='ltr'><strong>parat</strong></span> <span class='ocrx_word' id='word_1_996' title='bbox 1827 5791 1852 5849; x_wconf 78' lang='lat' dir='ltr'><strong>S.</strong></span> <span class='ocrx_word' id='word_1_997' title='bbox 1871 5792 1896 5840; x_wconf 76' lang='lat'><strong>7.</strong></span> <span class='ocrx_word' id='word_1_998' title='bbox 1915 5793 2012 5842; x_wconf 88' lang='lat' dir='ltr'><strong>babent</strong></span> <span class='ocrx_word' id='word_1_999' title='bbox 2030 5787 2129 5858; x_wconf 79' lang='grc' dir='ltr'><em>ναμεττ)</em></span> <span class='ocrx_word' id='word_1_1000' title='bbox 2145 5791 2269 5846; x_wconf 70' lang='grc' dir='ltr'><em>τρόπον.</em></span> 
     </span>
     <span class='ocr_line' id='line_1_65' title="bbox 384 5841 2272 5929; baseline 0.01 -35"><span class='ocrx_word' id='word_1_1001' title='bbox 384 5843 432 5901; x_wconf 73' lang='lat' dir='ltr'><strong>id)</strong></span> <span class='ocrx_word' id='word_1_1002' title='bbox 450 5842 542 5893; x_wconf 77' lang='lat' dir='ltr'><strong>Codex</strong></span> <span class='ocrx_word' id='word_1_1003' title='bbox 559 5841 622 5890; x_wconf 75' lang='lat' dir='ltr'><strong>teta.</strong></span> <span class='ocrx_word' id='word_1_1004' title='bbox 692 5841 743 5904; x_wconf 85' lang='lat' dir='ltr'><strong>to)</strong></span> <span class='ocrx_word' id='word_1_1005' title='bbox 761 5845 853 5895; x_wconf 84' lang='lat' dir='ltr'><strong>Codex</strong></span> <span class='ocrx_word' id='word_1_1006' title='bbox 870 5845 1003 5896; x_wconf 78' lang='grc' dir='ltr'><em>ε’πικτίσει.</em></span> <span class='ocrx_word' id='word_1_1007' title='bbox 1028 5847 1095 5896; x_wconf 87' lang='lat' dir='ltr'><strong>Nov.</strong></span> <span class='ocrx_word' id='word_1_1008' title='bbox 1120 5849 1165 5899; x_wconf 73' lang='lat'><strong>54.</strong></span> <span class='ocrx_word' id='word_1_1009' title='bbox 1183 5861 1240 5911; x_wconf 82' lang='lat' dir='ltr'><strong>cop.</strong></span> <span class='ocrx_word' id='word_1_1010' title='bbox 1259 5855 1286 5901; x_wconf 75' lang='lat' dir='ltr'><strong>b.</strong></span> <span class='ocrx_word' id='word_1_1011' title='bbox 1304 5853 1344 5899; x_wconf 85' lang='lat' dir='ltr'><strong>sio</strong></span> <span class='ocrx_word' id='word_1_1012' title='bbox 1362 5853 1452 5902; x_wconf 84' lang='lat' dir='ltr'><strong>lrabet:</strong></span> <span class='ocrx_word' id='word_1_1013' title='bbox 1468 5853 1507 5915; x_wconf 81' lang='grc' dir='ltr'><strong>εἴη</strong></span> <span class='ocrx_word' id='word_1_1014' title='bbox 1527 5849 1540 5902; x_wconf 90' lang='lat' dir='ltr'><strong>o‘</strong></span> <span class='ocrx_word' id='word_1_1015' title='bbox 1559 5847 1595 5909; x_wconf 82' lang='grc' dir='ltr'><strong>εἰς</strong></span> <span class='ocrx_word' id='word_1_1016' title='bbox 1611 5849 1679 5903; x_wconf 73' lang='grc' dir='ltr'><em>αὐτὸ</em></span> <span class='ocrx_word' id='word_1_1017' title='bbox 1696 5857 1779 5905; x_wconf 85' lang='grc' dir='ltr'><em>τοῦτο</em></span> <span class='ocrx_word' id='word_1_1018' title='bbox 1796 5855 1929 5917; x_wconf 70' lang='lat' dir='ltr'><strong>danicae,</strong></span> <span class='ocrx_word' id='word_1_1019' title='bbox 1958 5857 1995 5916; x_wconf 75' lang='grc' dir='ltr'><strong>ἐφ’</strong></span> <span class='ocrx_word' id='word_1_1020' title='bbox 2014 5851 2035 5924; x_wconf 72' lang='lat' dir='ltr'><strong>pi</strong></span> <span class='ocrx_word' id='word_1_1021' title='bbox 2052 5861 2099 5923; x_wconf 79' lang='grc' dir='ltr'><strong>τῆς</strong></span> <span class='ocrx_word' id='word_1_1022' title='bbox 2115 5859 2272 5929; x_wconf 68' lang='grc' dir='ltr'><em>στρατείας</em></span> 
     </span>
     <span class='ocr_line' id='line_1_66' title="bbox 384 5909 2273 6002; baseline 0.011 -43"><span class='ocrx_word' id='word_1_1023' title='bbox 384 5909 479 5960; x_wconf 73' lang='grc' dir='ltr'><em>ἐκεῖνον</em></span> <span class='ocrx_word' id='word_1_1024' title='bbox 496 5911 606 5972; x_wconf 81' lang='grc' dir='ltr'><em>τυχεκῑν.</em></span> <span class='ocrx_word' id='word_1_1025' title='bbox 682 5909 728 5974; x_wconf 84' lang='grc'>17)</span> <span class='ocrx_word' id='word_1_1026' title='bbox 751 5909 816 5961; x_wconf 78' lang='lat' dir='ltr'><strong>cod.</strong></span> <span class='ocrx_word' id='word_1_1027' title='bbox 841 5913 973 5983; x_wconf 76' lang='grc' dir='ltr'><em>στρατόσε.</em></span> <span class='ocrx_word' id='word_1_1028' title='bbox 1043 5916 1089 5976; x_wconf 83' lang='lat' dir='ltr'><strong>is)</strong></span> <span class='ocrx_word' id='word_1_1029' title='bbox 1106 5917 1175 5966; x_wconf 80' lang='lat' dir='ltr'><strong>maie</strong></span> <span class='ocrx_word' id='word_1_1030' title='bbox 1197 5917 1289 5967; x_wconf 82' lang='lat' dir='ltr'><strong>Codex</strong></span> <span class='ocrx_word' id='word_1_1031' title='bbox 1306 5917 1420 5976; x_wconf 81' lang='grc' dir='ltr'><em>δεδωκάς.</em></span> <span class='ocrx_word' id='word_1_1032' title='bbox 1493 5919 1537 5978; x_wconf 84' lang='grc'>19)</span> <span class='ocrx_word' id='word_1_1033' title='bbox 1561 5919 1625 5972; x_wconf 84' lang='lat' dir='ltr'><strong>cod.</strong></span> <span class='ocrx_word' id='word_1_1034' title='bbox 1649 5921 1753 5992; x_wconf 75' lang='grc' dir='ltr'><em>ἐξαίρει.</em></span> <span class='ocrx_word' id='word_1_1035' title='bbox 1821 5923 1871 5984; x_wconf 77' lang='lat'><strong>20)</strong></span> <span class='ocrx_word' id='word_1_1036' title='bbox 1890 5927 1930 5975; x_wconf 79' lang='lat' dir='ltr'><strong>Ad</strong></span> <span class='ocrx_word' id='word_1_1037' title='bbox 1948 5931 2103 6002; x_wconf 77' lang='lat' dir='ltr'><strong>margian</strong></span> <span class='ocrx_word' id='word_1_1038' title='bbox 2124 5929 2184 5998; x_wconf 75' lang='grc' dir='ltr'><em>περὶ</em></span> <span class='ocrx_word' id='word_1_1039' title='bbox 2202 5931 2273 5980; x_wconf 67' lang='grc' dir='ltr'><strong>τῶν</strong></span> 
     </span>
     <span class='ocr_line' id='line_1_67' title="bbox 380 5973 2273 6060; baseline 0.012 -35"><span class='ocrx_word' id='word_1_1040' title='bbox 380 5978 458 6047; x_wconf 75' lang='grc' dir='ltr'><em>χωρὶς</em></span> <span class='ocrx_word' id='word_1_1041' title='bbox 486 5973 579 6046; x_wconf 84' lang='grc' dir='ltr'><em>προιὸς</em></span> <span class='ocrx_word' id='word_1_1042' title='bbox 603 5975 679 6040; x_wconf 83' lang='lat' dir='ltr'><strong>(cod.</strong></span> <span class='ocrx_word' id='word_1_1043' title='bbox 705 5976 825 6048; x_wconf 82' lang='grc' dir='ltr'><em>πρ..κὸς)</em></span> <span class='ocrx_word' id='word_1_1044' title='bbox 850 5980 1050 6033; x_wconf 88' lang='grc' dir='ltr'><em>συνελθόντον..</em></span> <span class='ocrx_word' id='word_1_1045' title='bbox 1069 5981 1133 6048; x_wconf 82' lang='lat' dir='ltr'><strong>(leg.</strong></span> <span class='ocrx_word' id='word_1_1046' title='bbox 1152 5983 1344 6048; x_wconf 83' lang='grc' dir='ltr'><em>συνελθόντων)</em></span> <span class='ocrx_word' id='word_1_1047' title='bbox 1361 5981 1397 6044; x_wconf 77' lang='grc' dir='ltr'><strong>εἰς</strong></span> <span class='ocrx_word' id='word_1_1048' title='bbox 1414 5984 1498 6048; x_wconf 82' lang='grc' dir='ltr'><em>γάμον</em></span> <span class='ocrx_word' id='word_1_1049' title='bbox 1516 5988 1631 6055; x_wconf 82' lang='grc' dir='ltr'><em>καὶπερὶ</em></span> <span class='ocrx_word' id='word_1_1050' title='bbox 1646 5987 1805 6060; x_wconf 69' lang='grc' dir='ltr'><em>ἐξωπροίκονν</em></span> <span class='ocrx_word' id='word_1_1051' title='bbox 1822 5987 1899 6054; x_wconf 85' lang='lat' dir='ltr'><strong>(cod.</strong></span> <span class='ocrx_word' id='word_1_1052' title='bbox 1918 5991 1944 6052; x_wconf 70' lang='grc' dir='ltr'><strong>ἐξ</strong></span> <span class='ocrx_word' id='word_1_1053' title='bbox 1962 5993 2129 6059; x_wconf 80' lang='grc' dir='ltr'><em>οτ’.....κ).</em></span> <span class='ocrx_word' id='word_1_1054' title='bbox 2204 5997 2273 6056; x_wconf 76' lang='lat'><strong>21)</strong></span> 
     </span>
     <span class='ocr_line' id='line_1_68' title="bbox 380 6045 1754 6120; baseline 0.009 -26"><span class='ocrx_word' id='word_1_1055' title='bbox 380 6047 477 6110; x_wconf 88' lang='lat' dir='ltr'><strong>incipit</strong></span> <span class='ocrx_word' id='word_1_1056' title='bbox 496 6045 607 6096; x_wconf 80' lang='grc'>10189.</span> <span class='ocrx_word' id='word_1_1057' title='bbox 625 6046 654 6094; x_wconf 85' lang='lat' dir='ltr'><strong>ii.</strong></span> <span class='ocrx_word' id='word_1_1058' title='bbox 740 6045 791 6104; x_wconf 78' lang='lat'><strong>22)</strong></span> <span class='ocrx_word' id='word_1_1059' title='bbox 817 6047 881 6099; x_wconf 77' lang='lat' dir='ltr'><strong>(iod.</strong></span> <span class='ocrx_word' id='word_1_1060' title='bbox 899 6048 1016 6118; x_wconf 83' lang='grc' dir='ltr'><em>γυναοιὴ.</em></span> <span class='ocrx_word' id='word_1_1061' title='bbox 1103 6054 1153 6113; x_wconf 74' lang='grc'>23)</span> <span class='ocrx_word' id='word_1_1062' title='bbox 1170 6053 1230 6104; x_wconf 83' lang='lat' dir='ltr'><strong>Vox</strong></span> <span class='ocrx_word' id='word_1_1063' title='bbox 1247 6051 1346 6106; x_wconf 79' lang='grc' dir='ltr'><em>τούτου</em></span> <span class='ocrx_word' id='word_1_1064' title='bbox 1369 6055 1445 6106; x_wconf 86' lang='lat' dir='ltr'><strong>deest</strong></span> <span class='ocrx_word' id='word_1_1065' title='bbox 1464 6058 1502 6106; x_wconf 86' lang='lat' dir='ltr'><strong>tit.</strong></span> <span class='ocrx_word' id='word_1_1066' title='bbox 1524 6055 1564 6106; x_wconf 92' lang='grc'><strong>10.</strong></span> <span class='ocrx_word' id='word_1_1067' title='bbox 1582 6062 1666 6120; x_wconf 87' lang='lat' dir='ltr'><strong>parat.</strong></span> <span class='ocrx_word' id='word_1_1068' title='bbox 1684 6057 1711 6120; x_wconf 76' lang='lat' dir='ltr'><strong>s.</strong></span> <span class='ocrx_word' id='word_1_1069' title='bbox 1729 6060 1754 6107; x_wconf 80' lang='lat'><strong>8.</strong></span> 
     </span>
    </p>
   </div>
   <div class='ocr_carea' id='block_1_5' title="bbox 0 0 2406 7060">
    <p class='ocr_par' dir='ltr' id='par_1_7' title="bbox 0 0 2406 7060">
     <span class='ocr_line' id='line_1_69' title="bbox 0 0 2406 7060; baseline 0 0"><span class='ocrx_word' id='word_1_1070' title='bbox 0 0 2406 7060; x_wconf 95' lang='lat' dir='ltr'><strong> </strong></span> 
     </span>
    </p>
   </div>
  </div>
 </body>
</html>
