4824 7048
349 590 430 662 198
950 589 1184 656 ΑΒΒΕΝΒΑ
1211 588 1273 656 ΕΤ
1303 585 1619 657 contemtibilis.

348 787 552 846 zachariaens
595 785 626 841 in
649 784 751 842 rinnai.
775 784 901 864 vindob.
924 789 992 841 tom.
1022 783 1209 840 LXXXVII.
1233 799 1263 854 p.
1315 798 1370 840 cas
1385 783 1420 838 ad
1440 783 1560 842 Basilio.
1572 783 1621 839 lib.
1637 783 1685 839 11.
1699 783 1743 840 iit.
1756 781 1785 840 1.
1807 784 1897 842 them.
1917 779 1947 839 1.
1969 783 2014 838 ed.
2032 782 2110 838 Febr
2132 782 2236 838 tomi,

351 872 418 926 1111.
443 872 591 928 dixitne
613 871 704 926 liuius
726 876 823 926 tameo
846 867 1029 926 collectionis
1054 873 1176 924 auctore
1191 866 1263 923 mihi
1314 885 1342 940 p.
1365 866 1435 924 751.
1458 868 1551 924 schol.
1580 872 1619 940 d.,
1642 869 1688 925 ed.
1709 869 1872 927 llelmbach
1896 873 1960 926 tom.
1980 869 2010 926 1.
2036 884 2063 938 p.
2084 864 2155 921 556.
2179 867 2238 921 lra-

349 975 414 1014 com
438 956 662 1014 Zaclrariaeol.
685 971 710 1012 e.
733 955 888 1011 nonsatis
914 953 1060 1009 convenit.
1314 955 1413 1011 betur:
1450 948 1483 1014 ‘O
1513 947 1717 1024 Φιλόξενος
1745 957 1891 1032 παρέθετο
1919 957 1952 1014 te
1973 963 2056 1024 ναῖς
2090 959 2237 1027 νεαραῖς

435 1043 468 1100 Ρ.
489 1041 559 1098 1119.
581 1037 700 1098 limiti.
744 1039 826 1108 Quod
843 1039 1027 1094 Tireodarum
1048 1036 1161 1094 'l'iberii
1184 1043 1262 1092 tem·
1314 1033 1442 1116 ἐξήγησιν
1468 1035 1653 1114 Θεοφίλου
1673 1039 1826 1116 λέγουσαν·
1853 1039 1964 1114 taddaeo
1985 1040 2035 1114 μέν
2056 1029 2168 1097 ἐστιτὰ
2183 1036 2234 1110 βα·

351 1126 471 1200 poribus
495 1126 541 1181 vel
573 1126 670 1196 praello
699 1129 767 1196 post
794 1125 929 1179 iloruisse
958 1123 1158 1193 conieceram,
1188 1123 1263 1178 haec
1315 1115 1553 1199 aestimasne
1566 1117 1666 1198 ἐσθής,
1680 1118 1795 1202 χρυσός,
1807 1114 1938 1201 οἷργυρος,
1949 1123 2046 1201 βιβλία
2058 1123 2105 1182 καὶ
2116 1119 2168 1180 οἶοι
2180 1140 2236 1178 τοι·

350 1213 521 1269 conlectura
549 1211 659 1267 Codice
686 1209 837 1266 Maximae
870 1209 1001 1278 haurae,
1037 1208 1086 1278 qui
1115 1207 1262 1280 integram
1313 1202 1525 1267 cicerniaco
1538 1202 1574 1266 τὰ
1589 1203 1717 1286 ἔμψυχα,
1735 1202 1794 1268 οἷον
1806 1209 1883 1286 βοῦς,
1897 1205 2124 1284 cinnamomum
2139 1199 2234 1263 καὶτὰ

348 1295 497 1354 'l'heodori
527 1297 671 1366 epitomen
700 1295 804 1364 hahet,
832 1293 875 1347 ita
904 1293 1106 1363 confirmatur,
1136 1295 1169 1346 ut
1191 1290 1264 1346 nihil
1314 1296 1442 1351 τοιαῦτα.
1487 1293 1728 1350 Philemenus
1751 1296 1783 1348 in
1806 1293 1981 1349 n'oeettie
2001 1291 2236 1364 interpretatio·

350 1397 448 1453 supra.
488 1381 573 1446 Vide,
595 1395 670 1450 quae
692 1377 895 1434 ΓΙιουΙιυοίοοιια
916 1377 1074 1433 inAnnal.
1097 1375 1264 1432 vindobon.
1314 1393 1382 1436 nem
1394 1377 1595 1449 Theophili
1610 1377 1900 1450 dnneuppaauit:1
1916 1377 2234 1450 nocetapuidem

351 1475 417 1524 tom.
441 1465 629 1522 hxxxvli.
652 1479 678 1534 p.
698 1461 750 1516 91.
772 1463 857 1518 dixit.
1314 1469 1397 1538 aunt,
1420 1477 1499 1536 qnae
1517 1464 1677 1535 oetaeruer,
1701 1465 1779 1520 cetui
1800 1463 1898 1532 cestio,
1921 1477 2041 1536 aurem,
2066 1465 2235 1533 arpentum,

435 1553 467 1606 P.
490 1546 559 1603 111.
580 1547 632 1604 lln.
652 1546 679 1600 1.
695 1577 734 1588 -·
749 1564 777 1618 p.
800 1543 870 1600 159.
892 1546 944 1601 lin.
966 1544 1015 1599 13.
1059 1546 1091 1600 ln
1115 1545 1173 1600 hae
1195 1545 1261 1600 tra-
1316 1549 1384 1604 libri
1405 1553 1435 1604 et
1456 1549 1557 1620 siquid
1584 1550 1729 1616 eiusmodi
1755 1554 1814 1605 eat:
1842 1548 1991 1604 ν’ίίοία
2025 1554 2125 1604 autem
2157 1545 2232 1602 ani-

350 1641 535 1710 gmentorum
557 1631 732 1688 collectione
754 1631 925 1687 adornanda
952 1646 999 1685 me
1027 1631 1101 1686 satis
1133 1629 1261 1685 feliciter
1311 1638 1404 1706 ιιιαία,
1428 1635 1509 1689 vetut
1529 1635 1589 1701 tias,
1610 1647 1717 1706 equus,
1740 1635 1925 1703 mancipium
1940 1638 1969 1688 et
1992 1634 2055 1688 atio
2075 1631 2233 1688 eiusmodi.

351 1725 500 1776 versatum
523 1734 607 1788 esse,
637 1717 687 1786 qui
710 1731 786 1771 urias
810 1717 865 1772 hac
887 1715 922 1770 de
944 1729 977 1770 re
998 1713 1131 1771 iudicare
1155 1719 1260 1786 potest,
1313 1721 1396 1776 llaec
1418 1733 1456 1773 ex
1478 1717 1588 1775 Codice
1615 1717 1777 1774 Parisiensi
1811 1717 1926 1774 Graeco
1949 1716 2040 1771 1351.
2074 1718 2230 1772 Fahrotus:

351 1804 554 1862 Zachariaeus
589 1801 691 1857 Annal.
724 1801 889 1856 vindobon.
918 1806 986 1855 tom.
1017 1801 1203 1857 LXXXVII.
1234 1816 1261 1870 p.
1313 1817 1390 1872 quae
1414 1802 1522 1858 exinde
1535 1802 1613 1858 inter
1636 1803 1803 1874 fragmenta
1815 1799 2146 1873 ‘'l'heophilialieiteio
2168 1801 2237 1856 col-

349 1886 400 1948 95.
432 1892 557 1944 testatus
590 1890 652 1956 cst,
694 1890 796 1954 utpote
830 1901 894 1939 eum
930 1885 1078 1957 genuinos
1114 1883 1262 1940 Theodori
1313 1888 1393 1943 lecta
1412 1888 1443 1942 in
1457 1886 1597 1942 editionis
1619 1887 1834 1957 nicopolitano
1848 1890 1919 1944 tom.
1933 1889 1970 1945 11,
1987 1904 2012 1958 p.
2030 1884 2102 1942 titt.
2118 1891 2242 1956 recepta

351 1975 451 2045 locos,
480 1973 530 2043 qul
556 1971 587 2026 in
610 1970 694 2025 libris
716 1971 791 2026 iuris
815 1969 974 2026 orientalis
997 1970 1077 2040 typis
1108 1969 1262 2039 expressis
1314 1977 1391 2026 sunt.
1433 1973 1533 2042 Atque
1555 1973 1645 2027 etiem
1667 1971 1769 2028 Codex
1790 1963 1992 2028 coislinianus
2016 1969 2086 2026 151.
2109 1973 2148 2027 ad
2172 1970 2236 2024 Βα-

350 2060 505 2130 habentur,
519 2057 584 2112 iere
599 2069 702 2112 omnes
716 2055 747 2110 in
766 2056 821 2110 hoc
834 2054 933 2128 legum
950 2069 1073 2124 corpore
1090 2054 1263 2124 receperim,
1314 2056 1465 2112 silicorum
1488 2055 1541 2111 1.1.
1565 2056 1595 2111 in
1619 2057 1755 2131 margine
1777 2057 1853 2112 haec
1875 2057 1965 2112 hahet
1989 2056 2141 2127 apposita:
2172 2052 2239 2114 ι’σθι

351 2159 406 2202 nec
428 2142 486 2198 nisi
508 2155 628 2212 perraro
652 2141 762 2196 iactum
786 2140 842 2212 sit,
865 2147 916 2208 ut,
940 2153 1015 2209 quae
1032 2138 1181 2195 'l'heodori
1204 2153 1263 2193 non
1315 2132 1421 2212 oiim
1443 2135 1459 2198 ὁ
1485 2134 1689 2210 φιλόξενος
1731 2143 1882 2218 παρέθετο
1910 2143 1939 2199 ἐι
1960 2144 1994 2216 «ᾗ
2024 2145 2113 2218 ,pape
2141 2133 2237 2218 5ng

350 2231 428 2294 suni,
451 2241 502 2297 pro
525 2224 674 2282 Theodori
696 2225 796 2280 verbis
820 2223 981 2281 habuerim.
1004 2225 1097 2291 Quam
1121 2237 1177 2296 ego
1201 2237 1263 2278 retii
1316 2246 1360 2284 σιν
1381 2220 1502 2303 ἔχουσαν
1523 2217 1628 2294 οὕτως·
1657 2217 1703 2284 ὅτι
1724 2225 1835 2304 ἰνβέκτα
1863 2225 1924 2284 ἐστὶ
1951 2220 1988 2284 τὰ
2015 2219 2238 2302 βασταζόμενον,

350 2312 469 2370 etmihi
490 2310 636 2367 maximae
658 2309 739 2366 laudi
758 2325 826 2364 esse
848 2308 996 2382 intelligo,
1016 2309 1058 2363 ita
1095 2314 1197 2364 contra
1219 2323 1264 2380 ea,
1316 2303 1374 2368 olon
1395 2307 1491 2387 βιβλία
1512 2309 1558 2367 καί
1580 2303 1617 2368 τὰ
1641 2301 1745 2386 ὅμοια·
1776 2303 1877 2369 tvaim
1905 2305 1934 2368 di
1956 2304 1993 2368 τὰ
2013 2305 2149 2387 ἔμψυχα,
2177 2303 2237 2368 οἷον

350 2401 382 2454 ui
403 2411 474 2452 vera
497 2395 583 2452 taleis
605 2395 752 2466 permixta
773 2394 894 2450 criticae
919 2395 992 2448 artis
1015 2397 1104 2462 atque
1127 2391 1265 2463 discipli·
1318 2391 1400 2453 ἵπποι
1421 2393 1467 2451 eal
1489 2387 1526 2452 αιὶ
1550 2383 1625 2452 ἄλλα
1734 2396 1817 2452 Scito
1838 2400 1940 2451 nutem
1969 2395 2236 2451 Philoxenum

350 2497 405 2538 nae
434 2496 489 2552 ope
524 2485 554 2536 et
582 2480 693 2536 auxilio
722 2479 944 2554 discernamus,
973 2478 1085 2550 integri
1114 2478 1212 2549 aperis
1242 2491 1261 2531 a
1313 2483 1346 2535 in
1374 2480 1499 2535 Novella
1525 2479 1697 2535 huiuamodi
1731 2482 2007 2552 interpretationem
2041 2483 2236 2551 apparuisse:

348 2565 504 2626 Theodoro
527 2565 682 2634 compositi
704 2563 794 2620 editio
817 2561 997 2633 expectanda
1022 2563 1087 2616 erit.
1312 2566 1365 2620 in
1386 2580 1404 2620 c
1427 2579 1443 2619 e
1465 2579 1482 2620 a
1503 2569 1515 2620 t
1537 2580 1557 2620 α
1591 2571 1681 2639 sunt,
1716 2579 1794 2636 quae
1830 2565 1998 2640 cenentur,
2036 2571 2073 2622 ut
2110 2566 2178 2623 libri
2206 2571 2235 2622 et

433 2653 466 2708 P.
487 2648 557 2703 1611.
579 2649 630 2706 lio.
651 2647 681 2703 1.
726 2651 823 2719 Ηαοο,
851 2662 927 2718 quae
948 2651 1126 2717 sequuntur,
1155 2645 1261 2701 Philo·
1313 2663 1392 2721 quae
1418 2650 1527 2706 simitia
1555 2653 1646 2722 sunt;
1675 2650 1793 2706 ittet
1808 2665 1828 2705 ο
1859 2653 1961 2706 autem
1991 2652 2143 2726 animato,
2178 2666 2233 2705 re-

347 2735 419 2793 xeni
445 2737 614 2808 fragmenta
646 2749 684 2790 ex
714 2733 833 2806 integro
867 2732 902 2787 de
931 2731 1090 2787 Iustiniani
1124 2730 1261 2786 Novellis
1313 2736 1369 2789 tuti
1398 2736 1466 2806 equi
1488 2739 1516 2790 et
1538 2739 1645 2790 cetero.
1697 2737 1798 2806 Atque
1825 2736 2046 2809 mechanicus,
2077 2735 2128 2806 qui
2153 2734 2225 2791 eii·

348 2819 610 2878 constitutionibus
641 2818 848 2874 commentario
882 2817 987 2872 hausta
1018 2831 1101 2886 esse,
1130 2819 1161 2870 et
1196 2818 1262 2870 za·-
1312 2819 1417 2896 toeeni
1448 2817 1552 2875 librum
1592 2819 1736 2890 epitomas
1779 2819 1928 2876 Theodori
1968 2821 2139 2877 simillimas
2174 2821 2226 2876 ha·-

348 2905 508 2962 charieeus
529 2905 559 2959 in
586 2903 697 2960 Annal.
722 2903 849 2958 vindob.
871 2907 939 2957 tom.
953 2901 1140 2958 LXXXVII.
1161 2917 1188 2970 p.
1209 2897 1260 2957 96.
1312 2903 1415 2960 baisse
1459 2907 1561 2974 putat,
1604 2905 1675 2976 hac,
1725 2919 1811 2976 quem
1845 2905 1946 2962 ultimo
1976 2905 2042 2964 loco
2071 2908 2233 2979 posuimus,

348 2997 452 3047 auctor
481 2993 535 3045 est.
578 2988 659 3044 idem
690 2989 735 3043 vir
766 2986 1039 3058 praestantissimus
1069 2985 1126 3041 dno
1156 2983 1261 3040 Philo·
1311 2988 1378 3044 loco
1429 2985 1625 3068 παραγραφάς
1670 2986 1827 3045 Philoxeni
1878 2990 2031 3066 designari
2075 2992 2234 3048 existima-

348 3075 419 3132 xeni
446 3075 633 3148 fragmenta,
664 3088 738 3143 quoe
766 3071 803 3126 ad
834 3071 957 3127 eundem
993 3071 1099 3126 librom
1126 3069 1261 3125 revocari
1310 3073 1363 3128 vit.
1409 3073 1462 3129 Sic
1490 3075 1581 3129 enim:
1616 3075 1763 3150 παρέθετο
1786 3077 1814 3133 ἐν
1835 3084 1898 3144 ταῖς
1926 3085 2042 3154 νεαραῖς
2069 3077 2118 3132 vel
2147 3083 2236 3153 napi·

349 3165 468 3234 queant,
490 3158 613 3232 addidit,
635 3174 653 3213 a
674 3173 736 3229 me,
766 3172 832 3213 cum
860 3155 985 3228 primum
1005 3147 1181 3214 Ἀνοκϋότων
1203 3169 1261 3210 vo-
1312 3163 1385 3217 θοτο
1411 3159 1439 3215 ἐν
1465 3161 1500 3234 τῇ
1521 3159 1621 3234 νοορᾷ.
1646 3159 1741 3228 Atqui
1770 3158 1826 3214 hae
1855 3159 2012 3218 Philoxeni
2042 3167 2129 3218 notae
2165 3179 2235 3220 cu·

348 3245 446 3301 lumen
475 3243 609 3313 ederem,
653 3242 754 3298 nescio
789 3257 846 3312 quo
882 3256 955 3296 casu
988 3239 1136 3312 neglecta.
1186 3241 1262 3296 Sunt
1310 3242 1505 3300 Novellarum
1532 3242 1670 3314 epitomis
1692 3257 1750 3298 uno
1773 3247 1915 3300 contextu
1936 3247 2111 3304 coniunctae
2132 3249 2236 3305 husae

349 3335 447 3386 autem
474 3329 562 3384 haec:
593 3328 784 3382 Basilicarum
813 3327 862 3384 lib.
891 3323 940 3380 21.
968 3325 1015 3380 tit.
1038 3323 1067 3383 1.
1094 3325 1182 3380 them.
1211 3319 1261 3379 td.
1312 3327 1452 3383 videatur
1487 3341 1522 3382 eo
1553 3327 1654 3400 modo,
1693 3343 1750 3399 quo
1785 3328 1863 3400 apud
1896 3330 2095 3388 Athanasium
2127 3333 2175 3389 tit.
2203 3334 2237 3389 9.

350 3414 394 3470 ed.
416 3413 538 3470 Fabroti
555 3417 625 3470 tom.
647 3411 685 3470 11.
701 3429 727 3482 p.
749 3409 820 3468 986.
843 3410 937 3467 schol.
956 3411 997 3480 le,
1020 3408 1064 3464 ed.
1086 3409 1261 3465 ileimbachi
1313 3415 1407 3468 const.
1431 3409 1458 3466 1.
1481 3428 1509 3483 p.
1531 3409 1584 3470 98.
1607 3413 1718 3470 1οοίυιο
1741 3427 1809 3469 esse
1831 3413 1976 3470 videmus.

349 3505 417 3555 tom.
437 3499 476 3554 11.
500 3515 526 3570 p.
549 3494 620 3553 111.
644 3491 862 3566 φιλοξένου.
881 3490 915 3555 Ὁ
935 3487 1063 3572 ἐκλαβών
1084 3487 1136 3563 τὰς
1152 3513 1260 3571 μαρτυ-
1397 3498 1430 3554 Ρ.
1454 3493 1525 3551 171.
1552 3495 1588 3552 ad
1614 3511 1682 3571 pag.
1710 3495 1781 3552 101.
1811 3497 1861 3553 lin.
1891 3496 1940 3553 1⁸.
1983 3501 2067 3567 Quod
2089 3503 2236 3559 'l'heodo-

349 3583 414 3662 ρίας
431 3575 744 3658 καὶκαιασκεψάμενος
759 3573 812 3649 τὰς
830 3581 881 3638 τοῦ
900 3575 1041 3638 ἀντιδίκου
1055 3570 1260 3658 παραγραφάς,
1314 3595 1377 3637 rum
1400 3580 1612 3637 scholasticum
1638 3582 1733 3638 misse
1756 3582 1937 3639 conieeimus
1969 3583 2000 3640 id
2022 3601 2101 3642 nunc
2120 3602 2159 3643 ex
2174 3589 2240 3646 Co-

349 3659 415 3728 οίοο
436 3659 496 3726 ἀπὸ
519 3665 665 3744 βασιλικῆς
686 3661 862 3743 ἀντιγραφῆς
885 3658 924 3722 ἔτι
947 3657 1065 3722 δύναται
1085 3672 1263 3740 παραγαγεῖν
1315 3665 1382 3722 dice
1412 3666 1564 3722 Maximae
1586 3667 1702 3724 laurae
1731 3668 1903 3724 conllrmare
1926 3668 2038 3726 licebit.
2064 3672 2119 3728 Sic
2140 3673 2236 3730 enim:

348 3746 507 3830 μάρτυρας.
551 3751 780 3806 Philemoni.
825 3749 884 3818 Qui
905 3750 1025 3820 emrepit
1045 3751 1214 3804 testimonia
1236 3752 1265 3804 et
1320 3743 1474 3826 Θεοδώρου
1508 3751 1699 3830 malacitani
1737 3747 1866 3828 Θηβαίου
1893 3747 2109 3830 Ἑρμοπολίιου.
2155 3757 2236 3814 vide

349 3837 517 3894 adversarii
539 3839 733 3907 exceptiones
754 3835 898 3905 inspecti,
920 3847 1080 3926 nequeRem
1099 3833 1265 3904 principati
1315 3835 1494 3893 zachariaei
1516 3835 1592 3893 iuris
1608 3836 1871 3894 Graeco-Romani
1890 3837 2120 3898 delineationem
2143 3840 2236 3914 919.

349 3922 497 3993 rescripta
525 3925 614 3978 testea
641 3920 741 3976 adhuc
767 3920 935 3991 producere
960 3923 1068 3989 potest.
1110 3921 1168 3974 list
1189 3918 1264 3976 Νον,
1318 3937 1346 3992 p.
1370 3918 1419 3976 19.

350 4005 401 4062 11).
424 4021 449 4063 ο.
467 4002 497 4060 1.
519 4006 623 4075 Alter,
645 4019 731 4078 quem
751 4003 1013 4077 praetermiseram,
1034 4002 1196 4061 Phitoeeni
1217 4002 1266 4059 lo-

1089 4137 1100 4156 '
1176 4132 1314 4203 Tam.
1341 4134 1405 4202 11.

434 4259 467 4314 Ρ.
488 4259 525 4314 11.
549 4257 601 4312 lin.
623 4255 652 4311 8.
695 4257 787 4324 Quem
809 4254 925 4312 edimus
955 4255 1106 4312 titulorum
1134 4255 1263 4312 indicem
1315 4256 1366 4328 qui
1393 4255 1535 4329 deinceps
1564 4256 1728 4326 habentur,
1764 4257 1914 4316 titulorum
1945 4263 2059 4319 numeri
2087 4263 2131 4320 ita
2161 4275 2238 4324 sont

351 4343 398 4399 vis
421 4347 468 4400 est
487 4342 647 4398 manifesto
675 4347 867 4415 argumento,
899 4341 981 4412 eius,
1002 4355 1078 4410 quae
1100 4341 1131 4396 in
1154 4341 1264 4398 Codice
1315 4342 1486 4414 comparati,
1507 4342 1593 4413 quasi
1617 4343 1690 4398 nihil
1710 4342 1739 4397 in
1763 4344 1858 4398 media
1880 4360 1912 4401 re
1934 4348 2110 4405 excidisset.
2135 4350 2238 4409 liius-

353 4429 496 4485 Perusino
537 4427 677 4498 habetur,
713 4431 851 4482 sominae
890 4431 1060 4481 contextum
1096 4425 1265 4499 aliquanda,
1315 4427 1382 4482 dem
1410 4426 1525 4483 tarinae
1554 4430 1615 4498 est,
1652 4426 1728 4498 quod
1757 4427 1808 4484 lib.
1831 4429 1853 4484 1.
1876 4429 1994 4490 11131.
2024 4435 2173 4492 rubricam
2198 4440 2237 4492 ate

350 4527 436 4584 quam
474 4527 552 4569 nunc
587 4511 727 4581 habetur,
772 4511 869 4566 tuisse
910 4510 1084 4566 uberiorem.
1133 4509 1199 4576 Qua
1227 4511 1265 4567 de
1315 4507 1416 4584 afficio
1437 4511 1552 4568 comitia
1572 4525 1732 4568 samaram
1751 4512 1780 4568 in
1796 4519 1936 4570 contextu
1959 4517 2058 4588 operis
2080 4521 2235 4578 excidisse

351 4611 383 4654 re
404 4597 489 4671 satis,
512 4603 545 4652 ut
558 4597 674 4670 opinor,
696 4596 855 4666 constabit,
876 4594 903 4649 si
917 4595 1019 4651 titulos
1033 4595 1086 4651 illo
1107 4594 1173 4652 laco
1195 4595 1265 4652 lau·
1315 4594 1493 4666 invenimus,
1515 4611 1592 4668 quae
1621 4599 1718 4653 mmen
1741 4601 1770 4652 et
1792 4595 1823 4652 in
1846 4598 1996 4658 titulorum
2024 4603 2167 4677 indicep.
2189 4607 2229 4666 11.

351 4681 437 4739 datos
460 4697 525 4738 cum
539 4681 595 4751 his,
617 4679 714 4753 quiin
732 4680 986 4757 operiscontextu
1009 4680 1164 4754 habentur,
1187 4694 1263 4737 con-
1315 4684 1345 4736 et
1366 4680 1398 4736 in
1419 4681 1579 4737 Iustiniani
1601 4680 1721 4739 Codicis
1744 4685 1884 4740 contextu
1907 4683 2042 4744 habetur.
2065 4691 2164 4760 Atque
2185 4691 2227 4758 hi,

352 4768 431 4824 terre
453 4767 539 4822 velis.
582 4766 634 4822 Sic
662 4781 689 4836 p.
718 4763 747 4825 8.
774 4764 842 4821 libri
871 4763 956 4834 primi
991 4765 1107 4820 titulum
1144 4764 1263 4839 vigesi-
1314 4763 1364 4836 qul
1385 4763 1417 4821 ia
1439 4766 1539 4836 operis
1561 4770 1704 4823 contextu
1725 4767 1877 4838 postmodo
1897 4769 2055 4847 hahentur,
2077 4774 2224 4832 titulorum

350 4867 427 4910 mom
450 4851 612 4908 secundum
641 4851 668 4904 si
695 4855 802 4907 eontra
831 4851 879 4904 ins
907 4849 1102 4906 utilitatemve
1129 4851 1177 4905 oet
1204 4863 1260 4922 per
1314 4849 1427 4906 numeri
1455 4865 1514 4908 uno
1543 4851 1641 4907 minus
1674 4858 1895 4926 computantur,
1939 4870 2016 4926 qnae
2053 4873 2102 4914 res
2132 4860 2229 4916 mani-

350 4938 541 4994 mendenen
564 4933 662 5006 suerit
682 4935 756 5007 quid
778 4933 963 5007 postulatum
985 4949 1019 4988 ce
1040 4935 1263 5005 interpellatum
1313 4935 1391 4989 testo
1414 4937 1460 4989 est
1476 4939 1662 5008 argumento,
1685 4935 1762 4993 hanc
1777 4936 1912 4995 lacunam
1934 4939 2003 4996 data
2024 4957 2116 5014 opera
2137 4960 2233 5016 prae-

352 5020 518 5096 vigesimus
547 5020 652 5076 tertios
674 5023 711 5074 de
731 5022 839 5076 statuis
859 5023 889 5074 et
910 5019 1090 5090 imopinidus
1118 5017 1261 5088 sequitur,
1312 5018 1479 5074 termissam
1502 5034 1571 5076 esse
1598 5019 1725 5092 ideoque
1747 5035 1858 5095 earum,
1880 5024 1931 5095 qui
1951 5031 2129 5101 sequnntur,
2152 5029 2234 5086 titu-

353 5121 439 5178 quum
463 5111 560 5162 tamen
587 5109 647 5160 tem
670 5103 700 5159 in
722 5103 940 5174 exemplaribus
962 5101 1120 5158 iustiniani
1143 5101 1264 5158 Codicis
1313 5102 1408 5159 lorum
1432 5119 1569 5162 numeros
1591 5104 1628 5162 ad
1650 5105 1834 5178 superiorum
1856 5107 1965 5166 seriem
1987 5111 2165 5170 immutatos
2188 5145 2234 5158 -

352 5206 440 5247 manu
462 5189 610 5261 exaratis,
641 5204 727 5259 quam
749 5189 779 5244 in
801 5189 872 5260 illo,
895 5200 980 5260 quem
1003 5185 1141 5258 diximus,
1163 5187 1263 5244 indice
1315 5188 1426 5245 Contra
1448 5203 1484 5246 ea
1505 5193 1603 5246 tamen
1631 5191 1742 5247 tactum
1771 5195 1819 5247 est
1846 5192 2019 5270 aliquando,
2048 5201 2094 5272 ut,
2124 5199 2177 5269 qul
2200 5202 2234 5256 in

351 5275 468 5345 utrique
494 5275 579 5332 titulo
610 5273 686 5328 alius
713 5273 817 5330 titulus
846 5273 932 5343 isque
961 5275 1042 5328 certo
1069 5286 1189 5328 numero
1212 5272 1262 5328 in·
1314 5273 1412 5344 opteri·
1440 5279 1582 5332 contextu
1613 5274 1758 5334 hahentur
1786 5275 1882 5350 tituli,
1912 5277 2000 5338 iidem
2023 5282 2236 5342 intitularem

352 5358 481 5430 scriptos
504 5360 654 5417 habeatur.
677 5359 728 5415 Sic
749 5358 827 5414 enim
849 5357 938 5412 index
961 5373 988 5427 p.
1001 5357 1058 5413 11.=
1081 5349 1205 5416 XXI..
1226 5357 1263 5413 Si
1313 5357 1413 5416 indice
1443 5359 1546 5416 omissi
1572 5360 1640 5417 sint.
1683 5361 1742 5434 lta,
1771 5361 1822 5432 qul
1843 5378 1872 5434 p.
1894 5360 1944 5421 15.
1972 5365 2022 5426 lib.
2044 5365 2084 5424 11.
2105 5367 2151 5425 tit.
2175 5367 2231 5430 18.

352 5447 523 5501 contrarius
549 5445 742 5500 utilitatemve
761 5443 913 5516 publicam
931 5443 978 5497 cel
996 5455 1052 5513 per
1073 5443 1262 5499 mendacium
1312 5443 1439 5500 habetur
1454 5444 1576 5502 titulos:
1599 5445 1636 5502 Si
1649 5447 1793 5502 adceraua
1814 5447 2009 5508 vinditianam
2028 5453 2182 5531 phaceia,
2198 5455 2232 5510 1ο

349 5525 447 5600 feerit
471 5531 511 5603 qa
533 5529 720 5600 postulatum
747 5529 794 5584 eet
825 5530 1014 5600 imperatum.
1045 5525 1169 5584 ΧΧΠ.
1212 5528 1261 5583 De
1312 5526 1462 5585 titulorum
1477 5529 1577 5586 indice
1590 5547 1617 5603 p.
1635 5531 1689 5587 111.
1711 5531 1839 5588 omissus
1852 5531 1939 5602 piam
1952 5537 2063 5608 estut,
2077 5537 2232 5610 quidele-

353 5607 488 5673 dioereas
535 5615 689 5685 rescriptis
737 5617 766 5670 et
806 5611 1002 5684 prapmnticis
1046 5613 1260 5668 narrationibus.
1311 5627 1382 5684 ceps
1414 5613 1560 5670 hahentur
1588 5615 1737 5672 titulorum
1769 5618 1894 5692 numeri,
1917 5619 1953 5675 ad
1977 5619 2054 5678 hanc
2076 5636 2140 5680 rem
2159 5621 2232 5680 mta

352 5697 445 5756 XXI
453 5695 501 5753 11.
523 5697 570 5755 De
597 5699 706 5755 statuis
732 5703 762 5754 et
788 5699 974 5770 imapinitme.
1018 5696 1109 5764 Quam
1140 5695 1259 5767 quidem
1311 5711 1401 5769 opera
1430 5697 1589 5755 videantur
1618 5715 1686 5756 esse
1713 5700 1867 5757 immutati.
1915 5705 2016 5778 Atque
2047 5707 2115 5779 hie,
2141 5723 2233 5780 quem

297 5780 299 5786 ’
351 5783 488 5841 lacunam
521 5780 552 5838 iu
581 5785 679 5854 operis
714 5787 884 5839 contextum
917 5781 986 5837 data
1013 5795 1103 5852 opera
1136 5781 1257 5838 inlatam
1308 5781 1447 5856 diximus,
1468 5783 1574 5840 titulus
1596 5785 1685 5842 etiem
1702 5783 1734 5843 ln
1755 5785 1913 5846 ltmtinianl
1931 5790 2051 5849 Codicis
2073 5793 2234 5868 exempla-

352 5883 429 5940 esse,
450 5865 525 5925 illud
548 5867 595 5924 vel
616 5869 743 5926 maxime
765 5871 940 5942 argumento
962 5871 1018 5939 est,
1040 5864 1118 5938 quod
1140 5865 1256 5943 horam,
1308 5866 1391 5924 ribus
1412 5867 1545 5926 habetur.
