4864 7070
990 531 1361 637 carnum(
1639 594 1644 604 ·
1979 553 2313 637 xm’·
2425 605 2426 634 ι

195 753 288 824 545.
314 755 399 823 inter
420 743 626 842 quintamque
648 757 684 818 et
703 757 833 820 sexam
855 754 993 840 spatium
1019 752 1096 820 tall
1118 749 1499 820 annorumintcrmissam
1517 767 1596 816 esse
1615 745 1811 836 perhibetur.
1855 749 1954 837 Anni,
1974 768 2058 838 quon

193 857 379 945 retulimus,
408 857 438 922 si
460 855 503 922 ad
523 854 759 939 Dionysianam
781 873 885 920 annos
907 863 984 940 post
1014 855 1178 922 Christum
1199 862 1308 920 natum
1329 850 1534 938 computandi
1554 850 1710 916 rationem
1732 851 1867 933 exigere
1888 853 1982 929 velis,
2003 854 2057 920 in-
2159 840 2165 856 '

169 959 304 1026 .cideut
323 959 358 1022 in
377 975 496 1030 annum
515 977 547 1042 p.
572 951 648 1022 Chr.
673 973 705 1018 n.
727 950 818 1019 553.
862 956 948 1022 Vide
967 957 1098 1024 Arriani
1115 947 1891 1040 Puqicriticaminllaroniumtomdl.plidi.
1935 952 2056 1020 Verum
2120 1032 2126 1044 Ι

193 1061 292 1126 etiam
314 1058 377 1124 alio
399 1057 492 1124 moda
513 1056 616 1124 nostri
638 1053 868 1120 nomocononis
888 1062 983 1124 aetas
1004 1057 1134 1126 videbar
1149 1072 1250 1141 posse
1272 1055 1355 1120 satis
1372 1059 1462 1120 certa
1481 1051 1706 1118 demonstrari.
1747 1053 1834 1117 Nam
1855 1053 1886 1118 si
1906 1053 1951 1139 id,
1972 1053 2057 1139 quod
2126 1107 2143 1139 ,

193 1158 232 1224 τὸ
252 1163 398 1239 κειμενον
416 1177 601 1244 nuncupare
621 1155 785 1230 solemus,
806 1155 962 1246 honest,
982 1159 1089 1243 legum
1110 1155 1251 1222 civilium
1271 1152 1313 1218 ad
1335 1151 1575 1238 unumquodque
1598 1155 1826 1220 namocanonis
1848 1159 1945 1238 caput
1963 1154 2058 1220 adie-

195 1259 345 1346 ctiones,
374 1258 415 1324 ab
438 1258 552 1324 eodem
572 1258 733 1342 scriptore
761 1257 926 1341 prolectas
954 1277 1034 1326 esse
1060 1258 1266 1324 arbitremur,
1298 1271 1369 1318 cum
1390 1254 1474 1318 satis
1503 1257 1632 1320 constet
1651 1252 1835 1319 Athanasii
1855 1252 2059 1328 Scholastica·

192 1361 236 1424 de
255 1357 410 1424 Νουιλίίε
431 1357 612 1424 landuloni
640 1356 827 1442 Ιιιιίίιιίιγιιο
853 1355 974 1424 libratur
995 1359 1038 1426 ad
1070 1377 1122 1424 em
1153 1375 1243 1422 ream
1263 1370 1366 1438 saepe
1386 1352 1579 1438 multumque
1599 1371 1677 1419 esse
1698 1353 1889 1442 adhibitum,
1917 1356 2057 1424 dubitari

190 1480 258 1526 non
279 1461 411 1547 poterit,
430 1459 507 1546 quin
529 1460 584 1526 ille
604 1459 677 1544 ipse
699 1476 897 1524 nomocanon
917 1465 993 1545 poet
1013 1459 1196 1526 Alloonuoii
1217 1463 1365 1539 tempora
1387 1453 1554 1518 conlectus
1575 1455 1620 1518 sit
1641 1459 1740 1539 atque
1761 1457 1962 1542 compilatus

319 1561 383 1628 ldis
403 1561 495 1648 quasi
507 1558 672 1628 cuiusdam
691 1557 888 1625 fundamenti
908 1559 978 1626 loco
998 1559 1132 1647 positis,
1150 1555 1336 1638 videamus,
1357 1553 1428 1638 quis
1452 1553 1497 1618 sit
1516 1555 1575 1618 τοῦ
1596 1561 1740 1636 κειμένου
1760 1550 1898 1624 auctor?
1927 1557 1967 1622 τὸ
1990 1563 2055 1624 κεί-

190 1686 288 1744 μενον
322 1670 430 1730 autern
458 1681 502 1728 ex
527 1659 621 1728 codd.
648 1680 726 1726 mss.
753 1666 789 1726 et
816 1658 980 1727 Theodori
1006 1657 1212 1726 Balsamouis
1239 1653 1437 1722 auctoritate
1466 1653 1550 1720 hanc
1577 1654 1649 1720 dico
1669 1660 1897 1726 nomocanonis
1917 1666 2056 1746 partem,

191 1783 277 1849 quae
296 1781 340 1828 cx
368 1763 492 1846 legibus
528 1762 677 1827 civilibus
711 1759 754 1826 ad
780 1759 908 1844 siogrda
935 1779 1081 1847 quaeque
1108 1754 1340 1826 nomocananis
1367 1753 1476 1838 capita
1501 1753 1640 1820 adiectis
1668 1763 1805 1824 censat.
1848 1761 1901 1826 Ae
1930 1769 2057 1847 partam

192 1864 322 1950 quidem
343 1881 453 1930 earum
475 1863 581 1947 legum
594 1863 634 1926 ab
647 1861 779 1946 aanao
801 1861 865 1926 isto
887 1861 1115 1938 nomocananis
1136 1859 1295 1944 scriptore
1317 1854 1477 1922 adiectam
1498 1871 1576 1920 csse
1598 1857 1683 1921 satis
1702 1865 1831 1924 constat
1854 1880 1896 1926 ex
1917 1862 1969 1928 his
1988 1864 2057 1948 pri·

192 1982 266 2032 mae
284 1962 633 2050 praelationisverbis:
665 1967 755 2026 είιιου
781 1961 815 2026 δὲ
832 1958 966 2044 χρειώδη
990 1960 1067 2048 πρὸς
1094 1959 1154 2036 τὰς
1172 1958 1328 2034 τοιαύτας
1349 1952 1544 2042 συγγραφὰς
1569 1952 1628 2033 τὴν
1660 1955 1825 2036 πολιτικὴν
1850 1964 2057 2044 νομοθεσίαν

192 2063 372 2152 ὑπείληφα,
392 2061 540 2141 ταύτης
559 2064 712 2148 βραχέα
732 2085 772 2126 τε
792 2064 861 2126 καὶ
881 2069 1187 2144 συντετμημένα
1208 2069 1298 2134 τοῖς
1319 2065 1534 2138 συγγενέσι
1555 2061 1802 2142 κεφαλαίοις
1825 2059 2057 2144 προσήρμο-

193 2190 250 2232 σα.
292 2167 440 2231 Alteram
469 2169 576 2230 autem
603 2164 662 2230 τοῦ
680 2168 824 2244 κειμένου
845 2167 972 2248 partem
991 2182 1013 2230 a
1033 2162 1155 2228 Phalio
1176 2161 1320 2228 additam
1341 2175 1418 2222 esse
1439 2157 1515 2224 mihi
1536 2157 1651 2224 videor
1672 2159 1824 2242 colligere
1845 2179 1889 2226 ex
1911 2163 2056 2230 secunda

194 2267 419 2354 praefatione,
440 2285 522 2352 quae
543 2266 577 2330 in
599 2263 813 2330 bibliothecae
834 2263 914 2330 iuris
935 2265 1080 2330 canonici
1101 2271 1175 2329 tom.
1199 2261 1244 2328 ll.
1268 2280 1299 2345 p.
1323 2253 1414 2324 792.
1438 2254 1527 2328 793.
1549 2259 1694 2326 habetarr.
1735 2259 1785 2324 lbi
1806 2258 1964 2350 Pholiroe,
1986 2282 2057 2329 cnm

194 2369 623 2453 antiquumuomocanouem
644 2365 686 2430 ad
708 2365 849 2450 quintam
870 2383 974 2451 nsque
995 2364 1153 2451 synodum
1175 2359 1371 2449 pertinuisse
1394 2357 1593 2438 tradidisset,
1615 2359 1691 2446 quid
1706 2359 1779 2446 ipse
1799 2360 1972 2450 addiderit,
1993 2384 2056 2429 ex-

193 2470 321 2555 posuit,
350 2469 449 2534 tertia
473 2466 646 2552 singularis
674 2467 798 2532 numeri
824 2483 964 2552 persona
991 2467 1025 2532 in
1051 2483 1092 2532 ea
1121 2483 1158 2531 rc
1178 2459 1391 2548 significanda
1411 2479 1500 2526 usos.
1542 2458 1673 2526 Deinde
1695 2461 1744 2526 sic
1765 2463 1887 2547 pergit=
1912 2467 1961 2528 ἐπὶ
1978 2467 2057 2529 uduo

191 2572 227 2634 δὲ
245 2571 303 2634 καὶ
323 2565 459 2648 νομικας
475 2590 565 2644 τινας
584 2564 689 2651 (λήσεις
717 2562 735 2632 ὁ
755 2567 813 2630 νῦν
834 2571 993 2652 εἰρημένος
1004 2567 1063 2632 τοι]
1076 2566 1203 2651 βιβλίου
1224 2557 1331 2650 τόνος,
1351 2561 1388 2625 αἲ
1408 2571 1477 2635 τοῖς
1497 2566 1595 2648 ἱεροῖς
1615 2584 1687 2646 σμφ
1702 2562 1884 2643 θέγγονται
1910 2563 2056 2653 κανόσιν,

192 2668 290 2735 οὐδὲ
319 2667 389 2747 τὴν
416 2664 573 2732 τούτων
596 2664 831 2754 παράθεσιν
861 2664 1084 2750 ἀτιμάσας,
1111 2675 1206 2742 ταῖς
1227 2663 1488 2747 ἰερολογίαις
1515 2659 1755 2740 συνέζευξεν.
1798 2661 1870 2730 lsla
1892 2663 1910 2730 ὁ
1931 2668 1988 2730 νῦν
2009 2673 2056 2730 εί-

190 2777 328 2852 ρημένσς
347 2771 408 2834 τοῦ
427 2768 556 2853 βιβλιόυ
578 2766 677 2844 ιιὸνος
698 2787 760 2855 quo
782 2767 953 2836 referenda
973 2772 1056 2856 sint,
1084 2767 1241 2832 hrcertum
1268 2781 1334 2828 non
1363 2768 1428 2828 est.
1470 2757 1550 2828 Cum
1571 2761 1656 2828 enim
1676 2760 1818 2828 Pholina
1839 2772 1874 2830 et
1893 2765 1928 2831 in
1954 2785 2057 2854 supc-

191 2869 335 2936 rioribus
355 2867 396 2936 de
414 2888 473 2935 sna
486 2869 589 2955 ipsius
610 2870 720 2936 labare
741 2870 866 2936 locotus
887 2869 948 2953 sit,
968 2886 1102 2953 cumque
1123 2871 1267 2952 postea,
1288 2881 1370 2949 quae
1382 2882 1483 2949 supra
1500 2863 1677 2951 retulimus,
1697 2864 1833 2931 eundem
1856 2865 2057 2933 demonstret

190 2966 337 3060 (mnam
349 2971 443 3050 enim,
464 2989 526 3055 quo
541 2969 593 3034 hic
605 2971 687 3036 liber
698 2970 862 3037 conlectus
874 2969 928 3061 sit,
943 2963 1157 3058 declaravit),
1178 2985 1248 3032 cum
1260 2963 1397 3050 denique
1409 2966 1475 3030 ista
1495 2964 1597 3032 verba
1617 2961 1713 3029 ὁνῖιν
1732 2969 1893 3047 εἰρημένος
1913 2967 1955 3034 ad
1977 2987 2061 3053 pro·

191 3073 317 3137 nimum
336 3070 474 3156 quidque
499 3070 672 3138 reserenda
686 3089 764 3136 esse
785 3089 827 3136 ex
848 3070 973 3155 legibus
994 3069 1123 3152 linguae
1145 3065 1294 3132 Graecae
1314 3065 1398 3130 satis
1419 3070 1557 3152 constet,
1577 3084 1642 3132 nun
1663 3063 1901 3132 deliberandum
1923 3087 2054 3148 censeo,
2103 3101 2109 3112 ·

191 3171 465 3238 rerumrerum
491 3163 553 3238 hac
575 3191 612 3238 re
634 3173 683 3238 sic
709 3171 937 3248 iudicandump
966 3175 1002 3234 ut
1028 3167 1183 3234 Pbutium
1204 3166 1246 3232 ad
1269 3185 1343 3254 eas,
1371 3185 1453 3252 quas
1480 3166 1632 3251 antiquus
1660 3169 1887 3234 nomocononis
1915 3170 2056 3254 scriptor
2177 3226 2185 3248 ς

192 3273 516 3358 witegissealeges
537 3273 651 3339 civiles
682 3275 780 3340 etiam
808 3271 849 3338 de
871 3290 930 3338 suo
951 3268 1110 3356 quaedam
1136 3267 1300 3334 adiecisse
1319 3267 1519 3334 arbitremur.
2143 3277 2147 3287 ·

328 3374 475 3440 Transeo
503 3374 546 3440 ad
567 3374 712 3459 singulos
740 3373 820 3439 iuris
841 3371 948 3438 civilis
970 3371 1094 3455 scalea,
1122 3369 1299 3454 exquibus
1327 3367 1555 3435 nomooanouis
1575 3367 1763 3453 compilator
1784 3387 1844 3434 aaa
1872 3370 2056 3452 deduxerit,

194 3473 424 3562 quodquidam
440 3473 482 3540 ad
503 3474 674 3540 Iustiniani
694 3474 854 3541 Novellas
875 3473 1029 3559 attineat,
1050 3475 1085 3536 et
1105 3469 1351 3553 investigandos
1373 3474 1423 3556 el,
1451 3467 1557 3553 quoad
1577 3469 1647 3533 eius
1674 3470 1744 3536 heri
1772 3469 1893 3556 possit,
1920 3491 2055 3540 enume-

192 3575 327 3642 randos.
371 3571 461 3654 Quae
488 3575 616 3660 quidem
643 3576 820 3663 disputatio
847 3573 912 3641 etsi
933 3573 1015 3638 duas
1035 3570 1134 3638 habet
1155 3575 1284 3656 partes,
1318 3569 1471 3650 alteram,
1504 3575 1540 3635 nt
1561 3569 1785 3657 dispiciamuS,
1818 3572 1932 3656 quales
1953 3573 2054 3640 libros

192 3674 392 3762 adhibuerit,
419 3674 555 3743 alteram
582 3682 617 3740 ut
650 3679 873 3762 acquiramus,
903 3671 1062 3760 ‚quomodo
1089 3672 1131 3738 iis
1160 3690 1240 3736 usus
1267 3670 1333 3758 uit,
1366 3676 1458 3736 recte
1484 3675 1590 3737 amen
1617 3671 1792 3760 ordineque
1819 3691 1871 3739 me
1899 3673 2056 3742 laetorum

193 3775 400 3862 existimavi,
427 3777 457 3842 si
477 3783 643 3863 utramque
673 3779 830 3842 rationem
851 3774 1044 3841 coniunctim
1064 3773 1237 3840 traderem.
1279 3769 1344 3836 Est
1365 3772 1451 3838 enim
1479 3772 1644 3858 utriusque
1670 3772 1720 3840 rei
1746 3779 1862 3840 natura
1883 3781 1948 3840 tam
1967 3777 2056 3842 inter

195 3897 236 3945 se
257 3877 426 3944 coniuncte
446 3884 481 3944 et
502 3877 731 3964 quodammodo
760 3881 914 3960 cognata,
942 3881 994 3962 ut,
1021 3875 1051 3940 si
1073 3873 1114 3940 de
1134 3873 1241 3940 altera
1260 3871 1461 3960 constiterit,
1489 3879 1524 3939 et
1551 3873 1593 3939 de
1619 3872 1724 3940 altera
1751 3879 1903 3940 constare
1926 3873 2055 3942 debeat.

194 3978 262 4060 Qui
288 3978 379 4044 locus
401 3980 466 4044 elsi
493 3979 556 4044 iam
583 3999 604 4046 a
631 3979 777 4046 Bienero
791 3973 827 4068 1)
857 3977 941 4043 satis
969 3975 1035 4041 late
1063 3979 1221 4042 tractatus
1252 3980 1319 4054 est,
1346 3971 1445 4040 habet
1473 3979 1581 4040 nmen
1609 3979 1644 4039 et
1670 3975 1720 4040 sic
1746 3993 1852 4041 novas
1873 3975 1999 4063 aliquas
2021 3983 2057 4044 ct

194 4079 361 4146 inauditas
382 4078 598 4146 difficultates.
640 4081 680 4144 ln
701 4099 763 4166 quc
784 4076 860 4144 illud
882 4075 1130 4164 praedicendum
1151 4081 1221 4154 est,
1247 4075 1330 4141 hanc
1356 4074 1582 4140 namocanonis
1602 4093 1654 4140 me
1680 4091 1757 4141 esse
1778 4083 1961 4143 secuturum
1983 4078 2057 4145 edi-

196 4181 339 4268 tionem,
361 4199 455 4266 qaam
475 4178 647 4246 Ιιιείείίίαι
668 4179 849 4246 laciendum
871 4177 1008 4266 curavit,
1028 4177 1078 4242 cui
1100 4176 1227 4263 quidem
1253 4172 1423 4242 Theodori
1441 4174 1656 4241 Bulruaromb
1677 4177 1801 4242 scholia
1821 4176 1951 4244 adiecta
1972 4185 2059 4244 sunt.

195 4279 277 4346 Etsi
297 4282 381 4346 enim
408 4279 490 4347 bene
516 4280 614 4366 novi,
641 4299 719 4347 esse
748 4279 975 4348 nomocanonis
996 4278 1128 4346 codices
1149 4277 1404 4362 manuscriptos,
1429 4276 1483 4342 ubi
1503 4275 1608 4360 legum
1630 4277 1770 4343 civilium
1791 4279 1914 4344 numeri
1935 4283 2060 4343 tantmn
2115 4331 2121 4343 .

198 4386 499 4467 commemorentur,
527 4382 602 4468 ipsa
622 4380 727 4466 legum
747 4381 850 4450 verba
869 4398 933 4445 nou
954 4379 1048 4446 iterna
1081 4386 1191 4463 tamen
1212 4377 1425 4444 linteamenta
1452 4377 1595 4444 editione
1621 4379 1876 4444 vetustissimam
1898 4379 1967 4444 eius
1987 4378 2059 4443 libri

196 4485 333 4550 formam
353 4482 467 4549 referri
491 4482 568 4548 mihi
603 4482 762 4568 persuasi.
811 4481 896 4546 Nam
927 4480 961 4545 in
989 4481 1091 4566 prima
1116 4480 1345 4546 nomocanonis
1373 4478 1574 4564 praelatione
1608 4478 1694 4566 apud
1728 4475 1906 4546 lustellium
1938 4481 1972 4544 in
2006 4479 2058 4542 bi·

198 4583 381 4651 bliothecae
406 4584 487 4650 iuris
508 4583 653 4650 cononici
675 4589 748 4648 tam.
772 4582 815 4647 11.
837 4603 868 4668 p.
892 4577 983 4647 791.
1006 4580 1218 4646 dictumest:
1248 4577 1397 4658 ταύτης
1417 4581 1574 4666 βραχέα
1595 4603 1634 4646 τε
1661 4582 1731 4645 καὶ
1757 4603 1824 4646 συν
1835 4584 2058 4663 τετμημένα

195 4693 287 4758 τοῖς
314 4691 525 4768 συγγενέσι
560 4685 805 4768 κεφαλαίοις
832 4679 1112 4768 προσήρμοσα.
1155 4681 1202 4748 Ut
1234 4681 1369 4768 proinde
1396 4681 1481 4746 sutis
1508 4687 1668 4768 appareat
1688 4687 1723 4748 et
1746 4681 1891 4767 singulas
1911 4679 2058 4763 singula-

196 4807 269 4852 rum
289 4784 395 4870 legum
423 4785 621 4864 sententias,
652 4783 712 4850 sed
742 4785 903 4872 breviter,
929 4784 963 4850 in
990 4783 1219 4850 nomocanonis
1247 4799 1346 4868 opere
1373 4781 1476 4847 luisse
1499 4783 1631 4848 relatas.
1675 4783 1785 4868 Atque
1812 4782 1909 4848 etiam
1934 4777 2058 4844 sacculi

195 4909 229 4974 p.
248 4883 326 4951 Chr.
342 4906 375 4952 u.
390 4884 506 4952 decimi
526 4887 632 4971 quarti
654 4883 766 4952 Codex
789 4885 934 4951 Graecus
947 4884 1074 4967 Regiae
1087 4882 1312 4968 bibliothecae,
1333 4901 1415 4968 quae
1428 4882 1568 4968 Neapoli
1586 4890 1650 4970 est,
1672 4883 1845 4949 ubiPhotii
1858 4899 2057 4949 nomocanou

195 5007 274 5054 cum
291 4985 454 5053 Theodori
477 4984 682 5052 Balsamonis
709 4987 839 5052 scholiis
865 4987 1010 5071 habetur,
1031 4984 1203 5069 insingulis
1223 4971 1327 5067 legum
1350 4983 1489 5048 civilium
1508 4984 1619 5050 verbis
1640 4983 1822 5050 referendis
1843 4982 1951 5058 abiis,
1973 4999 2057 5066 quae

194 5090 274 5155 loco
286 5085 415 5153 laudato
429 5087 517 5173 typis
532 5087 699 5172 exscripta
716 5095 803 5176 sunt,
824 5108 887 5154 non
908 5087 1038 5153 multum
1052 5085 1131 5152 abit.
1172 5083 1323 5170 Denique
1343 5087 1415 5170 ipse
1440 5081 1637 5150 Theodorus
1658 5083 1841 5152 Βσίεοιοοιι
1862 5081 1895 5145 in
1916 5079 2055 5166 epistola

192 5187 245 5255 ad
270 5183 488 5253 Theodosium
507 5189 645 5274 scripta,
679 5189 822 5273 quaein
851 5186 1010 5253 Gotelerai
1035 5186 1246 5252 monumentis
1268 5183 1428 5251 ecclesiae
1451 5184 1601 5253 Graecae
1629 5178 2054 5268 tom.111.p.484.oabe-

193 5299 271 5375 tnr,
292 5288 371 5354 haec
397 5286 523 5354 laudat:
551 5284 571 5365 ἡ
592 5285 626 5352 ε’.
654 5284 907 5365 Ἰουστινιάνειος
927 5283 1027 5372 νεαρὰ
1053 5284 1072 5364 ἡ
1100 5293 1133 5352 ἐν
1154 5287 1322 5373 κεφαλαίῳ
1351 5289 1447 5371 τρίτῳ
1468 5288 1528 5351 τοῦ
1547 5285 1600 5352 ια’.
1623 5289 1732 5352 τίτλου
1752 5285 1811 5348 τοῦ
1831 5277 2054 5363 νομοκανόνου

190 5389 473 5475 καταστρωθεῑυα
499 5394 535 5452 et
563 5393 665 5474 caet,
700 5407 781 5472 quae
810 5389 938 5478 quidem
964 5409 1035 5456 cum
1059 5388 1119 5476 iis,
1146 5405 1229 5478 quae
1255 5386 1340 5474 apud
1361 5386 1538 5456 Iustellinm
1558 5387 1579 5453 l.
1599 5387 1620 5452 l.
1640 5405 1672 5471 p.
1699 5379 1813 5450 roba.
1835 5401 1905 5471 oeq-
1926 5382 2051 5450 haben·

190 5503 267 5581 tor,
289 5489 377 5556 omni
397 5508 441 5556 ex
462 5495 556 5575 parte
583 5490 790 5558 conveniunt.
1526 5485 1533 5516 ¹

297 5861 329 5928 1)
346 5863 377 5915 ln
390 5863 472 5917 llbro:
496 5864 548 5916 nic
567 5863 721 5917 Geacbiclrle
736 5867 787 5918 der·
803 5864 934 5918 Nouellen
950 5879 976 5930 p.
993 5863 1143 5918 bob-20⁹.
