4864 7070
1091 567 1511 640 Paunnuoatnnn

1028 1066 1619 1249 carnum„

2166 1299 2185 1333 ⁸

528 1434 695 1522 Cogitanti
714 1435 791 1503 mihi
812 1451 1060 1522 saepenumero,
1083 1451 1175 1520 qaam
1196 1433 1352 1500 rationem
1373 1431 1468 1518 sequi
1489 1431 1617 1518 deceat,
1637 1430 1668 1496 si
1688 1429 1771 1517 quis,
1792 1428 2008 1496 Athanasiani
2030 1429 2139 1520 operis
2160 1450 2244 1518 quae

376 1539 497 1608 luerim
526 1538 612 1624 apud
634 1535 780 1604 Graecos
807 1534 891 1624 lata,
917 1533 1204 1622 qualishistoria,
1240 1533 1359 1600 docere
1388 1533 1487 1620 velit,
1518 1552 1583 1600 non
1611 1531 1776 1618 displicuit
1805 1549 1914 1598 eorum
1938 1531 2063 1622 opinio,
2090 1535 2144 1619 qni
2173 1551 2243 1600 cum

377 1642 457 1708 iuris
479 1640 587 1706 civilis
608 1645 643 1705 et
664 1637 810 1717 canonici
837 1633 922 1722 apud
946 1633 1093 1702 Graecos
1116 1634 1280 1700 diversam
1309 1651 1386 1700 esse
1408 1634 1565 1700 rationem
1590 1631 1831 1720 intellexerint,
1864 1639 2050 1718 separatum
2077 1635 2243 1720 utriusque

278 1805 282 1812 .
377 1743 455 1810 iaris
484 1745 655 1809 arontam
681 1757 758 1806 esse
787 1737 991 1804 arbitrentur.
1034 1728 1256 1824 Posteaquam
1279 1736 1363 1802 enim
1394 1737 1571 1820 imperator
1596 1732 1795 1827 lastinianus
1822 1731 1998 1798 canonibus
2024 1732 2244 1820 apostolorum

378 1844 586 1930 decretisque
607 1844 758 1926 quattuor
785 1838 988 1907 conciliorum
1009 1837 1283 1904 oecumenicorum
1309 1837 1416 1920 legum
1442 1835 1508 1900 vim
1529 1853 1607 1902 esse
1634 1833 1748 1922 iussit,
1773 1831 2025 1919 iurisprudeutia
2047 1831 2244 1900 Graecorum

378 1945 412 2010 in
433 1943 515 2011 duas
536 1941 690 2009 discessit
711 1945 840 2025 partes,
868 1937 1002 2004 alteram
1023 1936 1104 2005 iuris
1125 1937 1250 2024 civilis,
1276 1938 1413 2004 alteram
1439 1930 1518 2002 iur'is
1540 1923 1740 2018 canonicl'1).
1783 1934 1878 2000 Unde
1899 1934 2038 2020 lactum,
2065 1940 2100 1998 ut
2126 1934 2180 2020 qui
2200 1931 2244 1999 ad

307 2084 315 2101 .
376 2043 460 2112 haec
481 2041 590 2110 studia
611 2059 688 2106 sese
710 2038 941 2124 contulissent,
968 2038 1103 2104 alteram
1124 2044 1229 2104 utram
1249 2044 1375 2124 partem
1403 2037 1535 2122 scriptis
1557 2036 1758 2122 illustrarent
1778 2035 1859 2100 suis.
2154 2096 2159 2109 ,

516 2143 581 2223 ⁴Ile
602 2143 672 2210 iure
695 2137 890 2205 Graecorum
912 2138 1000 2204 civili
1020 2139 1052 2204 si
1072 2139 1251 2227 quaeritur,
1278 2138 1355 2204 illud
1378 2137 1505 2225 quidem
1525 2137 1609 2204 satis
1629 2135 1814 2223 apparebit,
1840 2155 1989 2219 magnum
2009 2133 2111 2200 fuisse
2132 2132 2243 2200 Atha-

377 2243 505 2312 nasiani
534 2243 642 2330 operis
669 2239 922 2327 apudGraecos
949 2259 1039 2306 usum
1068 2245 1103 2304 et
1129 2240 1163 2304 in
1190 2239 1341 2306 Novellis
1369 2239 1538 2305 Iustiniani
1571 2236 1773 2302 illustrandis
1805 2234 2121 2322 interpretandisque
2149 2241 2183 2300 et
2209 2235 2244 2300 in

376 2345 485 2414 multis
507 2351 542 2410 et
562 2344 637 2412 aliis
658 2343 737 2408 iuris
758 2341 866 2410 civilis
887 2339 978 2404 libris
992 2327 1228 2424 'componendis
1250 2341 1538 2427 conficiendisque,
1561 2345 1596 2406 et
1610 2337 1756 2424 denique
1771 2339 1804 2404 in
1826 2329 1976 2452 exceptis
1998 2355 2041 2418 ex
2060 2336 2122 2402 hoc
2144 2353 2245 2422 opere

377 2446 528 2532 capitulis
550 2445 641 2512 vario
663 2443 757 2510 modo
779 2450 814 2510 et
835 2439 1022 2507 ordinandis
1044 2447 1078 2506 et
1099 2439 1296 2526 digerendis.
1340 2439 1393 2508 De
1415 2441 1625 2508 Novellarum
1648 2438 1918 2524 interpretatione
1946 2441 2074 2504 constat
2095 2455 2139 2513 ex
2160 2435 2244 2502 mul-

374 2537 422 2612 ¹tis
443 2545 657 2612 Basilicarum
677 2544 778 2632 locis,
808 2543 841 2608 in
863 2539 977 2627 quibus
1004 2561 1075 2608 cum
1096 2542 1237 2626 genuina
1258 2542 1468 2611 Novellarum
1494 2541 1597 2608 verba
1624 2539 1884 2628 rotomnam,
1918 2536 2081 2605 Theodori
2103 2537 2245 2604 llermo-

377 2645 512 2732 politani
533 2650 568 2710 et
589 2643 762 2710 Athanasii
783 2640 967 2708 earumdem
988 2641 1199 2707 Novellarum
1226 2641 1514 2728 interpretationes
1535 2641 1630 2728 quasi
1651 2638 1857 2727 quorumdam
1876 2639 2068 2708 scholiorum
2089 2638 2160 2705 loco
2181 2637 2244 2704 ad-

376 2749 483 2816 iectae
504 2752 677 2812 cernuntur
692 2751 733 2826 ²).
776 2742 830 2810 De
850 2742 941 2808 libris
962 2743 1040 2808 iuris
1061 2742 1168 2808 civilis
1185 2746 1304 2828 antem,
1325 2741 1358 2806 in
1381 2759 1463 2828 quos
1484 2741 1762 2808 exAthanasiano
1784 2759 1883 2829 operp
1905 2739 2064 2828 quaedam
2084 2738 2245 2806 translata

376 2855 453 2916 sunt
474 2855 509 2915 et
530 2845 712 2922 transfusa,
743 2845 825 2912 inira
846 2843 943 2928 longe
971 2843 1103 2930 lateque
1123 2843 1314 2909 disseretur.
1356 2843 1472 2930 ltaque
1498 2843 1560 2910 hoc
1586 2843 1658 2910 loco
1686 2841 1766 2910 nihil
1787 2843 1906 2908 attinet
1932 2840 2171 2910 commemorari
2193 2857 2245 2928 ea,

375 2967 459 3036 quae
481 2947 588 3038 paullo
616 2951 691 3034 post
711 2945 838 3032 plenius
861 2951 896 3014 et
917 2946 1088 3031 copiosius*
1101 2942 1258 3032 dicentur.
1301 2941 1354 3010 De
1377 2943 1525 3030 exceptis
1546 2962 1625 3009 vero
1647 2963 1691 3010 ex
1711 2943 1939 3012 Athanasiano
1961 2961 2060 3029 opere
2082 2939 2244 3029 capitulis,

377 3068 460 3136 quae
494 3047 649 3136 peculiari
693 3047 820 3114 ratione
856 3052 891 3112 et
927 3045 1075 3112 ordinata
1111 3046 1178 3110 sint
1213 3051 1247 3110 et
1280 3043 1426 3132 digesta,
1465 3044 1662 3133 disseretur,
1701 3045 1754 3110 uhi
1784 3044 1826 3114 de
1861 3043 2023 3112 codicibus
2062 3041 2244 3110 manuscri-

256 3201 264 3216 .
374 3152 459 3238 ptis,
487 3149 602 3238 quibus
622 3150 657 3214 in
677 3146 803 3216 edendo
825 3147 886 3214 hoc
914 3147 994 3213 libro
1024 3148 1073 3212 usi
1096 3146 1215 3232 simuS,
1243 3163 1349 3212 sermo
1371 3145 1432 3212 erit
1446 3149 1487 3227 ³).
1530 3141 1701 3212 Eiusmodi
1729 3145 1869 3234 capitula
1894 3145 2100 3212 inveniuntur
2120 3144 2153 3210 in
2176 3137 2244 3210 Co-

294 3245 309 3266 “’
375 3249 499 3319 dicibns
522 3247 661 3314 Graecis
691 3243 852 3336 „lYW
873 3253 907 3314 et
927 3244 1088 3336 „1384ss
1117 3245 1331 3312 bibliothecae
1343 3245 1470 3330 Regiae
1491 3245 1706 3335 Parisiensisa
1729 3252 1763 3314 et
1782 3247 1816 3314 in
1829 3243 1950 3316 Codice
1977 3243 2019 3312 Ε.
2042 3241 2105 3310 55.
2126 3243 2244 3310 biblio-

376 3349 510 3435 thecae,
531 3367 613 3436 qnae
635 3355 689 3416 est
709 3347 834 3414 Romae
855 3348 898 3415 ad
919 3347 1035 3414 aedem
1061 3353 1197 3414 sanctae
1225 3347 1350 3414 Mariae
1370 3348 1404 3413 in
1426 3346 1610 3437 vallicella,
1631 3347 1771 3434 denique
1791 3347 1824 3414 in
1846 3345 2009 3413 codicibus
2029 3346 2109 3412 iuris
2123 3344 2244 3412 Graeci

374 3449 419 3515 11.
442 3455 477 3516 et
497 3447 571 3516 XV.
599 3448 831 3538 bibliothecae,
862 3469 945 3536 quae
975 3445 1129 3516 Caesaris
1158 3455 1228 3537 est,
1256 3448 1527 3516 vindobonensia.
1570 3449 1690 3515 Iamsi
1718 3449 1761 3516 ad
1787 3455 1929 3517 aetatem
1956 3447 2067 3513 horum
2098 3446 2244 3514 codicum

375 3551 515 3616 animum
550 3549 775 3628 advertamus,
815 3567 887 3616 cum
921 3555 1046 3616 certum
1076 3551 1122 3616 sit
1156 3558 1191 3617 et
1230 3549 1442 3618 indubitatum
1478 3569 1550 3616 eum
1578 3549 1704 3632 librum,
1744 3552 1799 3638 qui
1831 3549 1954 3614 Romae
1988 3547 2031 3614 ad
2059 3547 2174 3614 aedem
2202 3544 2242 3614 S.

374 3650 500 3718 Mariae
520 3651 555 3716 in
577 3649 747 3716 Vallicella
768 3657 838 3736 est,
858 3651 983 3718 decimo
1004 3651 1100 3718 tertio
1123 3673 1154 3738 p.
1178 3651 1255 3718 Chr.
1276 3671 1308 3718 ιι.
1330 3651 1461 3720 saeculo
1482 3669 1560 3716 esse
1581 3652 1753 3740 scriptum,
1774 3655 1903 3718 constet
1923 3657 2030 3716 mrtem
2052 3650 2150 3716 etiarn
2171 3665 2244 3716 eum

375 3750 534 3838 codicem,
561 3751 615 3840 qui
641 3750 676 3816 iu
692 3751 894 3818 bibliotheca
916 3749 1069 3818 Caesaris
1091 3751 1333 3820 vindobonensi
1359 3755 1445 3820 inter
1473 3751 1603 3820 codices
1630 3753 1710 3820 iuris
1737 3751 1843 3820 civilis
1865 3749 2014 3818 Graecos
2044 3768 2176 3816 numero
2197 3747 2242 3813 ΙΙ.

374 3852 499 3918 relatus
520 3857 592 3939 est,
618 3851 749 3918 saeculo
771 3873 804 3937 p.
827 3847 903 3918 Chr.
925 3872 958 3918 ιι.
979 3853 1103 3920 decimo
1125 3861 1239 3940 quarto
1260 3855 1489 3939 assignandum
1511 3872 1606 3920 esse:
1636 3854 1720 3920 satis
1745 3861 1883 3939 apparet
1903 3859 2048 3920 nostrum
2068 3849 2244 3941 Athanasii

374 3952 489 4028 librum
509 3948 626 4020 iisdem
647 3953 843 4040 temporibus
865 3953 1029 4020 etlectum
1051 3973 1127 4020 esse
1149 3960 1183 4020 et
1195 3973 1216 4018 a
1230 3953 1461 4022 inreconsultis
1484 3953 1621 4044 Graecis
1642 3960 1838 4040 usurpatum.
1881 3953 1957 4019 Nisi
1976 3951 2060 4020 torte
2073 3953 2244 4020 existimas

375 4060 487 4119 tantae
508 4053 601 4119 molis
622 4053 733 4119 librum
755 4051 950 4142 descriptum
972 4073 1060 4142 csse,
1082 4074 1153 4142 cum
1174 4074 1238 4120 non
1258 4054 1433 4140 legeretur.
1477 4054 1569 4138 Quae
1591 4074 1648 4122 res
1669 4074 1709 4122 eo
1728 4055 1858 4122 maioris
1880 4056 1987 4122 futura
2008 4060 2062 4122 est
2082 4053 2245 4140 momenti,

376 4173 438 4244 quo
467 4155 587 4222 certius
616 4153 743 4220 aliunde
771 4161 922 4222 constare
942 4153 1102 4242 videatur,
1129 4154 1295 4224 etiamad
1323 4155 1418 4222 linem
1450 4155 1573 4226 saeculi
1600 4177 1633 4244 p.
1656 4153 1730 4223 Chr.
1759 4163 1869 4222 natum
1898 4153 2072 4243 undecimi,
2109 4153 2243 4220 remotis

375 4255 453 4320 iuris
474 4254 646 4322 Iustiniani
666 4255 774 4344 libris,
798 4275 857 4342 pro
879 4255 1088 4327 tribunalibus
1108 4257 1233 4343 imperii
1255 4253 1435 4324 Orientalis
1456 4257 1535 4326 nihil
1555 4257 1722 4344 quicquam
1748 4255 1888 4324 auditum
1909 4275 2004 4346 esse,
2032 4257 2096 4322 nisi
2117 4254 2243 4322 Basili·

375 4373 483 4422 corum
504 4375 618 4422 nomen
635 4359 674 4436 ⁴).
717 4356 832 4442 ltaque
844 4355 1013 4442 praeclare
1034 4357 1202 4446 falluntur,
1223 4357 1253 4422 si
1265 4357 1328 4442 qui,
1340 4359 1528 4426 existiment
1548 4359 1761 4425 Basilicarum
1778 4359 1973 4424 auctoritate
1986 4361 2134 4424 ellectum
2155 4375 2244 4454 esse,

374 4454 509 4522 otiaris
530 4455 700 4521 Iustiniani
729 4455 869 4522 studium
890 4458 931 4520 iis
953 4459 1152 4544 temporibus
1179 4479 1239 4545 per
1267 4457 1434 4544 imperium
1457 4458 1624 4526 Orientale
1651 4457 1749 4546 plane
1774 4459 1967 4526 exoleverit.
2010 4457 2103 4540 Quae
2124 4458 2243 4545 opinio,

374 4555 405 4621 si
425 4575 490 4622 nun
517 4555 580 4622 alia
604 4555 656 4622 de⁴
678 4575 811 4646 caussa,
841 4555 881 4624 'at
909 4563 998 4624 certe
1020 4577 1064 4626 ex
1085 4577 1125 4624 co
1147 4559 1231 4646 quod
1253 4550 1407 4627 Codioem
1427 4559 1638 4628 Novellarum
1659 4558 1907 4626 iustinianarom
1927 4559 2089 4628 venetum
2110 4557 2244 4626 saeculo

374 4677 407 4744 ιι.
430 4652 507 4724 Chr.
530 4677 561 4722 n.
585 4655 708 4724 decimo
732 4657 846 4746 tertio,
872 4655 1094 4726 Florentinum
1116 4657 1240 4727 decimo
1263 4669 1377 4750 quarto
1405 4668 1561 4728 exaratos
1582 4680 1659 4728 esse
1691 4655 1894 4746 noverimus,
1918 4659 2002 4727 salsa
2022 4677 2100 4728 esse
2121 4659 2243 4746 depre-

255 4807 260 4836 ,
375 4755 536 4822 henditur.
581 4757 625 4824 Ut
650 4759 774 4826 mittam
796 4759 969 4845 Theophili
996 4759 1221 4848 iureconsulti,
1257 4763 1310 4850 qui
1331 4761 1544 4850 paraphrasin
1571 4764 1805 4832 institutionum
1824 4761 2072 4830 laushnianarurn
2093 4760 2246 4849 coniecit,

375 4855 508 4924 codices
540 4859 793 4945 manuscriptos,
828 4879 958 4946 quorum
992 4859 1075 4926 bona
1102 4880 1181 4947 pars
1213 4861 1345 4928 saeculo
1375 4884 1408 4951 p.
1438 4861 1514 4930 Chr.
1536 4884 1568 4930 n.
1598 4863 1722 4932 deamo
1749 4865 1844 4932 tertio
1873 4864 1998 4950 scripta
2025 4870 2090 4929 est.

504 4951 610 5025 Venio
632 4957 674 5024 ad
696 4951 926 5026 conficiendum
954 4960 1135 5046 catalogum
1156 4961 1323 5048 librorum,
1350 4964 1402 5050 qui
1423 4963 1465 5031 ad
1486 4966 1537 5030 ius
1559 4965 1656 5032 civile
1677 4963 1875 5031 Graecorum
1896 4966 2075 5052 pertinent,
2110 4964 2143 5028 in
2169 4963 2244 5049 qui-

376 5057 435 5124 bus
457 5059 665 5125 conficiendis
685 5059 802 5148 aliquis
825 5060 1040 5127 Athanasiaui
1062 5064 1172 5148 operis
1200 5084 1278 5129 usus
1300 5063 1406 5129 luerit.
1447 5065 1486 5132 In
1507 5085 1569 5154 quo
1592 5065 1848 5151 chronologicam
1869 5067 2043 5152 rationem,
2064 5063 2149 5150 quod
2168 5050 2244 5130 'eius

377 5157 447 5224 lieri
469 5161 585 5250 possit,
606 5159 805 5250 tenebimuS,
825 5167 875 5248 et,
896 5181 938 5227 ne
960 5161 1046 5248 longi
1067 5183 1144 5230 esse
1166 5165 1405 5252 existimemur,
1426 5183 1467 5231 ea
1488 5172 1621 5255 tanturn,
1649 5184 1731 5254 quae
1752 5168 1853 5234 certis
1874 5173 1909 5232 et
1930 5140 2243 5250 indubitatidorgu-

375 5259 494 5324 mentis
522 5260 712 5350 probantur,
741 5263 1065 5358 commemorabimus.
1111 5261 1184 5345 Qua
1212 5267 1246 5331 in
1273 5284 1309 5332 re
1336 5263 1414 5330 illud
1439 5265 1567 5352 quidem
1587 5265 1809 5334 admonendus
1828 5286 1884 5356 es,
1905 5267 1945 5332 Ι..
1968 5265 2027 5351 Β.,
2053 5265 2106 5332 hic
2127 5283 2187 5334 nos
2207 5263 2243 5332 in

376 5355 495 5426 devias
516 5365 552 5426 et
578 5359 718 5428 iuratos
738 5365 891 5450 regiones
911 5364 1092 5452 divertere,
1112 5365 1176 5454 ubi,
1196 5385 1323 5454 quoquo
1343 5365 1560 5452 ingrediamur
1565 5415 1577 5456 ,
1597 5369 1662 5456 ipsi
1681 5367 1835 5435 iaciamus
1855 5371 1918 5434 iter
1938 5373 2098 5454 oporteat.

445 5715 474 5780 1)
497 5716 566 5766 the
581 5718 722 5770 acueram
739 5723 768 5773 tn
782 5721 867 5772 llbro:
893 5721 944 5771 Dlo
961 5719 1123 5770 amaranto
1143 5722 1193 5770 der
1209 5721 1342 5774 Novellen
1356 5735 1383 5787 p.
1402 5721 1457 5772 167
1472 5744 1508 5762 -ι
1525 5721 1588 5773 1118.
1644 5719 1676 5786 a)
1700 5723 1807 5774 limile.
1824 5723 1869 5773 lib.
1890 5722 1938 5774 21.
1955 5723 1996 5773 at
2014 5719 2040 5771 1.
2058 5731 2117 5783 cap.
2134 5719 2181 5772 db.
2198 5721 2241 5772 ed.

378 5797 486 5850 aaaron
504 5802 568 5851 tora.
585 5799 620 5850 Il.
637 5815 663 5864 p.
681 5803 747 5852 388.
766 5813 825 5852 ouum
842 5803 945 5856 schollo
962 5805 980 5852 t.
998 5816 1024 5866 p.
1039 5803 1104 5853 tet.
1122 5809 1150 5853 ot
1166 5815 1203 5853 ra.
1221 5817 1245 5868 p.
1262 5805 1325 5854 tell.
1341 5829 1377 5843 -·
1393 5807 1452 5856 bes.
1471 5803 1516 5854 ltb.
1533 5807 1580 5857 28.
1599 5809 1639 5857 ur.
1656 5807 1684 5858 8.
1702 5819 1760 5871 cap.
1775 5807 1800 5858 1.
1817 5814 1882 5858 aon.
1899 5806 1946 5856 lli·
1966 5819 1991 5869 ιι.
2003 5803 2045 5856 bl.
2063 5816 2121 5855 ιιιιι
2137 5804 2242 5854 adolio

377 5894 402 5931 e.
423 5897 459 6017 gi
477 5882 563 6017 “av
580 5884 609 5948 8)
631 5885 702 5934 vide
724 5885 817 5936 horum
842 5867 1051 5952 prolegomenis
1074 5893 1151 5952 caput
1172 5888 1206 5939 v.
1262 5885 1294 5950 t)
1317 5889 1385 5941 vldo
1411 5889 1508 5944 librom
1534 5891 1756 5944 *observationum
1786 5893 1853 5944 turn
1880 5889 2126 5942 cneco-Romani
2154 5899 2242 5940 ιιιοιιιιι

374 5977 416 6026 ac
475 5989 511 6004 ·-
564 5999 572 6017 .
