4824 7048
852 527 1428 603 PROBEGOMENA.
1997 529 2079 610 26³

349 715 400 812 4)
421 717 579 788 Eiusdem
600 718 731 800 Alconti,
752 714 795 786 de
816 719 927 786 servis
949 717 993 788 ad
1013 717 1196 786 libertatem
1227 718 1518 805 proclamantibus,
1553 717 1646 787 caius
1668 723 1848 813 epitomen,
1876 741 1920 791 ex
1941 723 2074 792 Balce-

200 823 352 903 1111111111)
375 821 565 908 desumtnm,
585 821 722 907 legimus
744 821 778 886 in
805 819 881 887 lure
905 818 1279 908 (ἵστασο-1111111110),
1309 841 1405 908 quam
1433 825 1542 889 tamen
1568 824 1728 910 integram
1759 826 1860 896 edere
1888 827 2079 914 supersedit

199 923 335 990 doctiss.
359 923 622 1004 Zaebarioe²¹).
667 922 858 1009 Inscriptio,
879 940 922 988 ex
944 921 1077 990 schedis
1099 919 1330 1008 Hcimbnebii,
1354 942 1436 1010 quas
1455 925 1553 990 solita
1569 925 1769 993 humanitate
1790 929 1821 992 is
1838 947 1962 996 meeum
1985 949 2077 996 eom·

198 1026 385 1113 manicavit,
414 1025 494 1091 baec
523 1030 592 1090 est:
635 1019 756 1108 Νεαρὰ
785 1031 846 1088 τοῦ
870 1025 1029 1110 βασιλέως
1054 1021 1237 1102 Ἀλεξίου
1266 1025 1325 1088 τοῦ
1352 1022 1395 1090 K
1401 1027 1595 1106 ομαηασῡ,
1630 1028 1865 1113 capuanense
1899 1027 1986 1094 κατὰ
2015 1028 2076 1096 τὸν

198 1127 467 1212 Maccabaeicae,
491 1121 908 1209 τῆςγ”11δικτιῶιοςτσῡ
931 1121 1022 1216 517¹·
1045 1127 1136 1200 ἔτους
1159 1120 1301 1214 (1095.
1332 1131 1409 1212 post
1436 1121 1554 1217 (bn),
1593 1125 1627 1207 ἐξ
1656 1125 1858 1210 ὑπομνήσεως
1889 1127 2076 1197 Θεοδσὺλοα

197 1228 260 1292 τοῦ
280 1224 533 1312 &paraetacenen
556 1227 803 1314 denominatione,
823 1229 893 1313 cepi
914 1228 973 1290 τοῦ
993 1223 1037 1308 μὴ
1059 1227 1218 1292 δίδοσθαι
1246 1221 1528 1313 desinendorum
1555 1225 1727 1316 μαρτύρων
1754 1226 1844 1314 παρὰ
1872 1233 1931 1295 τοῦ
1958 1237 2075 1319 κυρίου

197 1330 263 1392 τῶν
285 1325 409 1393 δούλων
429 1330 494 1393 τῶν
515 1323 776 1415 &nemorosorum
804 1329 1080 1412 accelerabatur,
1123 1324 1209 1392 daia
1229 1324 1331 1407 μόναν
1352 1326 1527 1412 διαβολήν·
1562 1331 1619 1394 καὶ
1646 1333 1797 1414 περὶτοῦ
1821 1327 2076 1413 ἀιάγκηιεῖααε

196 1440 268 1504 τοῖς
288 1427 459 1505 δεσπόταις
480 1433 545 1494 cain
566 1425 691 1494 δούλων
710 1429 886 1512 ἱερολογεΐα
907 1425 1039 1516 αὐτούς,
1059 1431 1116 1494 καὶ
1138 1426 1182 1511 μὴ
1203 1423 1387 1506 ἀνέχεσθαι
1407 1425 1571 1513 πυρσεύειν
1593 1427 1672 1512 πρὸς
1693 1428 1861 1509 ἀλληλοὺς,
1884 1437 1911 1496 εἰ
1932 1430 1975 1511 μὴ
1989 1430 2074 1516 pioni·

196 1531 312 1594 λοαται
334 1530 527 1612 στερεῖσθαι
548 1532 604 1608 τῆς
625 1527 674 1596 ἐπ’
699 1527 812 1606 αὐτοῖς
834 1531 1030 1608 δεσποτείας,
1053 1529 1110 1594 καὶ
1123 1529 1388 1612 ἐλευθεροῦσθαι
1407 1527 1485 1605 τοὺς
1500 1528 1647 1608 donicae,
1671 1539 1816 1617 φέρουσα
1838 1531 1895 1610 τὴν
1908 1579 1986 1596 .....
2000 1531 2077 1600 ὑπο·

195 1637 441 1712 σεσημασμέναι
462 1629 518 1696 διὰ
539 1628 739 1714 γραμμάτων
759 1633 818 1696 τσῦ
845 1632 1014 1714 βασιλέως.
1057 1629 1175 1718 Incipit
1202 1637 1327 1698 aulem:
1356 1627 1540 1711 Ἀαηαέχδη
1566 1633 1607 1716 τῇ
1632 1633 1785 1718 βασιλείᾳ
1813 1657 1878 1716 μου
1904 1637 1974 1720 περὶ
2006 1636 2078 1716 σοῦ,

195 1728 366 1822 ἱερώτατε,
389 1727 432 1806 aie
453 1728 639 1820 ἀμφιβολία
660 1757 709 1808 τις
729 1755 760 1798 ιι.
783 1755 811 1796 τ.
833 1735 865 1799 λ.

350 1847 450 1916 Soles
478 1848 635 1915 Heraclii
659 1849 823 1916 Novellas
845 1855 982 1937 quatuor
1010 1850 1219 1937 amplectitur
1245 1848 1430 1936 appendix,
1466 1867 1549 1936 quae
1580 1846 1776 1916 Coliceiioni
1809 1855 2081 1920 constitutionum

194 1949 516 2038 ecelesiasticorum,
539 1953 725 2017 Baisamoni
747 1951 829 2017 ialso
851 1951 1002 2038 tributae,
1023 1951 1065 2016 in¹
1079 1953 1225 2017 omnibus
1247 1951 1316 2017 iere
1330 1951 1422 2016 libris
1443 1951 1673 2036 manuscriptis
1695 1951 1855 2031 adiicitur,
1878 1973 2078 2041 quamquam,

196 2049 228 2115 si
252 2049 370 2116 doctae
391 2050 606 2118 Heinrbuelria'
625 2053 898 2138 argumentationi
917 2053 1127 2132 adsentiaris,
1157 2053 1275 2118 seriori
1298 2071 1381 2118 aevo
1405 2052 1629 2132 debeatne).

353 2165 445 2249 Quae
467 2187 548 2235 vero
571 2170 605 2235 in
626 2169 793 2238 codicibus
815 2169 944 2236 iuliani
965 2171 1096 2254 passim
1118 2170 1289 2256 habentur,
1319 2169 1443 2238 larsbna'
1462 2172 1596 2238 minoris
1619 2177 1653 2236 et
1679 2167 1807 2236 Trea-a
1827 2171 1976 2257 singulae
1998 2191 2081 2240 con·

196 2268 398 2356 stitutiones,
421 2289 481 2336 eas
502 2289 609 2358 neque
631 2272 841 2338 collectiones
863 2270 1012 2350 dixerim,
1034 2291 1140 2358 neque
1162 2275 1352 2338 constanter
1374 2269 1550 2356 Epitumae
1578 2273 1790 2338 Novellarum
1818 2275 1990 2358 accedunt,
2018 2271 2080 2342 sed

195 2389 258 2460 pro
280 2372 381 2438 lubitu
404 2373 497 2437 unius
519 2372 698 2440 alteriusve
719 2373 929 2440 amanuensis
957 2373 1107 2440 adiectae
1133 2373 1356 2452 videntur²³J.

350 2490 442 2556 lnter
463 2491 667 2575 appendices
688 2489 959 2574 coanpendiornm
982 2491 1068 2556 iaris
1090 2487 1197 2555 meilis
1219 2490 1352 2576 primum
1375 2507 1415 2555 ea
1429 2498 1565 2578 occupat
1581 2491 1694 2574 locum,
1718 2511 1801 2579 quae
1817 2493 1950 2579 saepius
1972 2498 2080 2558 muta-

195 2595 234 2661 ta
255 2589 420 2657 codicibus
443 2587 640 2676 synopseos
660 2597 785 2657 tantum
806 2607 870 2656 non
892 2589 1037 2656 omnibus
1058 2587 1196 2657 aceedit.
1240 2591 1396 2656 Primitus
1419 2611 1489 2658 eam
1512 2613 1576 2658 non
1605 2594 1669 2658 nisi
1691 2594 1842 2678 epitomis
1864 2593 2081 2660 Novellarum

198 2690 416 2758 Constantini
442 2689 749 2779 Purpbyropeniti,
793 2689 940 2756 limnani
969 2689 1143 2778 Leenpeni
1171 2699 1206 2760 et
1226 2689 1417 2778 Nicephori
1446 2693 1602 2781 Pboeue,
1639 2695 1753 2781 quibus
1781 2695 1916 2762 inversa
1954 2698 2081 2764 ratione

194 2794 356 2878 temporis
378 2792 508 2859 adiecta
530 2801 602 2860 erat
624 2789 751 2878 Eeloga
772 2793 805 2857 N
808 2792 985 2860 ovellanum
1006 2792 1135 2862 Leonis
1157 2790 1349 2878 sapienia,
1372 2797 1579 2884 constitisse,
1601 2796 1876 2882 adstipulantibus
1900 2795 1970 2864 Cel.
1994 2797 2079 2864 aa·

194 2896 322 2972 111111)
345 2899 381 2959 et
403 2891 451 2959 Cl.
469 2893 724 2973 Zeclrarine²³t
746 2893 972 2961 demonstrare
993 2893 1104 2960 studui
1115 2899 1176 2975 ²⁰).
1223 2894 1378 2961 Codicum
1393 2915 1485 2985 vero,
1507 2899 1560 2983 qui
1583 2916 1655 2962 eam
1677 2899 1901 2965 collectionem
1922 2899 1965 2966 ad
1981 2917 2080 2966 unum

194 3011 314 3060 omnes
335 2994 409 3080 plus
431 2996 581 3062 minusve
602 2995 798 3061 immutatam
820 2995 1051 3085 exbibeni,'ad
1073 2995 1234 3062 minimum
1256 3003 1327 3064 tres
1349 2998 1566 3064 constituendi
1588 3005 1665 3064 sunt
1687 3001 1830 3066 ordines

356 3109 458 3194 Quem
477 3116 623 3199 primum
646 3111 792 3202 iacimus,
814 3119 849 3180 et
870 3115 961 3180 cuius
983 3115 1213 3200 exemplarium
1234 3111 1395 3202 hodieque
1417 3119 1515 3182 mirus
1538 3136 1690 3183 numerus
1712 3123 1896 3202 exstat27),
1918 3117 2080 3184 constitu·

193 3211 331 3302 tionum,
352 3233 434 3300 quae
455 3213 488 3279 in
509 3214 583 3301 ipsa
604 3213 797 3281 collectione
818 3215 1016 3300 epitomatae
1037 3215 1199 3300 leguntur,
1223 3217 1364 3304 quinque
1385 3219 1564 3306 praemittit
1585 3219 1750 3307 integras,
1772 3219 1981 3305 singulasque
2003 3217 2080 3284 lio-

192 3317 289 3380 murn'
304 3313 493 3400 Lecnpeni,
521 3313 668 3380 111111ααί
688 3313 975 3402 Porphyropent'ti
995 3318 1083 3383 etin
1106 3318 1267 3384 nonnullis
1286 3317 1450 3385 codicibus
1472 3317 1597 3384 Basilii
1622 3321 1721 3386 etiam
1747 3319 1990 3405 Bulpnroeioni
2009 3320 2079 3386 suis

192 3413 281 3480 loeis
302 3416 431 3482 inserit.
476 3416 522 3483 Ut
543 3423 651 3481 autem
672 3414 755 3482 banc
777 3416 978 3483 collectionis
999 3423 1134 3484 nostrae
1157 3417 1305 3510 immam,
1334 3423 1421 3488 cirea
1447 3422 1543 3486 finem
1566 3420 1683 3486 decimi
1711 3423 1834 3489 saeculi
1857 3421 2078 3509 constitutam,

193 3516 288 3582 sicco
309 3515 396 3603 pede
417 3515 470 3582 bic
492 3521 709 3598 transeamus,
732 3516 812 3582 illud
835 3535 955 3585 causae
979 3525 1042 3608 est,
1063 3517 1149 3606 quod
1172 3539 1303 3610 omnes,
1325 3543 1407 3610 qaas
1429 3525 1591 3609 continet,
1615 3523 1775 3590 Novellae
1798 3520 1953 3614 (praeter
1973 3520 2080 3588 Eeloss·

191 3637 273 3704 gam
301 3612 541 3709 Laeuinorum)
571 3623 637 3684 mm
665 3619 699 3685 in
726 3619 818 3686 ealce
842 3615 1037 3708 synopseos
1072 3639 1167 3710 quam
1192 3623 1227 3688 in
1246 3621 1331 3690 Iure
1358 3621 1683 3690 Graeco-Romano
1719 3623 1974 3692 abenncbraio
2002 3629 2080 3690 sunt

190 3719 308 3788 editae
316 3725 378 3800 18).

350 3836 503 3904 Alterius
524 3836 848 3928 benesonanticnis,
872 3857 968 3926 qnam
990 3837 1153 3929 collectio,
1174 3841 1209 3907 in
1230 3859 1294 3928 qua
1314 3859 1499 3930 versamur,
1522 3847 1660 3929 experta
1683 3848 1751 3924 est,
1781 3841 2014 3920 διασκευαστὴς
2035 3841 2078 3909 il-

190 3936 252 4006 lud
275 3939 450 4025 praecipue
472 3940 550 4024 egit,
574 3937 619 4028 nt,
641 3941 772 4006 omissis
794 3939 1021 4028 compluribus,
1043 3961 1125 4028 quae
1147 3942 1179 4008 in
1202 3942 1385 4030 appendice
1407 3943 1463 4008 illa
1484 3937 1618 4010 minoris
1639 3946 1793 4011 momenti
1815 3964 1895 4010 esse
1915 3944 2078 4010 videban-

191 4045 263 4122 tur,
286 4041 457 4126 capitibus,
479 4040 631 4125 epitomis
653 4040 928 4130 constitutionnm,
949 4041 1074 4126 quibus,
1097 4043 1153 4129 qui
1174 4045 1297 4129 primus
1318 4063 1379 4111 eas
1401 4043 1602 4128 digesserat,
1625 4045 1705 4110 solis
1719 4045 1824 4110 locum
1839 4043 2079 4110 concedendum

192 4157 280 4207 esse
301 4141 449 4224 duxerat,
471 4142 620 4226 integras
640 4142 902 4232 constitutiones,
922 4141 1144 4232 undecumque
1156 4145 1289 4232 petitas,
1312 4147 1538 4236 substitueret,
1559 4145 1705 4232 aliasque
1726 4145 1908 4233 nonnullas,
1932 4164 1953 4211 a
1973 4145 2076 4232 primo

350 4446 398 4506 ie)
415 4447 456 4497 Ad
474 4458 606 4498 munnam
622 4447 665 4498 88.
683 4444 801 4499 Consilii
818 4447 942 4500 Trullsni
957 4449 1007 4501 vi.
1024 4451 1052 4500 ia
1070 4450 1213 4518 Becerepii
1227 4453 1374 4517 synodico,
1389 4465 1412 4502 s.
1429 4438 1571 4504 Pande'ctis
1588 4451 1727 4504 (tanonum
1744 4457 1766 4506 1.
1783 4469 1809 4519 p.
1827 4455 1898 4518 255,
1916 4453 1979 4504 coil.
1989 4449 2073 4506 Gom·

188 4533 282 4584 ment.
308 4529 342 4582 ad
371 4543 429 4581 can.
447 4532 490 4580 88.
514 4529 598 4581 Cone.
617 4533 837 4596 Cartbaginensis
853 4533 901 4585 vl.
919 4534 984 4583 ibid.
1009 4549 1036 4598 p.
1053 4535 1114 4584 eie.
1189 4535 1274 4595 21))1.
1293 4553 1318 4601 p.
1340 4537 1497 4589 ide—147.
1531 4539 1684 4589 Excedam
1702 4541 1777 4590 iente
1795 4540 2006 4600 repetitumiam
2023 4551 2075 4588 an-

188 4623 243 4670 tea
260 4616 370 4666 dederat
388 4615 544 4681 Bonefida'ns
560 4619 610 4668 τοῦ
626 4615 783 4668 ιἰιιατσλιιοῡ
799 4617 910 4679 νομίμου
927 4617 1015 4682 βιβλία
1031 4617 1064 4682 γ’.
1082 4633 1108 4681 p.
1126 4621 1168 4671 87.
1279 4623 1326 4682 21)
1344 4623 1478 4683 litatione,
1500 4624 1604 4686 qualern
1622 4625 1730 4674 exbibet
1746 4624 1910 4684 linteamen,
1927 4623 2030 4685 iegitur
2047 4627 2076 4674 et

186 4705 222 4754 in
244 4702 413 4762 Fragmeutis
430 4702 604 4751 Novellarum
621 4703 654 4752 ab
673 4703 880 4764 imperatoribus
896 4706 990 4763 stirpis
1008 4699 1173 4755 Cnmneutae
1191 4709 1348 4757 emissarum
1366 4711 1393 4756 in
1413 4707 1600 4757 bibliothecam
1620 4709 1752 4757 venetam
1775 4708 1906 4756 81111111
1929 4719 2016 4770 nuper
2031 4710 2073 4758 ai-

185 4789 270 4849 latis,
289 4787 334 4836 ubi
351 4789 424 4836 inter·
440 4786 568 4836 Nevelias
585 4785 678 4837 discit
694 4790 815 4850 quintum
833 4793 949 4850 ueeupat
965 4788 1065 4852 iocum,
1082 4795 1111 4840 et
1127 4793 1297 4854 patriarcnae
1315 4793 1446 4854 iuscripta
1463 4803 1525 4842 esse
1542 4792 1649 4840 dicitur.
1685 4789 1726 4840 Gi.
1744 4801 1785 4840 me
1801 4793 1846 4840 in:
1870 4792 2005 4841 Zeitsebr.
2021 4789 2074 4856 [δι’

182 4871 286 4939 perci.
303 4870 476 4921 lieeirtswiss.
496 4875 558 4920 tom.
575 4870 651 4921 vill.
670 4885 695 4934 p.
714 4871 772 4921 tei.
806 4873 921 4936 Legitur
938 4875 966 4921 et
981 4873 1010 4922 in
1028 4873 1118 4924 trente
1132 4872 1241 4924 Codicis
1258 4879 1414 4938 synopseos
1431 4879 1457 4925 S.
1476 4877 1560 4926 Marc.
1578 4871 1699 4924 Notio.
1716 4875 1809 4924 iuncta
1825 4871 1906 4938 λύσει,
1925 4877 2001 4924 cuins
2019 4877 2074 4924 ini-

186 4958 278 5007 num:
296 4951 411 5016 ,Ἐκεῖνα
428 4954 485 5018 iupa
503 4952 628 5020 σκοπόι,“
646 4957 681 5006 ci.
701 4957 862 5022 zeitschrift
877 4957 896 5004 1.
915 4967 940 5005 c.
958 4969 984 5020 p.
1002 4958 1067 5008 224.
1086 4963 1114 5008 et
1131 4961 1266 5009 exstatin
1283 4963 1371 5022 capite
1387 4960 1486 5010 dex.
1504 4960 1576 5020 libri,
1595 4959 1638 5007 cui
1657 4959 1764 5008 titurius:
1791 4959 1947 5010 Kormzaa'n
1963 4959 2076 5025 Kntpa:

187 5039 233 5091 ot.
252 5037 296 5090 111.
316 5037 459 5088 Btenerurn
477 5040 520 5088 in:
539 5041 674 5090 zeitscirr.
689 5041 742 5103 scir
756 5043 844 5104 pescia
864 5039 1035 5092 acciaens.
1056 5047 1120 5093 tom.
1138 5043 1211 5094 vni.
1228 5059 1255 5108 p.
1272 5045 1333 5094 277.
1366 5045 1488 5106 Denique
1504 5045 1533 5091 in
1550 5041 1772 5106 Uilenbaebiano,
1789 5045 1842 5092 iam
1858 5045 2003 5108 Lipsiensi,
2027 5055 2076 5094 ee-

184 5126 260 5175 ‹lice
284 5121 408 5170 Procbiri
433 5123 508 5170 aucti
525 5124 628 5172 inserta
652 5129 694 5172 est
712 5125 792 5173 titaio
809 5123 852 5173 84.
871 5126 929 5172 eitra
947 5129 1054 5186 operis:
1091 5127 1127 5176 ci.
1148 5127 1302 5179 Heinabacir.
1321 5129 1461 5178 anecdota
1488 5131 1551 5176 tom.
1569 5127 1590 5175 1.
1608 5140 1633 5188 p.
1655 5127 1825 5190 xxxvi11.;
1853 5141 1887 5177 an
1909 5140 1976 5177 vero
1994 5131 2022 5178 ct
2046 5130 2075 5178 in

183 5209 259 5262 aliis
276 5204 424 5269 codicibus,
441 5217 490 5265 pro
510 5211 586 5254 certo
604 5205 741 5277 aiflrmnre
758 5219 813 5256 non
830 5207 926 5256 audeo.
1036 5211 1086 5267 22)
1103 5211 1243 5262 anecdota
1260 5217 1322 5262 tom.
1340 5213 1360 5260 1.
1379 5225 1404 5272 p.
1422 5209 1508 5259 xulv
1519 5211 1665 5261 -xbvii.
1683 5212 1746 5261 eoii.
1771 5212 1891 5275 diener,
1917 5212 2074 5265 Gescbicbte

183 5295 249 5348 aar
266 5288 399 5340 Nceeiien
417 5301 443 5350 p.
462 5288 620 5339 ise-ies.
688 5291 738 5348 23)
755 5291 845 5351 Duas,
858 5289 891 5338 de
909 5289 1074 5354 adscriptitis
1093 5299 1121 5343 et
1138 5295 1253 5362 colonis,
1270 5309 1286 5346 a
1305 5295 1418 5346 calamo
1437 5299 1464 5342 et
1481 5293 1590 5344 iiiiraeo
1608 5296 1707 5359 editas,
1725 5295 1850 5345 debemus
1875 5297 1963 5346 codici
1979 5309 2075 5348 menu-

182 5377 300 5437 scripto
317 5369 434 5435 aymare
452 5372 625 5440 Ranconeii,
644 5377 689 5438 qui
706 5387 778 5424 nrnne
796 5377 838 5423 est
854 5373 1016 5423 Parisiensis
1033 5375 1108 5426 4568.
1144 5378 1264 5428 Tertiam
1281 5391 1362 5442 vero,
1388 5379 1421 5426 de
1438 5379 1591 5440 privilegiis
1607 5375 1724 5430 concilii
1745 5381 1888 5443 vizaceni,
1913 5383 1982 5432 unde
2005 5385 2072 5446 ban-

181 5461 275 5521 serit,
297 5458 343 5520 qui
366 5459 469 5518 primns
491 5469 550 5506 eam
575 5459 667 5520 edidit,
702 5457 805 5509 Petrae
827 5457 958 5508 Pittacus
984 5461 1033 5518 (ei.
1059 5459 1082 5508 1.
1106 5465 1133 5510 et
1150 5463 1201 5512 tir.
1219 5463 1326 5512 Pittaci
1344 5461 1551 5511 Observationes
1567 5463 1602 5512 ad
1619 5463 1747 5515 codicem
1770 5471 1799 5515 et
1815 5465 1950 5516 Novelias.
1984 5468 2071 5518 Paria.

180 5545 274 5600 1689.
294 5553 321 5603 p.
339 5540 427 5604 688),
445 5543 596 5604 ignoratur.
632 5542 673 5593 ci.
694 5541 806 5607 iitencr,
826 5543 982 5597 Gescbiebte
998 5543 1050 5594 der
1067 5543 1199 5596 ll'neeilen
1216 5559 1242 5608 p.
1259 5545 1329 5608 482,
1346 5546 1405 5596 488.
1475 5546 1524 5606 24)
1542 5547 1703 5612 zmtsebrist
1717 5549 1769 5614 [tir
1784 5550 1940 5614 peselriclrii.
1957 5550 2074 5602 melib-

180 5632 270 5683 wiss.
290 5629 354 5675 tom.
372 5623 445 5674 viii.
462 5625 525 5675 281.
601 5628 652 5686 25)
670 5623 709 5676 Aa
726 5625 807 5695 ῥοπαὶ
824 5640 850 5691 p.
868 5627 920 5689 84,
937 5628 980 5678 tie.
1015 5628 1084 5677 illst.
1103 5632 1154 5680 iur.
1173 5629 1375 5681 craece-nom.
1392 5642 1420 5692 p.
1437 5629 1489 5694 61,
1506 5632 1549 5680 85.
1616 5633 2072 5702 28)Ζιι’111111·111[ιϊν9111111111.

180 5711 374 5768 Recitenriaa.
392 5711 455 5758 tom.
473 5709 547 5762 viil.
572 5725 598 5774 p.
617 5709 773 5760 iro-iso.
874 5711 921 5770 27)
939 5713 1102 5780 Zeiiselndlt
1116 5713 1137 5762 1.
1155 5725 1179 5762 c.
1195 5725 1221 5775 p.
1240 5711 1309 5776 iet,
1326 5713 1397 5777 iac,
1431 5715 1611 5766 Bieneribid.
1629 5716 1742 5783 11281,
1765 5719 1920 5773 Znelrcrtue
1947 5723 1978 5772 at
1992 5717 2073 5790 ῥιπαὶ

180 5812 216 5864 p.
237 5795 295 5857 81,
311 5793 382 5845 illst.
400 5796 452 5846 iur.
472 5791 614 5847 tin-ilem.
633 5809 659 5860 p.
676 5795 719 5847 ee.
737 5795 786 5846 No.
805 5807 831 5846 a.
848 5799 877 5847 et
892 5799 948 5847 not.
967 5799 1010 5848 nt.
1090 5795 1137 5856 28)
1154 5798 1317 5864 Zeiteelrrist
1331 5799 1351 5851 l.
1369 5811 1393 5851 c.
1410 5814 1436 5865 p.
1454 5799 1609 5852 teo-iet.
