<?xml version="1.0" encoding="UTF-8"?>
<!DOCTYPE html PUBLIC "-//W3C//DTD XHTML 1.0 Transitional//EN"
    "http://www.w3.org/TR/xhtml1/DTD/xhtml1-transitional.dtd">
<html xmlns="http://www.w3.org/1999/xhtml" xml:lang="en" lang="en">
 <head>
  <title>
</title>
<meta http-equiv="Content-Type" content="text/html;charset=utf-8" />
  <meta name='ocr-system' content='tesseract 3.04.00' />
  <meta name='ocr-capabilities' content='ocr_page ocr_carea ocr_par ocr_line ocrx_word'/>
</head>
<body>
  <div class='ocr_page' id='page_1' title='image "./anekdotaexcodic00theogoog/anekdotaexcodic00theogoog_0109.png"; bbox 0 0 4790 7064; ppageno 0'>
   <div class='ocr_carea' id='block_1_1' title="bbox 377 587 1541 660">
    <p class='ocr_par' dir='ltr' id='par_1_1' title="bbox 377 587 1541 660">
     <span class='ocr_line' id='line_1_1' title="bbox 377 587 1541 660; baseline -0.003 -1"><span class='ocrx_word' id='word_1_1' title='bbox 377 613 480 660; x_wconf 81' lang='lat' dir='ltr'><strong>xevtu</strong></span> <span class='ocrx_word' id='word_1_2' title='bbox 1061 587 1541 659; x_wconf 73' lang='lat' dir='ltr'><strong>enobaootttttid</strong></span> 
     </span>
    </p>
   </div>
   <div class='ocr_carea' id='block_1_2' title="bbox 1144 858 1455 931">
    <p class='ocr_par' dir='ltr' id='par_1_2' title="bbox 1144 858 1455 931">
     <span class='ocr_line' id='line_1_2' title="bbox 1144 858 1455 931; baseline -0.013 -3"><span class='ocrx_word' id='word_1_3' title='bbox 1144 859 1204 931; x_wconf 78' lang='lat' dir='ltr'><strong>Vt.</strong></span> <span class='ocrx_word' id='word_1_4' title='bbox 1244 859 1334 928; x_wconf 87' lang='lat' dir='ltr'><strong>Noc.</strong></span> <span class='ocrx_word' id='word_1_5' title='bbox 1361 858 1455 926; x_wconf 86' lang='lat'><strong>100.</strong></span> 
     </span>
    </p>
   </div>
   <div class='ocr_carea' id='block_1_3' title="bbox 281 988 2226 3395">
    <p class='ocr_par' dir='ltr' id='par_1_3' title="bbox 281 988 2226 3395">
     <span class='ocr_line' id='line_1_3' title="bbox 499 988 2224 1082; baseline -0.006 -15"><span class='ocrx_word' id='word_1_6' title='bbox 499 999 538 1066; x_wconf 92' lang='lat' dir='ltr'><strong>Iu</strong></span> <span class='ocrx_word' id='word_1_7' title='bbox 560 999 621 1067; x_wconf 89' lang='lat' dir='ltr'><strong>bae</strong></span> <span class='ocrx_word' id='word_1_8' title='bbox 641 998 810 1066; x_wconf 88' lang='lat' dir='ltr'><strong>Iustiniani</strong></span> <span class='ocrx_word' id='word_1_9' title='bbox 835 993 976 1062; x_wconf 83' lang='lat' dir='ltr'><strong>Novella</strong></span> <span class='ocrx_word' id='word_1_10' title='bbox 1004 991 1089 1060; x_wconf 91' lang='lat' dir='ltr'><strong>datis</strong></span> <span class='ocrx_word' id='word_1_11' title='bbox 1124 1001 1239 1062; x_wconf 87' lang='lat' dir='ltr'><strong>nautae</strong></span> <span class='ocrx_word' id='word_1_12' title='bbox 1246 1044 1256 1082; x_wconf 92' lang='lat'><strong>,</strong></span> <span class='ocrx_word' id='word_1_13' title='bbox 1291 1015 1354 1062; x_wconf 94' lang='lat' dir='ltr'><strong>nou</strong></span> <span class='ocrx_word' id='word_1_14' title='bbox 1376 997 1563 1060; x_wconf 77' lang='lat' dir='ltr'><strong>numeratae</strong></span> <span class='ocrx_word' id='word_1_15' title='bbox 1590 997 1657 1058; x_wconf 91' lang='lat' dir='ltr'><strong>tam</strong></span> <span class='ocrx_word' id='word_1_16' title='bbox 1677 990 1853 1076; x_wconf 82' lang='lat' dir='ltr'><strong>actionem,</strong></span> <span class='ocrx_word' id='word_1_17' title='bbox 1887 1007 1981 1076; x_wconf 85' lang='lat' dir='ltr'><strong>qnam</strong></span> <span class='ocrx_word' id='word_1_18' title='bbox 2003 988 2224 1073; x_wconf 83' lang='lat' dir='ltr'><strong>exceptionem</strong></span> 
     </span>
     <span class='ocr_line' id='line_1_4' title="bbox 378 1088 2224 1186; baseline -0.007 -17"><span class='ocrx_word' id='word_1_19' title='bbox 378 1101 477 1170; x_wconf 87' lang='lat' dir='ltr'><strong>certis</strong></span> <span class='ocrx_word' id='word_1_20' title='bbox 498 1100 696 1186; x_wconf 89' lang='lat' dir='ltr'><strong>temporibus</strong></span> <span class='ocrx_word' id='word_1_21' title='bbox 717 1097 856 1166; x_wconf 84' lang='lat' dir='ltr'><strong>cohiberi</strong></span> <span class='ocrx_word' id='word_1_22' title='bbox 876 1093 1020 1182; x_wconf 83' lang='lat' dir='ltr'><strong>plerique</strong></span> <span class='ocrx_word' id='word_1_23' title='bbox 1041 1095 1104 1162; x_wconf 89' lang='lat' dir='ltr'><strong>viri</strong></span> <span class='ocrx_word' id='word_1_24' title='bbox 1125 1095 1211 1162; x_wconf 88' lang='lat' dir='ltr'><strong>docti</strong></span> <span class='ocrx_word' id='word_1_25' title='bbox 1226 1088 1507 1184; x_wconf 77' lang='lat' dir='ltr'><strong>existimarunt1).</strong></span> <span class='ocrx_word' id='word_1_26' title='bbox 1550 1089 1826 1174; x_wconf 74' lang='lat' dir='ltr'><strong>Bncbbatains’]</strong></span> <span class='ocrx_word' id='word_1_27' title='bbox 1848 1095 1955 1156; x_wconf 71' lang='lat' dir='ltr'><strong>muron</strong></span> <span class='ocrx_word' id='word_1_28' title='bbox 1970 1097 2035 1154; x_wconf 89' lang='lat' dir='ltr'><strong>tam</strong></span> <span class='ocrx_word' id='word_1_29' title='bbox 2051 1107 2096 1153; x_wconf 90' lang='lat' dir='ltr'><strong>ex</strong></span> <span class='ocrx_word' id='word_1_30' title='bbox 2112 1093 2224 1156; x_wconf 90' lang='lat' dir='ltr'><strong>tenore</strong></span> 
     </span>
     <span class='ocr_line' id='line_1_5' title="bbox 375 1188 2225 1284; baseline -0.006 -15"><span class='ocrx_word' id='word_1_31' title='bbox 375 1201 469 1269; x_wconf 91' lang='lat' dir='ltr'><strong>buius</strong></span> <span class='ocrx_word' id='word_1_32' title='bbox 490 1200 650 1267; x_wconf 89' lang='lat' dir='ltr'><strong>Noveiiae</strong></span> <span class='ocrx_word' id='word_1_33' title='bbox 672 1195 925 1283; x_wconf 86' lang='lat' dir='ltr'><strong>constitutionis,</strong></span> <span class='ocrx_word' id='word_1_34' title='bbox 954 1215 1047 1281; x_wconf 87' lang='lat' dir='ltr'><strong>qnam</strong></span> <span class='ocrx_word' id='word_1_35' title='bbox 1069 1215 1111 1262; x_wconf 87' lang='lat' dir='ltr'><strong>ex</strong></span> <span class='ocrx_word' id='word_1_36' title='bbox 1134 1215 1193 1284; x_wconf 90' lang='lat' dir='ltr'><strong>eo,</strong></span> <span class='ocrx_word' id='word_1_37' title='bbox 1222 1194 1305 1281; x_wconf 84' lang='lat' dir='ltr'><strong>quod</strong></span> <span class='ocrx_word' id='word_1_38' title='bbox 1326 1195 1493 1280; x_wconf 80' lang='lat' dir='ltr'><strong>legislator</strong></span> <span class='ocrx_word' id='word_1_39' title='bbox 1514 1194 1546 1259; x_wconf 94' lang='lat' dir='ltr'><strong>in</strong></span> <span class='ocrx_word' id='word_1_40' title='bbox 1568 1195 1628 1259; x_wconf 92' lang='lat' dir='ltr'><strong>bao</strong></span> <span class='ocrx_word' id='word_1_41' title='bbox 1649 1193 1723 1277; x_wconf 85' lang='lat' dir='ltr'><strong>iege</strong></span> <span class='ocrx_word' id='word_1_42' title='bbox 1745 1188 1881 1256; x_wconf 83' lang='lat' dir='ltr'><strong>terenda</strong></span> <span class='ocrx_word' id='word_1_43' title='bbox 1902 1193 2034 1254; x_wconf 87' lang='lat' dir='ltr'><strong>secutus</strong></span> <span class='ocrx_word' id='word_1_44' title='bbox 2056 1195 2126 1280; x_wconf 90' lang='lat' dir='ltr'><strong>est,</strong></span> <span class='ocrx_word' id='word_1_45' title='bbox 2146 1210 2225 1258; x_wconf 90' lang='lat' dir='ltr'><strong>cou-</strong></span> 
     </span>
     <span class='ocr_line' id='line_1_6' title="bbox 376 1289 2224 1386; baseline -0.008 -19"><span class='ocrx_word' id='word_1_46' title='bbox 376 1303 449 1368; x_wconf 89' lang='lat' dir='ltr'><strong>siiio</strong></span> <span class='ocrx_word' id='word_1_47' title='bbox 471 1301 554 1366; x_wconf 87' lang='lat' dir='ltr'><strong>satis</strong></span> <span class='ocrx_word' id='word_1_48' title='bbox 576 1299 784 1386; x_wconf 87' lang='lat' dir='ltr'><strong>probabiiiter</strong></span> <span class='ocrx_word' id='word_1_49' title='bbox 804 1295 929 1382; x_wconf 85' lang='lat' dir='ltr'><strong>docuit,</strong></span> <span class='ocrx_word' id='word_1_50' title='bbox 951 1294 993 1361; x_wconf 92' lang='lat' dir='ltr'><strong>de</strong></span> <span class='ocrx_word' id='word_1_51' title='bbox 1015 1295 1086 1363; x_wconf 87' lang='lat' dir='ltr'><strong>sola</strong></span> <span class='ocrx_word' id='word_1_52' title='bbox 1107 1296 1192 1362; x_wconf 89' lang='lat' dir='ltr'><strong>dotis</strong></span> <span class='ocrx_word' id='word_1_53' title='bbox 1221 1304 1350 1382; x_wconf 69' lang='lat' dir='ltr'><strong>caune,</strong></span> <span class='ocrx_word' id='word_1_54' title='bbox 1383 1317 1446 1362; x_wconf 92' lang='lat' dir='ltr'><strong>non</strong></span> <span class='ocrx_word' id='word_1_55' title='bbox 1468 1299 1653 1362; x_wconf 88' lang='lat' dir='ltr'><strong>numeratae</strong></span> <span class='ocrx_word' id='word_1_56' title='bbox 1676 1292 1808 1378; x_wconf 86' lang='lat' dir='ltr'><strong>querela</strong></span> <span class='ocrx_word' id='word_1_57' title='bbox 1828 1291 1889 1356; x_wconf 91' lang='lat' dir='ltr'><strong>buo</strong></span> <span class='ocrx_word' id='word_1_58' title='bbox 1916 1289 2085 1357; x_wconf 88' lang='lat' dir='ltr'><strong>luccesse</strong></span> <span class='ocrx_word' id='word_1_59' title='bbox 2111 1299 2224 1358; x_wconf 87' lang='lat' dir='ltr'><strong>aetum.</strong></span> 
     </span>
     <span class='ocr_line' id='line_1_7' title="bbox 375 1391 2223 1486; baseline -0.005 -17"><span class='ocrx_word' id='word_1_60' title='bbox 375 1401 430 1469; x_wconf 88' lang='lat' dir='ltr'><strong>De</strong></span> <span class='ocrx_word' id='word_1_61' title='bbox 456 1402 519 1468; x_wconf 88' lang='lat' dir='ltr'><strong>hac</strong></span> <span class='ocrx_word' id='word_1_62' title='bbox 544 1419 661 1466; x_wconf 89' lang='lat' dir='ltr'><strong>caussa</strong></span> <span class='ocrx_word' id='word_1_63' title='bbox 690 1403 837 1464; x_wconf 86' lang='lat' dir='ltr'><strong>veterum</strong></span> <span class='ocrx_word' id='word_1_64' title='bbox 865 1398 1074 1486; x_wconf 72' lang='lat' dir='ltr'><strong>interpretum</strong></span> <span class='ocrx_word' id='word_1_65' title='bbox 1102 1403 1154 1463; x_wconf 88' lang='lat' dir='ltr'><strong>est</strong></span> <span class='ocrx_word' id='word_1_66' title='bbox 1181 1396 1267 1462; x_wconf 89' lang='lat' dir='ltr'><strong>iuter</strong></span> <span class='ocrx_word' id='word_1_67' title='bbox 1294 1414 1372 1461; x_wconf 88' lang='lat' dir='ltr'><strong>sese</strong></span> <span class='ocrx_word' id='word_1_68' title='bbox 1399 1395 1575 1462; x_wconf 86' lang='lat' dir='ltr'><strong>dissensio.</strong></span> <span class='ocrx_word' id='word_1_69' title='bbox 1618 1393 1760 1458; x_wconf 85' lang='lat' dir='ltr'><strong>lulianus</strong></span> <span class='ocrx_word' id='word_1_70' title='bbox 1794 1391 1920 1478; x_wconf 87' lang='lat' dir='ltr'><strong>quidem</strong></span> <span class='ocrx_word' id='word_1_71' title='bbox 1955 1397 1989 1456; x_wconf 92' lang='lat' dir='ltr'><strong>et</strong></span> <span class='ocrx_word' id='word_1_72' title='bbox 2022 1391 2223 1460; x_wconf 78' lang='lat' dir='ltr'><strong>Athanasius</strong></span> 
     </span>
     <span class='ocr_line' id='line_1_8' title="bbox 375 1485 2223 1586; baseline -0.005 -18"><span class='ocrx_word' id='word_1_73' title='bbox 375 1501 554 1570; x_wconf 85' lang='lat' dir='ltr'><strong>Bnebboini</strong></span> <span class='ocrx_word' id='word_1_74' title='bbox 581 1499 760 1586; x_wconf 88' lang='lat' dir='ltr'><strong>opinionem</strong></span> <span class='ocrx_word' id='word_1_75' title='bbox 788 1501 925 1562; x_wconf 87' lang='lat' dir='ltr'><strong>tuentur.</strong></span> <span class='ocrx_word' id='word_1_76' title='bbox 969 1485 1182 1564; x_wconf 76' lang='lat' dir='ltr'><strong>Aebutianus</strong></span> <span class='ocrx_word' id='word_1_77' title='bbox 1204 1495 1330 1583; x_wconf 88' lang='lat' dir='ltr'><strong>quidem</strong></span> <span class='ocrx_word' id='word_1_78' title='bbox 1352 1505 1459 1562; x_wconf 62' lang='lat' dir='ltr'><strong>coust:</strong></span> <span class='ocrx_word' id='word_1_79' title='bbox 1479 1493 1542 1561; x_wconf 81' lang='lat'><strong>93.</strong></span> <span class='ocrx_word' id='word_1_80' title='bbox 1564 1513 1637 1580; x_wconf 89' lang='lat' dir='ltr'><strong>cap.</strong></span> <span class='ocrx_word' id='word_1_81' title='bbox 1659 1490 1768 1558; x_wconf 57' lang='lat' dir='ltr'><strong>titiis</strong></span> <span class='ocrx_word' id='word_1_82' title='bbox 1791 1531 1831 1542; x_wconf 88' lang='lat'><em>-</em></span> <span class='ocrx_word' id='word_1_83' title='bbox 1851 1493 2026 1579; x_wconf 71' lang='lat' dir='ltr'><strong>nordana,</strong></span> <span class='ocrx_word' id='word_1_84' title='bbox 2046 1496 2223 1579; x_wconf 77' lang='grc' dir='ltr'><strong><em>αηίιηιαινι</em></strong></span> 
     </span>
     <span class='ocr_line' id='line_1_9' title="bbox 281 1595 2224 1685; baseline -0.005 -17"><span class='ocrx_word' id='word_1_85' title='bbox 281 1645 284 1654; x_wconf 73' lang='lat'><em>=</em></span> <span class='ocrx_word' id='word_1_86' title='bbox 376 1601 502 1670; x_wconf 84' lang='lat' dir='ltr'><strong>biennii</strong></span> <span class='ocrx_word' id='word_1_87' title='bbox 522 1605 648 1685; x_wconf 78' lang='lat' dir='ltr'><strong>tempera</strong></span> <span class='ocrx_word' id='word_1_88' title='bbox 668 1597 863 1682; x_wconf 80' lang='lat' dir='ltr'><strong>impleatur,</strong></span> <span class='ocrx_word' id='word_1_89' title='bbox 894 1597 993 1662; x_wconf 73' lang='lat' dir='ltr'><strong>beent</strong></span> <span class='ocrx_word' id='word_1_90' title='bbox 1008 1599 1129 1663; x_wconf 85' lang='lat' dir='ltr'><strong>marito</strong></span> <span class='ocrx_word' id='word_1_91' title='bbox 1156 1597 1345 1663; x_wconf 79' lang='lat' dir='ltr'><strong>valderedi</strong></span> <span class='ocrx_word' id='word_1_92' title='bbox 1368 1600 1440 1662; x_wconf 81' lang='lat' dir='ltr'><strong>eires</strong></span> <span class='ocrx_word' id='word_1_93' title='bbox 1465 1615 1547 1662; x_wconf 89' lang='lat' dir='ltr'><strong>non</strong></span> <span class='ocrx_word' id='word_1_94' title='bbox 1574 1597 1822 1660; x_wconf 71' lang='lat' dir='ltr'><strong>enumeratae</strong></span> <span class='ocrx_word' id='word_1_95' title='bbox 1850 1595 1965 1658; x_wconf 82' lang='lat' dir='ltr'><strong>dotis</strong></span> <span class='ocrx_word' id='word_1_96' title='bbox 1985 1595 2078 1658; x_wconf 86' lang='lat' dir='ltr'><strong>intra</strong></span> <span class='ocrx_word' id='word_1_97' title='bbox 2098 1613 2224 1660; x_wconf 79' lang='lat' dir='ltr'><strong>arenam</strong></span> 
     </span>
     <span class='ocr_line' id='line_1_10' title="bbox 374 1693 2224 1789; baseline -0.004 -23"><span class='ocrx_word' id='word_1_98' title='bbox 374 1739 418 1754; x_wconf 88' lang='lat'>-</span> <span class='ocrx_word' id='word_1_99' title='bbox 439 1701 704 1789; x_wconf 78' lang='lat' dir='ltr'><strong>querimonia</strong></span> <span class='ocrx_word' id='word_1_100' title='bbox 733 1699 803 1763; x_wconf 86' lang='lat' dir='ltr'><strong>nti.</strong></span> <span class='ocrx_word' id='word_1_101' title='bbox 848 1697 974 1778; x_wconf 59' lang='lat' dir='ltr'><strong>weitai</strong></span> <span class='ocrx_word' id='word_1_102' title='bbox 1001 1717 1107 1782; x_wconf 77' lang='lat' dir='ltr'><strong>stupra</strong></span> <span class='ocrx_word' id='word_1_103' title='bbox 1139 1699 1223 1762; x_wconf 80' lang='lat' dir='ltr'><strong>dacos</strong></span> <span class='ocrx_word' id='word_1_104' title='bbox 1250 1713 1358 1762; x_wconf 86' lang='lat' dir='ltr'><strong>annae</strong></span> <span class='ocrx_word' id='word_1_105' title='bbox 1386 1693 1502 1784; x_wconf 78' lang='lat' dir='ltr'><strong>(intra</strong></span> <span class='ocrx_word' id='word_1_106' title='bbox 1523 1697 1720 1762; x_wconf 83' lang='lat' dir='ltr'><strong>decennium</strong></span> <span class='ocrx_word' id='word_1_107' title='bbox 1741 1693 1876 1782; x_wconf 76' lang='lat' dir='ltr'><strong>tannen)</strong></span> <span class='ocrx_word' id='word_1_108' title='bbox 1902 1696 2148 1760; x_wconf 80' lang='lat' dir='ltr'><strong>matrimonium</strong></span> <span class='ocrx_word' id='word_1_109' title='bbox 2167 1713 2224 1759; x_wconf 79' lang='lat' dir='ltr'><strong>so-</strong></span> 
     </span>
     <span class='ocr_line' id='line_1_11' title="bbox 375 1791 2224 1889; baseline -0.006 -19"><span class='ocrx_word' id='word_1_110' title='bbox 375 1805 479 1870; x_wconf 86' lang='lat' dir='ltr'><strong>tatnm</strong></span> <span class='ocrx_word' id='word_1_111' title='bbox 497 1801 615 1889; x_wconf 74' lang='lat' dir='ltr'><strong>suerit,</strong></span> <span class='ocrx_word' id='word_1_112' title='bbox 636 1802 727 1866; x_wconf 88' lang='lat' dir='ltr'><strong>intra</strong></span> <span class='ocrx_word' id='word_1_113' title='bbox 748 1800 816 1863; x_wconf 76' lang='lat' dir='ltr'><strong>tres</strong></span> <span class='ocrx_word' id='word_1_114' title='bbox 835 1817 965 1864; x_wconf 80' lang='lat' dir='ltr'><strong>menaea</strong></span> <span class='ocrx_word' id='word_1_115' title='bbox 984 1799 1124 1864; x_wconf 82' lang='lat' dir='ltr'><strong>martine</strong></span> <span class='ocrx_word' id='word_1_116' title='bbox 1144 1797 1198 1864; x_wconf 83' lang='lat' dir='ltr'><strong>aet</strong></span> <span class='ocrx_word' id='word_1_117' title='bbox 1214 1797 1354 1864; x_wconf 78' lang='lat' dir='ltr'><strong>heredes</strong></span> <span class='ocrx_word' id='word_1_118' title='bbox 1375 1801 1448 1864; x_wconf 76' lang='lat' dir='ltr'><strong>etin</strong></span> <span class='ocrx_word' id='word_1_119' title='bbox 1468 1797 1611 1863; x_wconf 88' lang='lat' dir='ltr'><strong>eadem</strong></span> <span class='ocrx_word' id='word_1_120' title='bbox 1633 1797 1902 1882; x_wconf 80' lang='lat' dir='ltr'><strong>querimonia</strong></span> <span class='ocrx_word' id='word_1_121' title='bbox 1922 1797 2105 1860; x_wconf 76' lang='lat' dir='ltr'><strong>niteretur.</strong></span> <span class='ocrx_word' id='word_1_122' title='bbox 2147 1791 2224 1860; x_wconf 88' lang='lat' dir='ltr'><strong>De-</strong></span> 
     </span>
     <span class='ocr_line' id='line_1_12' title="bbox 375 1895 2225 1989; baseline -0.005 -18"><span class='ocrx_word' id='word_1_123' title='bbox 375 1906 492 1971; x_wconf 88' lang='lat' dir='ltr'><strong>eennio</strong></span> <span class='ocrx_word' id='word_1_124' title='bbox 513 1904 622 1966; x_wconf 85' lang='lat' dir='ltr'><strong>antem</strong></span> <span class='ocrx_word' id='word_1_125' title='bbox 643 1901 817 1989; x_wconf 85' lang='lat' dir='ltr'><strong>completo,</strong></span> <span class='ocrx_word' id='word_1_126' title='bbox 849 1902 880 1964; x_wconf 81' lang='lat' dir='ltr'><strong>ei</strong></span> <span class='ocrx_word' id='word_1_127' title='bbox 904 1899 1025 1964; x_wconf 84' lang='lat' dir='ltr'><strong>natta</strong></span> <span class='ocrx_word' id='word_1_128' title='bbox 1052 1901 1318 1984; x_wconf 84' lang='lat' dir='ltr'><strong>querimonia</strong></span> <span class='ocrx_word' id='word_1_129' title='bbox 1346 1917 1446 1963; x_wconf 76' lang='lat' dir='ltr'><strong>aaran</strong></span> <span class='ocrx_word' id='word_1_130' title='bbox 1475 1901 1553 1976; x_wconf 88' lang='lat' dir='ltr'><strong>eat,</strong></span> <span class='ocrx_word' id='word_1_131' title='bbox 1590 1897 1745 1961; x_wconf 75' lang='lat' dir='ltr'><strong>ridentia</strong></span> <span class='ocrx_word' id='word_1_132' title='bbox 1766 1895 1873 1961; x_wconf 88' lang='lat' dir='ltr'><strong>dotem</strong></span> <span class='ocrx_word' id='word_1_133' title='bbox 1893 1899 2072 1979; x_wconf 79' lang='lat' dir='ltr'><strong>accepisse.</strong></span> <span class='ocrx_word' id='word_1_134' title='bbox 2094 1933 2137 1944; x_wconf 90' lang='lat'>-</span> <span class='ocrx_word' id='word_1_135' title='bbox 2163 1895 2225 1962; x_wconf 82' lang='lat' dir='ltr'><strong>nn</strong></span> 
     </span>
     <span class='ocr_line' id='line_1_13' title="bbox 374 1997 2224 2085; baseline -0.005 -14"><span class='ocrx_word' id='word_1_136' title='bbox 374 2007 484 2071; x_wconf 86' lang='lat' dir='ltr'><strong>autern</strong></span> <span class='ocrx_word' id='word_1_137' title='bbox 511 2000 633 2084; x_wconf 81' lang='lat' dir='ltr'><strong>debet</strong></span> <span class='ocrx_word' id='word_1_138' title='bbox 658 2019 740 2066; x_wconf 91' lang='lat' dir='ltr'><strong>non</strong></span> <span class='ocrx_word' id='word_1_139' title='bbox 760 2001 1010 2066; x_wconf 80' lang='lat' dir='ltr'><strong>numeratae</strong></span> <span class='ocrx_word' id='word_1_140' title='bbox 1038 1999 1149 2062; x_wconf 84' lang='lat' dir='ltr'><strong>dotia</strong></span> <span class='ocrx_word' id='word_1_141' title='bbox 1178 2001 1444 2084; x_wconf 82' lang='lat' dir='ltr'><strong>querimonia</strong></span> <span class='ocrx_word' id='word_1_142' title='bbox 1471 2001 1557 2082; x_wconf 85' lang='lat' dir='ltr'><strong>nti,</strong></span> <span class='ocrx_word' id='word_1_143' title='bbox 1593 1999 1651 2085; x_wconf 75' lang='lat' dir='ltr'><strong>proi</strong></span> <span class='ocrx_word' id='word_1_144' title='bbox 1677 1997 1822 2080; x_wconf 66' lang='lat' dir='ltr'><strong>scriptas</strong></span> <span class='ocrx_word' id='word_1_145' title='bbox 1849 2001 1898 2064; x_wconf 83' lang='lat' dir='ltr'><strong>est</strong></span> <span class='ocrx_word' id='word_1_146' title='bbox 1918 1999 2026 2063; x_wconf 87' lang='lat' dir='ltr'><strong>dotem</strong></span> <span class='ocrx_word' id='word_1_147' title='bbox 2045 1999 2224 2081; x_wconf 78' lang='lat' dir='ltr'><strong>occepisse.</strong></span> 
     </span>
     <span class='ocr_line' id='line_1_14' title="bbox 377 2097 2224 2187; baseline -0.003 -18"><span class='ocrx_word' id='word_1_148' title='bbox 377 2104 622 2187; x_wconf 72' lang='grc' dir='ltr'><strong><em>Ωασήνιοηίσνι</em></strong></span> <span class='ocrx_word' id='word_1_149' title='bbox 649 2103 760 2166; x_wconf 82' lang='lat' dir='ltr'><strong>aciem</strong></span> <span class='ocrx_word' id='word_1_150' title='bbox 777 2098 856 2185; x_wconf 77' lang='lat' dir='ltr'><strong>fieri</strong></span> <span class='ocrx_word' id='word_1_151' title='bbox 882 2101 1011 2186; x_wconf 85' lang='lat' dir='ltr'><strong>oportet</strong></span> <span class='ocrx_word' id='word_1_152' title='bbox 1029 2117 1098 2164; x_wconf 91' lang='lat' dir='ltr'><strong>non</strong></span> <span class='ocrx_word' id='word_1_153' title='bbox 1118 2099 1211 2164; x_wconf 80' lang='lat' dir='ltr'><strong>noda</strong></span> <span class='ocrx_word' id='word_1_154' title='bbox 1232 2099 1500 2180; x_wconf 67' lang='lat' dir='ltr'><strong>mantichoran,</strong></span> <span class='ocrx_word' id='word_1_155' title='bbox 1522 2099 1582 2164; x_wconf 79' lang='lat' dir='ltr'><strong>sed</strong></span> <span class='ocrx_word' id='word_1_156' title='bbox 1603 2101 1638 2164; x_wconf 87' lang='lat' dir='ltr'><strong>in</strong></span> <span class='ocrx_word' id='word_1_157' title='bbox 1660 2101 1802 2182; x_wconf 77' lang='lat' dir='ltr'><strong>seriptis.</strong></span> <span class='ocrx_word' id='word_1_158' title='bbox 1846 2097 1973 2178; x_wconf 70' lang='grc' dir='ltr'><strong><em>θανόν·</em></strong></span> <span class='ocrx_word' id='word_1_159' title='bbox 1992 2101 2027 2163; x_wconf 88' lang='lat' dir='ltr'><strong>et</strong></span> <span class='ocrx_word' id='word_1_160' title='bbox 2046 2099 2082 2163; x_wconf 88' lang='lat' dir='ltr'><strong>in</strong></span> <span class='ocrx_word' id='word_1_161' title='bbox 2102 2098 2224 2164; x_wconf 80' lang='lat' dir='ltr'><strong>indicio</strong></span> 
     </span>
     <span class='ocr_line' id='line_1_15' title="bbox 374 2197 2225 2287; baseline -0.004 -15"><span class='ocrx_word' id='word_1_162' title='bbox 374 2207 579 2282; x_wconf 72' lang='lat' dir='ltr'><strong>animator,</strong></span> <span class='ocrx_word' id='word_1_163' title='bbox 613 2201 741 2287; x_wconf 82' lang='lat' dir='ltr'><strong>oportet</strong></span> <span class='ocrx_word' id='word_1_164' title='bbox 768 2203 859 2267; x_wconf 89' lang='lat' dir='ltr'><strong>omni</strong></span> <span class='ocrx_word' id='word_1_165' title='bbox 883 2203 980 2266; x_wconf 87' lang='lat' dir='ltr'><strong>modo</strong></span> <span class='ocrx_word' id='word_1_166' title='bbox 1007 2202 1176 2266; x_wconf 85' lang='lat' dir='ltr'><strong>mutierem</strong></span> <span class='ocrx_word' id='word_1_167' title='bbox 1208 2201 1397 2266; x_wconf 85' lang='lat' dir='ltr'><strong>certiorari.</strong></span> <span class='ocrx_word' id='word_1_168' title='bbox 1443 2199 1644 2265; x_wconf 81' lang='lat' dir='ltr'><strong>Athanasius</strong></span> <span class='ocrx_word' id='word_1_169' title='bbox 1674 2207 1780 2265; x_wconf 89' lang='lat' dir='ltr'><strong>autem</strong></span> <span class='ocrx_word' id='word_1_170' title='bbox 1810 2199 1859 2264; x_wconf 91' lang='lat' dir='ltr'><strong>tit.</strong></span> <span class='ocrx_word' id='word_1_171' title='bbox 1892 2197 1950 2264; x_wconf 87' lang='grc'><strong>10.</strong></span> <span class='ocrx_word' id='word_1_172' title='bbox 1973 2205 2076 2264; x_wconf 91' lang='lat' dir='ltr'><strong>coust.</strong></span> <span class='ocrx_word' id='word_1_173' title='bbox 2102 2197 2164 2264; x_wconf 92' lang='grc'><strong>11.</strong></span> <span class='ocrx_word' id='word_1_174' title='bbox 2183 2198 2225 2266; x_wconf 92' lang='lat' dir='ltr'><strong>de</strong></span> 
     </span>
     <span class='ocr_line' id='line_1_16' title="bbox 375 2293 2225 2388; baseline -0.005 -16"><span class='ocrx_word' id='word_1_175' title='bbox 375 2305 446 2372; x_wconf 88' lang='lat' dir='ltr'><strong>sola</strong></span> <span class='ocrx_word' id='word_1_176' title='bbox 467 2305 553 2372; x_wconf 90' lang='lat' dir='ltr'><strong>dotis</strong></span> <span class='ocrx_word' id='word_1_177' title='bbox 573 2323 637 2369; x_wconf 92' lang='lat' dir='ltr'><strong>nou</strong></span> <span class='ocrx_word' id='word_1_178' title='bbox 658 2308 843 2368; x_wconf 83' lang='lat' dir='ltr'><strong>numeratae</strong></span> <span class='ocrx_word' id='word_1_179' title='bbox 864 2301 996 2388; x_wconf 81' lang='lat' dir='ltr'><strong>querela</strong></span> <span class='ocrx_word' id='word_1_180' title='bbox 1016 2301 1172 2388; x_wconf 78' lang='lat' dir='ltr'><strong>loquitur,</strong></span> <span class='ocrx_word' id='word_1_181' title='bbox 1193 2299 1349 2366; x_wconf 88' lang='lat' dir='ltr'><strong>adfinem</strong></span> <span class='ocrx_word' id='word_1_182' title='bbox 1371 2307 1478 2366; x_wconf 90' lang='lat' dir='ltr'><strong>autem</strong></span> <span class='ocrx_word' id='word_1_183' title='bbox 1498 2297 1581 2365; x_wconf 92' lang='lat' dir='ltr'><strong>baec</strong></span> <span class='ocrx_word' id='word_1_184' title='bbox 1601 2299 1710 2365; x_wconf 85' lang='lat' dir='ltr'><strong>addit:</strong></span> <span class='ocrx_word' id='word_1_185' title='bbox 1738 2303 1932 2381; x_wconf 74' lang='grc' dir='ltr'><strong><em>σημείωσαι,</em></strong></span> <span class='ocrx_word' id='word_1_186' title='bbox 1961 2293 2011 2362; x_wconf 86' lang='grc' dir='ltr'><strong><em>ὅτι</em></strong></span> <span class='ocrx_word' id='word_1_187' title='bbox 2032 2297 2225 2382; x_wconf 81' lang='grc' dir='ltr'><strong><em>ιἰιιοληψιως</em></strong></span> 
     </span>
     <span class='ocr_line' id='line_1_17' title="bbox 375 2397 2224 2494; baseline -0.003 -23"><span class='ocrx_word' id='word_1_188' title='bbox 375 2404 471 2482; x_wconf 82' lang='grc' dir='ltr'><em>οὔσης</em></span> <span class='ocrx_word' id='word_1_189' title='bbox 497 2403 643 2494; x_wconf 81' lang='grc' dir='ltr'><strong><em>προικός,</em></strong></span> <span class='ocrx_word' id='word_1_190' title='bbox 680 2401 718 2490; x_wconf 83' lang='grc' dir='ltr'>σύ</span> <span class='ocrx_word' id='word_1_191' title='bbox 743 2400 836 2487; x_wconf 81' lang='grc' dir='ltr'><strong><em>χώρα</em></strong></span> <span class='ocrx_word' id='word_1_192' title='bbox 864 2403 904 2485; x_wconf 76' lang='grc' dir='ltr'><strong>τῇ</strong></span> <span class='ocrx_word' id='word_1_193' title='bbox 930 2407 1061 2486; x_wconf 69' lang='grc' dir='ltr'><strong><em>μέμψει.</em></strong></span> <span class='ocrx_word' id='word_1_194' title='bbox 1105 2397 1232 2468; x_wconf 83' lang='lat' dir='ltr'><strong>Contra</strong></span> <span class='ocrx_word' id='word_1_195' title='bbox 1255 2421 1335 2468; x_wconf 89' lang='lat' dir='ltr'><strong>vero</strong></span> <span class='ocrx_word' id='word_1_196' title='bbox 1364 2399 1557 2468; x_wconf 85' lang='lat' dir='ltr'><strong>Theodorus</strong></span> <span class='ocrx_word' id='word_1_197' title='bbox 1585 2400 1866 2486; x_wconf 85' lang='lat' dir='ltr'><strong>Hermopolitanus</strong></span> <span class='ocrx_word' id='word_1_198' title='bbox 1894 2399 1935 2466; x_wconf 91' lang='lat' dir='ltr'><strong>ad</strong></span> <span class='ocrx_word' id='word_1_199' title='bbox 1967 2401 2055 2466; x_wconf 90' lang='lat' dir='ltr'><strong>Nov.</strong></span> <span class='ocrx_word' id='word_1_200' title='bbox 2083 2399 2169 2466; x_wconf 86' lang='lat'><strong>1⁰0.</strong></span> <span class='ocrx_word' id='word_1_201' title='bbox 2192 2402 2224 2466; x_wconf 92' lang='lat' dir='ltr'><strong>in</strong></span> 
     </span>
     <span class='ocr_line' id='line_1_18' title="bbox 374 2499 2223 2589; baseline -0.004 -16"><span class='ocrx_word' id='word_1_202' title='bbox 374 2507 507 2573; x_wconf 86' lang='lat' dir='ltr'><strong>Basilio.</strong></span> <span class='ocrx_word' id='word_1_203' title='bbox 544 2507 597 2572; x_wconf 89' lang='lat' dir='ltr'><strong>lib.</strong></span> <span class='ocrx_word' id='word_1_204' title='bbox 634 2499 698 2570; x_wconf 76' lang='lat'><strong>29.</strong></span> <span class='ocrx_word' id='word_1_205' title='bbox 732 2504 784 2568; x_wconf 92' lang='lat' dir='ltr'><strong>tit.</strong></span> <span class='ocrx_word' id='word_1_206' title='bbox 814 2499 850 2566; x_wconf 87' lang='grc'><strong>3.</strong></span> <span class='ocrx_word' id='word_1_207' title='bbox 880 2509 984 2569; x_wconf 84' lang='lat' dir='ltr'><strong>const.</strong></span> <span class='ocrx_word' id='word_1_208' title='bbox 1017 2501 1051 2568; x_wconf 92' lang='lat'><strong>1.</strong></span> <span class='ocrx_word' id='word_1_209' title='bbox 1078 2501 1120 2568; x_wconf 84' lang='lat' dir='ltr'><strong>de</strong></span> <span class='ocrx_word' id='word_1_210' title='bbox 1146 2505 1337 2589; x_wconf 84' lang='lat' dir='ltr'><strong>exceptione</strong></span> <span class='ocrx_word' id='word_1_211' title='bbox 1364 2501 1597 2586; x_wconf 87' lang='lat' dir='ltr'><strong>interpretatus</strong></span> <span class='ocrx_word' id='word_1_212' title='bbox 1625 2508 1685 2566; x_wconf 88' lang='lat' dir='ltr'><strong>est.</strong></span> <span class='ocrx_word' id='word_1_213' title='bbox 1727 2499 1785 2566; x_wconf 86' lang='lat' dir='ltr'><strong>Sic</strong></span> <span class='ocrx_word' id='word_1_214' title='bbox 1806 2503 1891 2566; x_wconf 93' lang='lat' dir='ltr'><strong>euim</strong></span> <span class='ocrx_word' id='word_1_215' title='bbox 1912 2501 2010 2565; x_wconf 88' lang='lat' dir='ltr'><strong>babet</strong></span> <span class='ocrx_word' id='word_1_216' title='bbox 2032 2519 2076 2564; x_wconf 87' lang='lat' dir='ltr'><strong>ex</strong></span> <span class='ocrx_word' id='word_1_217' title='bbox 2103 2499 2223 2566; x_wconf 89' lang='lat' dir='ltr'><strong>codicis</strong></span> 
     </span>
     <span class='ocr_line' id='line_1_19' title="bbox 374 2593 2222 2685; baseline -0.005 -11"><span class='ocrx_word' id='word_1_218' title='bbox 374 2607 553 2674; x_wconf 83' lang='lat' dir='ltr'><strong>Florentini</strong></span> <span class='ocrx_word' id='word_1_219' title='bbox 578 2604 778 2672; x_wconf 81' lang='lat' dir='ltr'><strong>testimonio:</strong></span> <span class='ocrx_word' id='word_1_220' title='bbox 811 2599 868 2668; x_wconf 76' lang='grc' dir='ltr'><strong>ἐὰν</strong></span> <span class='ocrx_word' id='word_1_221' title='bbox 895 2605 929 2669; x_wconf 77' lang='grc' dir='ltr'><strong>δὲ</strong></span> <span class='ocrx_word' id='word_1_222' title='bbox 954 2606 1049 2669; x_wconf 77' lang='grc' dir='ltr'><strong><em>πλέον</em></strong></span> <span class='ocrx_word' id='word_1_223' title='bbox 1074 2607 1131 2685; x_wconf 71' lang='grc' dir='ltr'><strong>μὲν</strong></span> <span class='ocrx_word' id='word_1_224' title='bbox 1157 2606 1212 2681; x_wconf 79' lang='grc' dir='ltr'><strong>τῆς</strong></span> <span class='ocrx_word' id='word_1_225' title='bbox 1240 2605 1374 2681; x_wconf 69' lang='lat' dir='ltr'><strong>deaceae,</strong></span> <span class='ocrx_word' id='word_1_226' title='bbox 1407 2593 1504 2680; x_wconf 78' lang='grc' dir='ltr'><strong><em>ἧττον</em></strong></span> <span class='ocrx_word' id='word_1_227' title='bbox 1532 2602 1565 2665; x_wconf 82' lang='lat' dir='ltr'><strong>‹ii</strong></span> <span class='ocrx_word' id='word_1_228' title='bbox 1593 2603 1649 2678; x_wconf 83' lang='grc' dir='ltr'><strong>τῆς</strong></span> <span class='ocrx_word' id='word_1_229' title='bbox 1677 2603 1840 2676; x_wconf 67' lang='lat' dir='ltr'><strong>demetriae</strong></span> <span class='ocrx_word' id='word_1_230' title='bbox 1868 2602 2058 2676; x_wconf 75' lang='grc' dir='ltr'><strong><em>ὲπεκταθιὶς</em></strong></span> <span class='ocrx_word' id='word_1_231' title='bbox 2078 2595 2097 2664; x_wconf 87' lang='grc' dir='ltr'>ὁ</span> <span class='ocrx_word' id='word_1_232' title='bbox 2117 2603 2222 2683; x_wconf 69' lang='grc' dir='ltr'><strong><em>γάμος</em></strong></span> 
     </span>
     <span class='ocr_line' id='line_1_20' title="bbox 374 2699 2223 2792; baseline -0.002 -19"><span class='ocrx_word' id='word_1_233' title='bbox 374 2705 455 2790; x_wconf 74' lang='grc' dir='ltr'><em>μετὰ</em></span> <span class='ocrx_word' id='word_1_234' title='bbox 471 2709 576 2772; x_wconf 79' lang='grc' dir='ltr'><strong><em>ταῦτα</em></strong></span> <span class='ocrx_word' id='word_1_235' title='bbox 595 2707 701 2790; x_wconf 78' lang='grc' dir='ltr'><strong><em>λυθῇ,</em></strong></span> <span class='ocrx_word' id='word_1_236' title='bbox 722 2702 814 2769; x_wconf 78' lang='grc' dir='ltr'>τότε</span> <span class='ocrx_word' id='word_1_237' title='bbox 834 2701 999 2792; x_wconf 80' lang='grc' dir='ltr'><strong><em>ἁρμόζει</em></strong></span> <span class='ocrx_word' id='word_1_238' title='bbox 1019 2703 1135 2780; x_wconf 75' lang='grc' dir='ltr'><strong><em>ἐντὸς</em></strong></span> <span class='ocrx_word' id='word_1_239' title='bbox 1155 2705 1252 2769; x_wconf 72' lang='grc' dir='ltr'><strong><em>δέκα</em></strong></span> <span class='ocrx_word' id='word_1_240' title='bbox 1272 2705 1474 2768; x_wconf 77' lang='grc' dir='ltr'><strong><em>ἐνιαυτῶν</em></strong></span> <span class='ocrx_word' id='word_1_241' title='bbox 1494 2699 1514 2780; x_wconf 77' lang='grc' dir='ltr'><strong><em>ἡ</em></strong></span> <span class='ocrx_word' id='word_1_242' title='bbox 1535 2708 1728 2786; x_wconf 78' lang='grc' dir='ltr'><strong>εἰρημένη</strong></span> <span class='ocrx_word' id='word_1_243' title='bbox 1748 2699 2001 2788; x_wconf 77' lang='grc' dir='ltr'><strong><em>παραγραφὴ</em></strong></span> <span class='ocrx_word' id='word_1_244' title='bbox 2022 2703 2073 2784; x_wconf 81' lang='grc' dir='ltr'><strong>τῷ</strong></span> <span class='ocrx_word' id='word_1_245' title='bbox 2095 2699 2223 2785; x_wconf 71' lang='grc' dir='ltr'><strong><em>ἄνδρα</em></strong></span> 
     </span>
     <span class='ocr_line' id='line_1_21' title="bbox 376 2799 2226 2892; baseline -0.003 -18"><span class='ocrx_word' id='word_1_246' title='bbox 376 2845 415 2858; x_wconf 91' lang='grc'>-</span> <span class='ocrx_word' id='word_1_247' title='bbox 437 2815 465 2873; x_wconf 84' lang='lat' dir='ltr'><strong>et</strong></span> <span class='ocrx_word' id='word_1_248' title='bbox 494 2811 527 2874; x_wconf 74' lang='lat' dir='ltr'><strong>ot</strong></span> <span class='ocrx_word' id='word_1_249' title='bbox 553 2807 707 2890; x_wconf 72' lang='grc' dir='ltr'><em>συσταθῇ</em></span> <span class='ocrx_word' id='word_1_250' title='bbox 735 2802 754 2871; x_wconf 87' lang='grc' dir='ltr'>ὁ</span> <span class='ocrx_word' id='word_1_251' title='bbox 778 2805 882 2887; x_wconf 75' lang='grc' dir='ltr'><strong><em>γάμος</em></strong></span> <span class='ocrx_word' id='word_1_252' title='bbox 908 2803 983 2892; x_wconf 79' lang='grc' dir='ltr'><strong>ὑπὲρ</strong></span> <span class='ocrx_word' id='word_1_253' title='bbox 1004 2801 1048 2869; x_wconf 78' lang='grc' dir='ltr'><strong>τὰ</strong></span> <span class='ocrx_word' id='word_1_254' title='bbox 1075 2801 1104 2868; x_wconf 86' lang='grc' dir='ltr'><strong>ι’.</strong></span> <span class='ocrx_word' id='word_1_255' title='bbox 1132 2808 1187 2882; x_wconf 76' lang='grc' dir='ltr'><strong>ἔτη</strong></span> <span class='ocrx_word' id='word_1_256' title='bbox 1215 2807 1272 2869; x_wconf 73' lang='grc' dir='ltr'><strong>καὶ</strong></span> <span class='ocrx_word' id='word_1_257' title='bbox 1297 2802 1342 2886; x_wconf 84' lang='grc' dir='ltr'><strong>μὴ</strong></span> <span class='ocrx_word' id='word_1_258' title='bbox 1373 2811 1502 2888; x_wconf 75' lang='grc' dir='ltr'><strong><em>γένηται</em></strong></span> <span class='ocrx_word' id='word_1_259' title='bbox 1535 2801 1662 2883; x_wconf 81' lang='grc' dir='ltr'><strong><em>ζήτησις</em></strong></span> <span class='ocrx_word' id='word_1_260' title='bbox 1693 2805 1762 2887; x_wconf 79' lang='grc' dir='ltr'><strong><em>περὶ</em></strong></span> <span class='ocrx_word' id='word_1_261' title='bbox 1788 2804 1844 2880; x_wconf 82' lang='grc' dir='ltr'><strong>τῆς</strong></span> <span class='ocrx_word' id='word_1_262' title='bbox 1878 2799 2132 2888; x_wconf 60' lang='grc' dir='ltr'><strong><em>ἀπαριθμήσεως</em></strong></span> <span class='ocrx_word' id='word_1_263' title='bbox 2168 2803 2226 2880; x_wconf 71' lang='grc' dir='ltr'><strong>τῆς</strong></span> 
     </span>
     <span class='ocr_line' id='line_1_22' title="bbox 376 2899 2224 2993; baseline -0.003 -17"><span class='ocrx_word' id='word_1_264' title='bbox 376 2905 521 2993; x_wconf 82' lang='grc' dir='ltr'><strong><em>προικός,</em></strong></span> <span class='ocrx_word' id='word_1_265' title='bbox 544 2906 778 2990; x_wconf 81' lang='grc' dir='ltr'><strong><em>ἀναιρεῖται</em></strong></span> <span class='ocrx_word' id='word_1_266' title='bbox 799 2906 1013 2980; x_wconf 77' lang='grc' dir='ltr'><strong><em>παντελῶς</em></strong></span> <span class='ocrx_word' id='word_1_267' title='bbox 1033 2901 1053 2980; x_wconf 77' lang='grc' dir='ltr'><em>ἡ</em></span> <span class='ocrx_word' id='word_1_268' title='bbox 1075 2907 1144 2982; x_wconf 81' lang='grc' dir='ltr'><strong>της</strong></span> <span class='ocrx_word' id='word_1_269' title='bbox 1164 2901 1422 2990; x_wconf 79' lang='grc' dir='ltr'><strong><em>ἀναργαρίας</em></strong></span> <span class='ocrx_word' id='word_1_270' title='bbox 1442 2899 1702 2991; x_wconf 71' lang='grc' dir='ltr'><strong><em>παραγραφή.</em></strong></span> <span class='ocrx_word' id='word_1_271' title='bbox 1745 2901 1895 2988; x_wconf 83' lang='lat' dir='ltr'><strong>Denique</strong></span> <span class='ocrx_word' id='word_1_272' title='bbox 1916 2905 2174 2970; x_wconf 85' lang='lat' dir='ltr'><strong>constitutionem</strong></span> <span class='ocrx_word' id='word_1_273' title='bbox 2188 2901 2224 2970; x_wconf 88' lang='grc'><strong>3.</strong></span> 
     </span>
     <span class='ocr_line' id='line_1_23' title="bbox 376 3001 2225 3095; baseline -0.003 -21"><span class='ocrx_word' id='word_1_274' title='bbox 376 3005 456 3074; x_wconf 83' lang='lat' dir='ltr'><strong>Cod.</strong></span> <span class='ocrx_word' id='word_1_275' title='bbox 470 3009 511 3073; x_wconf 90' lang='lat' dir='ltr'><strong>V.</strong></span> <span class='ocrx_word' id='word_1_276' title='bbox 532 3005 591 3072; x_wconf 80' lang='lat' dir='ltr'><strong>ib.</strong></span> <span class='ocrx_word' id='word_1_277' title='bbox 608 3007 669 3073; x_wconf 87' lang='lat' dir='ltr'><strong>bno</strong></span> <span class='ocrx_word' id='word_1_278' title='bbox 683 3006 755 3092; x_wconf 86' lang='lat' dir='ltr'><strong>tege</strong></span> <span class='ocrx_word' id='word_1_279' title='bbox 768 3007 800 3070; x_wconf 91' lang='lat' dir='ltr'>N</span> <span class='ocrx_word' id='word_1_280' title='bbox 802 3006 909 3072; x_wconf 90' lang='lat' dir='ltr'><strong>oveiia</strong></span> <span class='ocrx_word' id='word_1_281' title='bbox 922 3007 1107 3090; x_wconf 76' lang='lat' dir='ltr'><strong>abrogatam</strong></span> <span class='ocrx_word' id='word_1_282' title='bbox 1126 3025 1213 3095; x_wconf 86' lang='lat' dir='ltr'><strong>esse,</strong></span> <span class='ocrx_word' id='word_1_283' title='bbox 1225 3005 1308 3071; x_wconf 89' lang='lat' dir='ltr'><strong>idem</strong></span> <span class='ocrx_word' id='word_1_284' title='bbox 1320 3012 1460 3072; x_wconf 88' lang='lat' dir='ltr'><strong>testatur</strong></span> <span class='ocrx_word' id='word_1_285' title='bbox 1474 3006 1496 3071; x_wconf 91' lang='lat' dir='ltr'><strong>i.</strong></span> <span class='ocrx_word' id='word_1_286' title='bbox 1509 3006 1531 3070; x_wconf 93' lang='lat' dir='ltr'><strong>i.</strong></span> <span class='ocrx_word' id='word_1_287' title='bbox 1548 3005 1600 3070; x_wconf 90' lang='lat' dir='ltr'><strong>bis</strong></span> <span class='ocrx_word' id='word_1_288' title='bbox 1612 3004 1739 3070; x_wconf 76' lang='lat' dir='ltr'><strong>verbisa</strong></span> <span class='ocrx_word' id='word_1_289' title='bbox 1760 3001 1932 3087; x_wconf 74' lang='grc' dir='ltr'><strong><em>ἀνάγνωθι</em></strong></span> <span class='ocrx_word' id='word_1_290' title='bbox 1945 3005 1989 3087; x_wconf 66' lang='lat' dir='ltr'><strong>pta.</strong></span> <span class='ocrx_word' id='word_1_291' title='bbox 2011 3001 2055 3068; x_wconf 79' lang='grc' dir='ltr'><strong>δ’.</strong></span> <span class='ocrx_word' id='word_1_292' title='bbox 2077 3005 2225 3070; x_wconf 66' lang='lat' dir='ltr'><strong>raimoni.</strong></span> 
     </span>
     <span class='ocr_line' id='line_1_24' title="bbox 374 3101 2225 3194; baseline -0.002 -20"><span class='ocrx_word' id='word_1_293' title='bbox 374 3123 414 3174; x_wconf 83' lang='grc' dir='ltr'><strong>τϊ.</strong></span> <span class='ocrx_word' id='word_1_294' title='bbox 437 3106 474 3174; x_wconf 89' lang='grc' dir='ltr'><strong>λ’.</strong></span> <span class='ocrx_word' id='word_1_295' title='bbox 496 3109 576 3172; x_wconf 75' lang='lat' dir='ltr'><strong>dont.</strong></span> <span class='ocrx_word' id='word_1_296' title='bbox 599 3106 643 3172; x_wconf 83' lang='grc' dir='ltr'><strong>ιε’.</strong></span> <span class='ocrx_word' id='word_1_297' title='bbox 665 3110 720 3172; x_wconf 81' lang='grc' dir='ltr'><strong>καὶ</strong></span> <span class='ocrx_word' id='word_1_298' title='bbox 739 3108 785 3190; x_wconf 73' lang='lat' dir='ltr'><strong>(tt.</strong></span> <span class='ocrx_word' id='word_1_299' title='bbox 808 3106 840 3172; x_wconf 83' lang='lat' dir='ltr'><strong>c&#39;.</strong></span> <span class='ocrx_word' id='word_1_300' title='bbox 863 3121 903 3172; x_wconf 82' lang='grc' dir='ltr'><strong>τῖ.</strong></span> <span class='ocrx_word' id='word_1_301' title='bbox 925 3105 970 3172; x_wconf 88' lang='grc' dir='ltr'><strong><em>ιε’.</em></strong></span> <span class='ocrx_word' id='word_1_302' title='bbox 992 3108 1076 3172; x_wconf 69' lang='lat' dir='ltr'><strong>erar.</strong></span> <span class='ocrx_word' id='word_1_303' title='bbox 1099 3107 1149 3187; x_wconf 73' lang='grc' dir='ltr'><strong>γ’,</strong></span> <span class='ocrx_word' id='word_1_304' title='bbox 1171 3108 1228 3170; x_wconf 82' lang='grc' dir='ltr'><strong>καὶ</strong></span> <span class='ocrx_word' id='word_1_305' title='bbox 1244 3107 1319 3171; x_wconf 72' lang='grc' dir='ltr'><strong><em>ἴσθι</em></strong></span> <span class='ocrx_word' id='word_1_306' title='bbox 1341 3104 1390 3171; x_wconf 90' lang='grc' dir='ltr'><strong><em>ὅτι</em></strong></span> <span class='ocrx_word' id='word_1_307' title='bbox 1412 3105 1454 3172; x_wconf 75' lang='lat' dir='ltr'><strong>eoi</strong></span> <span class='ocrx_word' id='word_1_308' title='bbox 1475 3112 1622 3187; x_wconf 73' lang='grc' dir='ltr'><strong>εἰρημένα</strong></span> <span class='ocrx_word' id='word_1_309' title='bbox 1641 3111 1742 3169; x_wconf 71' lang='grc' dir='ltr'><em>ἐκεῖσε</em></span> <span class='ocrx_word' id='word_1_310' title='bbox 1762 3101 1919 3190; x_wconf 79' lang='grc' dir='ltr'><strong><em>ἀνῄρηται</em></strong></span> <span class='ocrx_word' id='word_1_311' title='bbox 1941 3101 2000 3170; x_wconf 78' lang='grc' dir='ltr'><strong>ὑπὸ</strong></span> <span class='ocrx_word' id='word_1_312' title='bbox 2023 3107 2079 3184; x_wconf 82' lang='grc' dir='ltr'><strong>τῆς</strong></span> <span class='ocrx_word' id='word_1_313' title='bbox 2098 3127 2225 3194; x_wconf 80' lang='grc' dir='ltr'><strong><em>προκει-</em></strong></span> 
     </span>
     <span class='ocr_line' id='line_1_25' title="bbox 374 3203 2226 3296; baseline -0.001 -22"><span class='ocrx_word' id='word_1_314' title='bbox 374 3217 466 3292; x_wconf 75' lang='grc' dir='ltr'><strong><em>μένης</em></strong></span> <span class='ocrx_word' id='word_1_315' title='bbox 494 3210 607 3294; x_wconf 77' lang='grc' dir='ltr'><strong><em>νεαρᾶς</em></strong></span> <span class='ocrx_word' id='word_1_316' title='bbox 631 3206 808 3287; x_wconf 79' lang='grc' dir='ltr'><strong><em>διατάξεως.</em></strong></span> <span class='ocrx_word' id='word_1_317' title='bbox 851 3203 1115 3296; x_wconf 67' lang='lat' dir='ltr'><strong>Buobhoiaiusr)</strong></span> <span class='ocrx_word' id='word_1_318' title='bbox 1143 3213 1252 3272; x_wconf 87' lang='lat' dir='ltr'><strong>tamen</strong></span> <span class='ocrx_word' id='word_1_319' title='bbox 1282 3208 1485 3274; x_wconf 81' lang='lat' dir='ltr'><strong>Theodorum</strong></span> <span class='ocrx_word' id='word_1_320' title='bbox 1512 3207 1545 3272; x_wconf 96' lang='lat' dir='ltr'><strong>in</strong></span> <span class='ocrx_word' id='word_1_321' title='bbox 1573 3207 1635 3272; x_wconf 85' lang='lat' dir='ltr'><strong>baa</strong></span> <span class='ocrx_word' id='word_1_322' title='bbox 1656 3206 1822 3272; x_wconf 88' lang='lat' dir='ltr'><strong>sententia</strong></span> <span class='ocrx_word' id='word_1_323' title='bbox 1852 3207 1955 3272; x_wconf 87' lang='lat' dir='ltr'><strong>tuisse</strong></span> <span class='ocrx_word' id='word_1_324' title='bbox 1982 3207 2046 3295; x_wconf 93' lang='lat' dir='ltr'><strong>ait,</strong></span> <span class='ocrx_word' id='word_1_325' title='bbox 2076 3212 2112 3272; x_wconf 92' lang='lat' dir='ltr'><strong>ut</strong></span> <span class='ocrx_word' id='word_1_326' title='bbox 2142 3224 2226 3272; x_wconf 90' lang='lat' dir='ltr'><strong>con-</strong></span> 
     </span>
     <span class='ocr_line' id='line_1_26' title="bbox 375 3305 1633 3395; baseline -0.004 -18"><span class='ocrx_word' id='word_1_327' title='bbox 375 3311 571 3378; x_wconf 87' lang='lat' dir='ltr'><strong>stitutionem</strong></span> <span class='ocrx_word' id='word_1_328' title='bbox 594 3305 629 3374; x_wconf 80' lang='lat'><strong>3.</strong></span> <span class='ocrx_word' id='word_1_329' title='bbox 652 3305 731 3374; x_wconf 83' lang='lat' dir='ltr'><strong>Cod.</strong></span> <span class='ocrx_word' id='word_1_330' title='bbox 754 3307 818 3374; x_wconf 86' lang='grc'><strong>1.·1.</strong></span> <span class='ocrx_word' id='word_1_331' title='bbox 839 3307 900 3375; x_wconf 88' lang='lat' dir='ltr'><strong>bac</strong></span> <span class='ocrx_word' id='word_1_332' title='bbox 921 3308 996 3395; x_wconf 81' lang='lat' dir='ltr'><strong>lege</strong></span> <span class='ocrx_word' id='word_1_333' title='bbox 1016 3307 1159 3375; x_wconf 85' lang='lat' dir='ltr'><strong>Novella</strong></span> <span class='ocrx_word' id='word_1_334' title='bbox 1179 3307 1364 3394; x_wconf 83' lang='lat' dir='ltr'><strong>abrogatam</strong></span> <span class='ocrx_word' id='word_1_335' title='bbox 1387 3329 1463 3376; x_wconf 88' lang='lat' dir='ltr'><strong>esse</strong></span> <span class='ocrx_word' id='word_1_336' title='bbox 1484 3313 1633 3394; x_wconf 79' lang='lat' dir='ltr'><strong>negaret</strong></span> 
     </span>
    </p>
   </div>
   <div class='ocr_carea' id='block_1_4' title="bbox 1055 3475 1468 3544">
    <p class='ocr_par' dir='ltr' id='par_1_4' title="bbox 1055 3475 1468 3544">
     <span class='ocr_line' id='line_1_27' title="bbox 1055 3475 1468 3544; baseline -0.002 -1"><span class='ocrx_word' id='word_1_337' title='bbox 1055 3497 1058 3504; x_wconf 92' lang='lat'>·</span> <span class='ocrx_word' id='word_1_338' title='bbox 1139 3475 1218 3543; x_wconf 88' lang='lat' dir='ltr'><strong>Vii.</strong></span> <span class='ocrx_word' id='word_1_339' title='bbox 1260 3475 1349 3543; x_wconf 86' lang='lat' dir='ltr'><strong>Neo.</strong></span> <span class='ocrx_word' id='word_1_340' title='bbox 1376 3475 1468 3544; x_wconf 84' lang='lat'><strong>111.</strong></span> 
     </span>
    </p>
   </div>
   <div class='ocr_carea' id='block_1_5' title="bbox 373 3604 2231 4605">
    <p class='ocr_par' dir='ltr' id='par_1_5' title="bbox 373 3604 2231 4605">
     <span class='ocr_line' id='line_1_28' title="bbox 499 3604 2226 3703; baseline -0.002 -25"><span class='ocrx_word' id='word_1_341' title='bbox 499 3613 678 3698; x_wconf 85' lang='lat' dir='ltr'><strong>Imperator</strong></span> <span class='ocrx_word' id='word_1_342' title='bbox 699 3610 912 3699; x_wconf 81' lang='lat' dir='ltr'><strong>lastinianus,</strong></span> <span class='ocrx_word' id='word_1_343' title='bbox 934 3631 1004 3678; x_wconf 92' lang='lat' dir='ltr'><strong>cum</strong></span> <span class='ocrx_word' id='word_1_344' title='bbox 1025 3611 1059 3678; x_wconf 93' lang='lat' dir='ltr'><strong>iu</strong></span> <span class='ocrx_word' id='word_1_345' title='bbox 1082 3617 1186 3677; x_wconf 92' lang='lat' dir='ltr'><strong>const.</strong></span> <span class='ocrx_word' id='word_1_346' title='bbox 1209 3607 1272 3676; x_wconf 73' lang='lat'><strong>23.</strong></span> <span class='ocrx_word' id='word_1_347' title='bbox 1295 3609 1374 3677; x_wconf 84' lang='lat' dir='ltr'><strong>Cod.</strong></span> <span class='ocrx_word' id='word_1_348' title='bbox 1397 3609 1424 3676; x_wconf 92' lang='lat' dir='ltr'><strong>i.</strong></span> <span class='ocrx_word' id='word_1_349' title='bbox 1447 3604 1529 3703; x_wconf 54' lang='grc' dir='ltr'><strong>λβ)</strong></span> <span class='ocrx_word' id='word_1_350' title='bbox 1551 3611 1717 3694; x_wconf 88' lang='lat' dir='ltr'><strong>ecclesiis,</strong></span> <span class='ocrx_word' id='word_1_351' title='bbox 1738 3610 1934 3698; x_wconf 82' lang='lat' dir='ltr'><strong>xenonibus,</strong></span> <span class='ocrx_word' id='word_1_352' title='bbox 1955 3607 2226 3696; x_wconf 88' lang='lat' dir='ltr'><strong>ptochotrophiis,</strong></span> 
     </span>
     <span class='ocr_line' id='line_1_29' title="bbox 374 3709 2228 3802; baseline -0.002 -22"><span class='ocrx_word' id='word_1_353' title='bbox 374 3713 599 3798; x_wconf 80' lang='lat' dir='ltr'><strong>monasteriis,</strong></span> <span class='ocrx_word' id='word_1_354' title='bbox 629 3711 923 3800; x_wconf 86' lang='lat' dir='ltr'><strong>orphanotrophiis,</strong></span> <span class='ocrx_word' id='word_1_355' title='bbox 950 3711 1227 3798; x_wconf 88' lang='lat' dir='ltr'><strong>brephotrophiis,</strong></span> <span class='ocrx_word' id='word_1_356' title='bbox 1261 3713 1525 3802; x_wconf 82' lang='lat' dir='ltr'><strong>gerontocomiis,</strong></span> <span class='ocrx_word' id='word_1_357' title='bbox 1554 3712 1756 3799; x_wconf 89' lang='lat' dir='ltr'><strong>civitatibus,</strong></span> <span class='ocrx_word' id='word_1_358' title='bbox 1789 3717 1845 3778; x_wconf 90' lang='lat' dir='ltr'><strong>aut</strong></span> <span class='ocrx_word' id='word_1_359' title='bbox 1866 3712 1895 3777; x_wconf 90' lang='lat' dir='ltr'><strong>si</strong></span> <span class='ocrx_word' id='word_1_360' title='bbox 1916 3713 1949 3776; x_wconf 90' lang='lat' dir='ltr'><strong>in</strong></span> <span class='ocrx_word' id='word_1_361' title='bbox 1971 3709 2228 3797; x_wconf 88' lang='lat' dir='ltr'><strong>redemptionem</strong></span> 
     </span>
     <span class='ocr_line' id='line_1_30' title="bbox 376 3811 2227 3902; baseline -0.001 -24"><span class='ocrx_word' id='word_1_362' title='bbox 376 3814 573 3899; x_wconf 88' lang='lat' dir='ltr'><strong>captivorum</strong></span> <span class='ocrx_word' id='word_1_363' title='bbox 599 3811 718 3898; x_wconf 91' lang='lat' dir='ltr'><strong>aliquid</strong></span> <span class='ocrx_word' id='word_1_364' title='bbox 746 3811 892 3877; x_wconf 88' lang='lat' dir='ltr'><strong>relictum</strong></span> <span class='ocrx_word' id='word_1_365' title='bbox 921 3819 1028 3896; x_wconf 85' lang='lat' dir='ltr'><strong>esset,</strong></span> <span class='ocrx_word' id='word_1_366' title='bbox 1061 3812 1178 3878; x_wconf 89' lang='lat' dir='ltr'><strong>nullam</strong></span> <span class='ocrx_word' id='word_1_367' title='bbox 1207 3814 1510 3902; x_wconf 86' lang='lat' dir='ltr'><strong>praescriptionem,</strong></span> <span class='ocrx_word' id='word_1_368' title='bbox 1542 3815 1606 3880; x_wconf 91' lang='lat' dir='ltr'><strong>nisi</strong></span> <span class='ocrx_word' id='word_1_369' title='bbox 1633 3819 1759 3880; x_wconf 90' lang='lat' dir='ltr'><strong>centum</strong></span> <span class='ocrx_word' id='word_1_370' title='bbox 1787 3832 1939 3880; x_wconf 90' lang='lat' dir='ltr'><strong>annorum</strong></span> <span class='ocrx_word' id='word_1_371' title='bbox 1971 3813 2088 3897; x_wconf 87' lang='lat' dir='ltr'><strong>opponi</strong></span> <span class='ocrx_word' id='word_1_372' title='bbox 2122 3831 2227 3898; x_wconf 89' lang='lat' dir='ltr'><strong>posse</strong></span> 
     </span>
     <span class='ocr_line' id='line_1_31' title="bbox 374 3911 2230 4001; baseline -0.001 -23"><span class='ocrx_word' id='word_1_373' title='bbox 374 3914 546 3999; x_wconf 86' lang='lat' dir='ltr'><strong>iussisset,</strong></span> <span class='ocrx_word' id='word_1_374' title='bbox 580 3929 650 3978; x_wconf 88' lang='lat' dir='ltr'><strong>eam</strong></span> <span class='ocrx_word' id='word_1_375' title='bbox 678 3911 784 3996; x_wconf 79' lang='lat' dir='ltr'><strong>legem</strong></span> <span class='ocrx_word' id='word_1_376' title='bbox 806 3917 921 3996; x_wconf 86' lang='lat' dir='ltr'><strong>postea</strong></span> <span class='ocrx_word' id='word_1_377' title='bbox 949 3913 1139 3978; x_wconf 90' lang='lat' dir='ltr'><strong>immutavit.</strong></span> <span class='ocrx_word' id='word_1_378' title='bbox 1184 3911 1318 3979; x_wconf 87' lang='lat' dir='ltr'><strong>Centum</strong></span> <span class='ocrx_word' id='word_1_379' title='bbox 1338 3933 1490 3979; x_wconf 90' lang='lat' dir='ltr'><strong>annorum</strong></span> <span class='ocrx_word' id='word_1_380' title='bbox 1512 3915 1798 4001; x_wconf 88' lang='lat' dir='ltr'><strong>praescriptionem</strong></span> <span class='ocrx_word' id='word_1_381' title='bbox 1820 3913 1986 4000; x_wconf 83' lang='lat' dir='ltr'><strong>eeclesiis,</strong></span> <span class='ocrx_word' id='word_1_382' title='bbox 2008 3912 2230 3999; x_wconf 86' lang='lat' dir='ltr'><strong>monasteriis,</strong></span> 
     </span>
     <span class='ocr_line' id='line_1_32' title="bbox 376 4012 2228 4103; baseline 0 -25"><span class='ocrx_word' id='word_1_383' title='bbox 376 4013 449 4078; x_wconf 87' lang='lat' dir='ltr'><strong>aliis</strong></span> <span class='ocrx_word' id='word_1_384' title='bbox 470 4013 631 4097; x_wconf 85' lang='lat' dir='ltr'><strong>religiosis</strong></span> <span class='ocrx_word' id='word_1_385' title='bbox 653 4012 734 4077; x_wconf 91' lang='lat' dir='ltr'><strong>iocis</strong></span> <span class='ocrx_word' id='word_1_386' title='bbox 756 4012 863 4079; x_wconf 87' lang='lat' dir='ltr'><strong>datam</strong></span> <span class='ocrx_word' id='word_1_387' title='bbox 890 4013 987 4098; x_wconf 89' lang='lat' dir='ltr'><strong>piane</strong></span> <span class='ocrx_word' id='word_1_388' title='bbox 1009 4013 1179 4098; x_wconf 81' lang='lat' dir='ltr'><strong>abrogavit</strong></span> <span class='ocrx_word' id='word_1_389' title='bbox 1185 4062 1196 4102; x_wconf 89' lang='lat'><strong>,</strong></span> <span class='ocrx_word' id='word_1_390' title='bbox 1230 4014 1375 4102; x_wconf 78' lang='lat' dir='ltr'><strong>aliasque</strong></span> <span class='ocrx_word' id='word_1_391' title='bbox 1397 4015 1550 4102; x_wconf 88' lang='lat' dir='ltr'><strong>temporis</strong></span> <span class='ocrx_word' id='word_1_392' title='bbox 1571 4021 1676 4082; x_wconf 88' lang='lat' dir='ltr'><strong>metas</strong></span> <span class='ocrx_word' id='word_1_393' title='bbox 1697 4033 1805 4081; x_wconf 89' lang='lat' dir='ltr'><strong>eorum</strong></span> <span class='ocrx_word' id='word_1_394' title='bbox 1826 4013 2005 4103; x_wconf 85' lang='lat' dir='ltr'><strong>actionibus</strong></span> <span class='ocrx_word' id='word_1_395' title='bbox 2026 4013 2228 4100; x_wconf 89' lang='lat' dir='ltr'><strong>praestituit.</strong></span> 
     </span>
     <span class='ocr_line' id='line_1_33' title="bbox 376 4111 2230 4204; baseline 0 -24"><span class='ocrx_word' id='word_1_396' title='bbox 376 4111 435 4180; x_wconf 83' lang='lat' dir='ltr'><strong>Sic</strong></span> <span class='ocrx_word' id='word_1_397' title='bbox 455 4113 537 4178; x_wconf 92' lang='lat' dir='ltr'><strong>euim</strong></span> <span class='ocrx_word' id='word_1_398' title='bbox 559 4113 645 4179; x_wconf 91' lang='lat' dir='ltr'><strong>Nov.</strong></span> <span class='ocrx_word' id='word_1_399' title='bbox 675 4113 733 4178; x_wconf 92' lang='grc'><strong>11.</strong></span> <span class='ocrx_word' id='word_1_400' title='bbox 757 4133 898 4200; x_wconf 91' lang='lat' dir='ltr'><strong>prooem.</strong></span> <span class='ocrx_word' id='word_1_401' title='bbox 920 4119 1039 4198; x_wconf 89' lang='lat' dir='ltr'><strong>etcap.</strong></span> <span class='ocrx_word' id='word_1_402' title='bbox 1065 4111 1118 4178; x_wconf 84' lang='lat'><strong>1.:</strong></span> <span class='ocrx_word' id='word_1_403' title='bbox 1149 4115 1294 4202; x_wconf 79' lang='lat' dir='ltr'><strong>„Probat</strong></span> <span class='ocrx_word' id='word_1_404' title='bbox 1312 4117 1408 4201; x_wconf 86' lang='lat' dir='ltr'><strong>igitur</strong></span> <span class='ocrx_word' id='word_1_405' title='bbox 1422 4117 1484 4182; x_wconf 90' lang='lat' dir='ltr'><strong>boc</strong></span> <span class='ocrx_word' id='word_1_406' title='bbox 1503 4119 1686 4204; x_wconf 89' lang='lat' dir='ltr'><strong>praesentis</strong></span> <span class='ocrx_word' id='word_1_407' title='bbox 1708 4115 1806 4182; x_wconf 89' lang='lat' dir='ltr'><strong>etiam</strong></span> <span class='ocrx_word' id='word_1_408' title='bbox 1826 4116 2011 4182; x_wconf 89' lang='lat' dir='ltr'><strong>necessitas</strong></span> <span class='ocrx_word' id='word_1_409' title='bbox 2032 4114 2230 4202; x_wconf 78' lang='lat' dir='ltr'><strong>sanctioniS,</strong></span> 
     </span>
     <span class='ocr_line' id='line_1_34' title="bbox 375 4214 2229 4304; baseline 0.001 -25"><span class='ocrx_word' id='word_1_410' title='bbox 375 4215 408 4279; x_wconf 92' lang='lat' dir='ltr'><strong>in</strong></span> <span class='ocrx_word' id='word_1_411' title='bbox 435 4233 496 4300; x_wconf 89' lang='lat' dir='ltr'><strong>qua</strong></span> <span class='ocrx_word' id='word_1_412' title='bbox 521 4215 748 4301; x_wconf 81' lang='lat' dir='ltr'><strong>priaitepinm,</strong></span> <span class='ocrx_word' id='word_1_413' title='bbox 784 4234 831 4280; x_wconf 81' lang='lat' dir='ltr'><strong>en</strong></span> <span class='ocrx_word' id='word_1_414' title='bbox 859 4214 1012 4298; x_wconf 80' lang='lat' dir='ltr'><strong>retipioao</strong></span> <span class='ocrx_word' id='word_1_415' title='bbox 1031 4217 1202 4299; x_wconf 80' lang='lat' dir='ltr'><strong>proposito</strong></span> <span class='ocrx_word' id='word_1_416' title='bbox 1222 4218 1370 4282; x_wconf 82' lang='lat' dir='ltr'><strong>eeclesiis</strong></span> <span class='ocrx_word' id='word_1_417' title='bbox 1391 4215 1477 4304; x_wconf 90' lang='lat' dir='ltr'><strong>Dei,</strong></span> <span class='ocrx_word' id='word_1_418' title='bbox 1511 4221 1545 4285; x_wconf 89' lang='lat' dir='ltr'><strong>ei</strong></span> <span class='ocrx_word' id='word_1_419' title='bbox 1563 4219 1773 4284; x_wconf 76' lang='lat' dir='ltr'><strong>monasteriis</strong></span> <span class='ocrx_word' id='word_1_420' title='bbox 1794 4217 1935 4302; x_wconf 70' lang='lat' dir='ltr'><strong>atdsqrre</strong></span> <span class='ocrx_word' id='word_1_421' title='bbox 1955 4215 2120 4300; x_wconf 78' lang='lat' dir='ltr'><strong>retipiosis</strong></span> <span class='ocrx_word' id='word_1_422' title='bbox 2141 4215 2229 4280; x_wconf 71' lang='grc' dir='ltr'><strong><em>λσοιζν</em></strong></span> 
     </span>
     <span class='ocr_line' id='line_1_35' title="bbox 373 4315 2229 4403; baseline 0.001 -25"><span class='ocrx_word' id='word_1_423' title='bbox 373 4316 604 4380; x_wconf 75' lang='lat' dir='ltr'><strong>constitutione</strong></span> <span class='ocrx_word' id='word_1_424' title='bbox 625 4317 745 4380; x_wconf 85' lang='lat' dir='ltr'><strong>nostra</strong></span> <span class='ocrx_word' id='word_1_425' title='bbox 772 4333 880 4403; x_wconf 70' lang='lat' dir='ltr'><strong>nuper</strong></span> <span class='ocrx_word' id='word_1_426' title='bbox 907 4315 1086 4399; x_wconf 78' lang='lat' dir='ltr'><strong>indultum,</strong></span> <span class='ocrx_word' id='word_1_427' title='bbox 1125 4321 1319 4383; x_wconf 82' lang='lat' dir='ltr'><strong>raecessoria</strong></span> <span class='ocrx_word' id='word_1_428' title='bbox 1340 4321 1545 4384; x_wconf 82' lang='lat' dir='ltr'><strong>correctione</strong></span> <span class='ocrx_word' id='word_1_429' title='bbox 1566 4320 1796 4403; x_wconf 75' lang='lat' dir='ltr'><strong>distinpnimns</strong></span> <span class='ocrx_word' id='word_1_430' title='bbox 1819 4355 1858 4365; x_wconf 93' lang='lat'><em>-</em></span> <span class='ocrx_word' id='word_1_431' title='bbox 1888 4336 1957 4382; x_wconf 89' lang='lat' dir='ltr'><strong>oum</strong></span> <span class='ocrx_word' id='word_1_432' title='bbox 1980 4317 2104 4381; x_wconf 90' lang='lat' dir='ltr'><strong>ratione</strong></span> <span class='ocrx_word' id='word_1_433' title='bbox 2127 4315 2229 4380; x_wconf 91' lang='lat' dir='ltr'><strong>simul</strong></span> 
     </span>
     <span class='ocr_line' id='line_1_36' title="bbox 374 4413 2230 4508; baseline 0.001 -28"><span class='ocrx_word' id='word_1_434' title='bbox 374 4433 414 4480; x_wconf 90' lang='lat' dir='ltr'><strong>ac</strong></span> <span class='ocrx_word' id='word_1_435' title='bbox 436 4413 589 4500; x_wconf 83' lang='lat' dir='ltr'><strong>reiigione</strong></span> <span class='ocrx_word' id='word_1_436' title='bbox 623 4421 803 4482; x_wconf 89' lang='lat' dir='ltr'><strong>tractantes</strong></span> <span class='ocrx_word' id='word_1_437' title='bbox 832 4415 1028 4502; x_wconf 88' lang='lat' dir='ltr'><strong>praedictum</strong></span> <span class='ocrx_word' id='word_1_438' title='bbox 1050 4417 1251 4502; x_wconf 85' lang='lat' dir='ltr'><strong>privilegium</strong></span> <span class='ocrx_word' id='word_1_439' title='bbox 1274 4418 1436 4504; x_wconf 84' lang='lat' dir='ltr'><strong>usquead</strong></span> <span class='ocrx_word' id='word_1_440' title='bbox 1464 4419 1650 4504; x_wconf 88' lang='lat' dir='ltr'><strong>possibilem</strong></span> <span class='ocrx_word' id='word_1_441' title='bbox 1671 4417 1794 4484; x_wconf 90' lang='lat' dir='ltr'><strong>modom</strong></span> <span class='ocrx_word' id='word_1_442' title='bbox 1815 4415 1976 4508; x_wconf 84' lang='lat' dir='ltr'><strong>deducere</strong></span> <span class='ocrx_word' id='word_1_443' title='bbox 1998 4416 2230 4502; x_wconf 88' lang='lat' dir='ltr'><strong>experimento</strong></span> 
     </span>
     <span class='ocr_line' id='line_1_37' title="bbox 373 4515 2231 4605; baseline 0.003 -26"><span class='ocrx_word' id='word_1_444' title='bbox 373 4517 581 4582; x_wconf 77' lang='lat' dir='ltr'><strong>retraximus</strong></span> <span class='ocrx_word' id='word_1_445' title='bbox 610 4524 644 4583; x_wconf 91' lang='lat' dir='ltr'><strong>et</strong></span> <span class='ocrx_word' id='word_1_446' title='bbox 674 4515 821 4583; x_wconf 74' lang='lat' dir='ltr'><strong>omanus</strong></span> <span class='ocrx_word' id='word_1_447' title='bbox 842 4553 885 4567; x_wconf 88' lang='lat'>-</span> <span class='ocrx_word' id='word_1_448' title='bbox 905 4535 988 4582; x_wconf 89' lang='lat' dir='ltr'><strong>nuno</strong></span> <span class='ocrx_word' id='word_1_449' title='bbox 1015 4515 1259 4584; x_wconf 80' lang='lat' dir='ltr'><strong>venerabilitas</strong></span> <span class='ocrx_word' id='word_1_450' title='bbox 1286 4519 1452 4605; x_wconf 81' lang='lat' dir='ltr'><strong>ecelesiis,</strong></span> <span class='ocrx_word' id='word_1_451' title='bbox 1489 4520 1699 4585; x_wconf 77' lang='lat' dir='ltr'><strong>monasteriis</strong></span> <span class='ocrx_word' id='word_1_452' title='bbox 1726 4520 1758 4583; x_wconf 86' lang='lat' dir='ltr'><strong>et</strong></span> <span class='ocrx_word' id='word_1_453' title='bbox 1785 4515 2023 4603; x_wconf 73' lang='lat' dir='ltr'><strong>xenodochiis,</strong></span> <span class='ocrx_word' id='word_1_454' title='bbox 2061 4535 2124 4582; x_wconf 87' lang='lat' dir='ltr'><strong>nee</strong></span> <span class='ocrx_word' id='word_1_455' title='bbox 2153 4535 2231 4584; x_wconf 88' lang='lat' dir='ltr'><strong>non</strong></span> 
     </span>
    </p>
   </div>
   <div class='ocr_carea' id='block_1_6' title="bbox 372 4819 2233 5140">
    <p class='ocr_par' dir='ltr' id='par_1_6' title="bbox 372 4819 2233 5140">
     <span class='ocr_line' id='line_1_38' title="bbox 476 4819 2233 4889; baseline 0.003 -19"><span class='ocrx_word' id='word_1_456' title='bbox 476 4819 504 4883; x_wconf 88' lang='grc'><strong>1)</strong></span> <span class='ocrx_word' id='word_1_457' title='bbox 520 4821 586 4870; x_wconf 85' lang='lat' dir='ltr'><strong>Vide</strong></span> <span class='ocrx_word' id='word_1_458' title='bbox 609 4824 755 4884; x_wconf 82' lang='lat' dir='ltr'><strong>scriptores</strong></span> <span class='ocrx_word' id='word_1_459' title='bbox 772 4835 790 4872; x_wconf 87' lang='lat' dir='ltr'><strong>a</strong></span> <span class='ocrx_word' id='word_1_460' title='bbox 805 4822 970 4873; x_wconf 81' lang='lat' dir='ltr'><strong>Bacbbotzto</strong></span> <span class='ocrx_word' id='word_1_461' title='bbox 988 4823 1107 4874; x_wconf 81' lang='lat' dir='ltr'><strong>laudatos</strong></span> <span class='ocrx_word' id='word_1_462' title='bbox 1125 4827 1151 4874; x_wconf 94' lang='lat' dir='ltr'><strong>in</strong></span> <span class='ocrx_word' id='word_1_463' title='bbox 1168 4825 1251 4876; x_wconf 90' lang='lat' dir='ltr'><strong>libro:</strong></span> <span class='ocrx_word' id='word_1_464' title='bbox 1276 4825 1442 4876; x_wconf 78' lang='lat' dir='ltr'><strong>Jurnrncne</strong></span> <span class='ocrx_word' id='word_1_465' title='bbox 1458 4823 1673 4889; x_wconf 76' lang='lat' dir='ltr'><strong>dbirandtnnpen</strong></span> <span class='ocrx_word' id='word_1_466' title='bbox 1689 4839 1742 4876; x_wconf 84' lang='lat' dir='ltr'><strong>aas</strong></span> <span class='ocrx_word' id='word_1_467' title='bbox 1757 4825 1817 4875; x_wconf 74' lang='lat' dir='ltr'><strong>dem</strong></span> <span class='ocrx_word' id='word_1_468' title='bbox 1841 4823 2007 4874; x_wconf 71' lang='grc' dir='ltr'><strong><em>θαλίαισιν</em></strong></span> <span class='ocrx_word' id='word_1_469' title='bbox 2022 4825 2146 4888; x_wconf 67' lang='grc' dir='ltr'><strong><em>λαιλέηια</em></strong></span> <span class='ocrx_word' id='word_1_470' title='bbox 2164 4823 2233 4876; x_wconf 78' lang='lat' dir='ltr'><strong>Rii-</strong></span> 
     </span>
     <span class='ocr_line' id='line_1_39' title="bbox 373 4905 2231 4974; baseline 0.002 -20"><span class='ocrx_word' id='word_1_471' title='bbox 373 4905 488 4955; x_wconf 80' lang='lat' dir='ltr'><strong>mirobeo</strong></span> <span class='ocrx_word' id='word_1_472' title='bbox 505 4905 617 4955; x_wconf 66' lang='lat' dir='ltr'><strong>Recita</strong></span> <span class='ocrx_word' id='word_1_473' title='bbox 634 4919 658 4966; x_wconf 88' lang='lat' dir='ltr'><strong>p.</strong></span> <span class='ocrx_word' id='word_1_474' title='bbox 677 4905 735 4954; x_wconf 87' lang='grc'><strong>170.</strong></span> <span class='ocrx_word' id='word_1_475' title='bbox 753 4911 808 4956; x_wconf 86' lang='lat' dir='ltr'><strong>not.</strong></span> <span class='ocrx_word' id='word_1_476' title='bbox 826 4908 853 4956; x_wconf 81' lang='lat'><strong>2.</strong></span> <span class='ocrx_word' id='word_1_477' title='bbox 953 4905 982 4969; x_wconf 75' lang='lat'><strong>2)</strong></span> <span class='ocrx_word' id='word_1_478' title='bbox 999 4907 1017 4955; x_wconf 93' lang='grc'><strong>1.</strong></span> <span class='ocrx_word' id='word_1_479' title='bbox 1035 4909 1052 4956; x_wconf 95' lang='lat' dir='ltr'><strong>i.</strong></span> <span class='ocrx_word' id='word_1_480' title='bbox 1071 4925 1094 4971; x_wconf 93' lang='lat' dir='ltr'><strong>p.</strong></span> <span class='ocrx_word' id='word_1_481' title='bbox 1121 4909 1284 4960; x_wconf 68' lang='lat' dir='ltr'><strong>tre-tae.</strong></span> <span class='ocrx_word' id='word_1_482' title='bbox 1384 4909 1744 4974; x_wconf 77' lang='lat' dir='ltr'><strong>3)t.t.p.177.noc18.</strong></span> <span class='ocrx_word' id='word_1_483' title='bbox 1781 4908 1857 4958; x_wconf 81' lang='lat' dir='ltr'><strong>decb</strong></span> <span class='ocrx_word' id='word_1_484' title='bbox 1877 4909 1920 4957; x_wconf 85' lang='lat' dir='ltr'><strong>rite</strong></span> <span class='ocrx_word' id='word_1_485' title='bbox 1946 4907 2087 4958; x_wconf 83' lang='lat' dir='ltr'><strong>Basititrerr</strong></span> <span class='ocrx_word' id='word_1_486' title='bbox 2107 4909 2152 4958; x_wconf 87' lang='lat' dir='ltr'><strong>lib.</strong></span> <span class='ocrx_word' id='word_1_487' title='bbox 2176 4912 2231 4960; x_wconf 79' lang='grc'><strong>29.</strong></span> 
     </span>
     <span class='ocr_line' id='line_1_40' title="bbox 374 4989 2233 5059; baseline 0.004 -23"><span class='ocrx_word' id='word_1_488' title='bbox 374 4991 412 5036; x_wconf 90' lang='lat' dir='ltr'><strong>tit.</strong></span> <span class='ocrx_word' id='word_1_489' title='bbox 429 4991 454 5038; x_wconf 80' lang='grc'><strong>3.</strong></span> <span class='ocrx_word' id='word_1_490' title='bbox 471 4989 602 5053; x_wconf 80' lang='lat' dir='ltr'><strong>sprecben</strong></span> <span class='ocrx_word' id='word_1_491' title='bbox 618 5003 674 5038; x_wconf 84' lang='lat' dir='ltr'><strong>aar</strong></span> <span class='ocrx_word' id='word_1_492' title='bbox 690 5003 742 5038; x_wconf 86' lang='lat' dir='ltr'><strong>von</strong></span> <span class='ocrx_word' id='word_1_493' title='bbox 758 4991 808 5040; x_wconf 82' lang='lat' dir='ltr'><strong>der</strong></span> <span class='ocrx_word' id='word_1_494' title='bbox 824 4992 933 5054; x_wconf 88' lang='lat' dir='ltr'><strong>querela</strong></span> <span class='ocrx_word' id='word_1_495' title='bbox 949 4991 979 5039; x_wconf 84' lang='lat' dir='ltr'><strong>tn</strong></span> <span class='ocrx_word' id='word_1_496' title='bbox 996 4991 1151 5058; x_wconf 79' lang='lat' dir='ltr'><strong>Beziebnnp</strong></span> <span class='ocrx_word' id='word_1_497' title='bbox 1168 4995 1223 5058; x_wconf 73' lang='lat' dir='ltr'><strong>aas</strong></span> <span class='ocrx_word' id='word_1_498' title='bbox 1235 5008 1319 5044; x_wconf 84' lang='lat' dir='ltr'><strong>unsre</strong></span> <span class='ocrx_word' id='word_1_499' title='bbox 1336 4993 1470 5059; x_wconf 85' lang='lat' dir='ltr'><strong>Nooette,</strong></span> <span class='ocrx_word' id='word_1_500' title='bbox 1498 4994 1555 5044; x_wconf 84' lang='lat' dir='ltr'><strong>aad</strong></span> <span class='ocrx_word' id='word_1_501' title='bbox 1583 4993 1779 5045; x_wconf 75' lang='lat' dir='ltr'><strong>Theodorus</strong></span> <span class='ocrx_word' id='word_1_502' title='bbox 1801 4993 1866 5055; x_wconf 80' lang='lat' dir='ltr'><strong>sapt</strong></span> <span class='ocrx_word' id='word_1_503' title='bbox 1881 4993 1917 5042; x_wconf 86' lang='lat' dir='ltr'><strong>im</strong></span> <span class='ocrx_word' id='word_1_504' title='bbox 1934 4991 2060 5042; x_wconf 78' lang='lat' dir='ltr'><strong>Sabatina</strong></span> <span class='ocrx_word' id='word_1_505' title='bbox 2077 5006 2124 5058; x_wconf 89' lang='grc' dir='ltr'><strong>σ.,</strong></span> <span class='ocrx_word' id='word_1_506' title='bbox 2156 4993 2233 5044; x_wconf 82' lang='lat' dir='ltr'><strong>dass</strong></span> 
     </span>
     <span class='ocr_line' id='line_1_41' title="bbox 372 5071 2233 5140; baseline 0.004 -19"><span class='ocrx_word' id='word_1_507' title='bbox 372 5073 415 5122; x_wconf 85' lang='lat' dir='ltr'><strong>die</strong></span> <span class='ocrx_word' id='word_1_508' title='bbox 431 5085 454 5122; x_wconf 81' lang='lat' dir='ltr'><strong>e</strong></span> <span class='ocrx_word' id='word_1_509' title='bbox 472 5077 496 5122; x_wconf 87' lang='lat' dir='ltr'><strong>a.</strong></span> <span class='ocrx_word' id='word_1_510' title='bbox 513 5073 543 5124; x_wconf 81' lang='lat' dir='ltr'><strong>C.</strong></span> <span class='ocrx_word' id='word_1_511' title='bbox 561 5075 594 5124; x_wconf 88' lang='lat' dir='ltr'><strong>de</strong></span> <span class='ocrx_word' id='word_1_512' title='bbox 610 5074 671 5122; x_wconf 84' lang='lat' dir='ltr'><strong>dote</strong></span> <span class='ocrx_word' id='word_1_513' title='bbox 690 5077 765 5122; x_wconf 87' lang='lat' dir='ltr'><strong>cauta</strong></span> <span class='ocrx_word' id='word_1_514' title='bbox 781 5071 826 5136; x_wconf 74' lang='lat' dir='ltr'><strong>tv.</strong></span> <span class='ocrx_word' id='word_1_515' title='bbox 844 5071 899 5135; x_wconf 77' lang='lat' dir='ltr'><strong>id.)</strong></span> <span class='ocrx_word' id='word_1_516' title='bbox 922 5075 998 5123; x_wconf 71' lang='lat' dir='ltr'><strong>nicici</strong></span> <span class='ocrx_word' id='word_1_517' title='bbox 1021 5076 1109 5126; x_wconf 77' lang='lat' dir='ltr'><strong>duret</strong></span> <span class='ocrx_word' id='word_1_518' title='bbox 1132 5078 1203 5127; x_wconf 79' lang='lat' dir='ltr'><strong>disse</strong></span> <span class='ocrx_word' id='word_1_519' title='bbox 1227 5077 1339 5127; x_wconf 86' lang='lat' dir='ltr'><strong>Noaette</strong></span> <span class='ocrx_word' id='word_1_520' title='bbox 1361 5077 1526 5140; x_wconf 77' lang='lat' dir='ltr'><strong>anspeboben</strong></span> <span class='ocrx_word' id='word_1_521' title='bbox 1550 5089 1605 5138; x_wconf 78' lang='grc' dir='ltr'><strong><em>ειη.</em></strong></span> <span class='ocrx_word' id='word_1_522' title='bbox 1706 5075 1734 5140; x_wconf 83' lang='grc'><strong>1)</strong></span> <span class='ocrx_word' id='word_1_523' title='bbox 1752 5077 1782 5126; x_wconf 89' lang='lat' dir='ltr'><strong>iit</strong></span> <span class='ocrx_word' id='word_1_524' title='bbox 1808 5079 1878 5126; x_wconf 84' lang='lat' dir='ltr'><strong>tuter</strong></span> <span class='ocrx_word' id='word_1_525' title='bbox 1900 5076 2016 5126; x_wconf 87' lang='lat' dir='ltr'><strong>divinum</strong></span> <span class='ocrx_word' id='word_1_526' title='bbox 2040 5077 2233 5140; x_wconf 84' lang='lat' dir='ltr'><strong>publicumque</strong></span> 
     </span>
    </p>
   </div>
   <div class='ocr_carea' id='block_1_7' title="bbox 253 5157 2232 5312">
    <p class='ocr_par' dir='ltr' id='par_1_7' title="bbox 253 5157 2232 5312">
     <span class='ocr_line' id='line_1_42' title="bbox 285 5157 2232 5224; baseline 0.006 -26"><span class='ocrx_word' id='word_1_527' title='bbox 285 5184 295 5198; x_wconf 95' lang='lat'><strong>.</strong></span> <span class='ocrx_word' id='word_1_528' title='bbox 373 5159 413 5204; x_wconf 88' lang='lat' dir='ltr'><strong>ins</strong></span> <span class='ocrx_word' id='word_1_529' title='bbox 430 5159 457 5204; x_wconf 91' lang='lat' dir='ltr'><strong>et</strong></span> <span class='ocrx_word' id='word_1_530' title='bbox 473 5160 577 5217; x_wconf 85' lang='lat' dir='ltr'><strong>privata</strong></span> <span class='ocrx_word' id='word_1_531' title='bbox 594 5158 729 5208; x_wconf 88' lang='lat' dir='ltr'><strong>cornmoda</strong></span> <span class='ocrx_word' id='word_1_532' title='bbox 746 5163 898 5220; x_wconf 85' lang='lat' dir='ltr'><strong>competens</strong></span> <span class='ocrx_word' id='word_1_533' title='bbox 914 5157 1041 5209; x_wconf 87' lang='lat' dir='ltr'><strong>discretio</strong></span> <span class='ocrx_word' id='word_1_534' title='bbox 1059 5162 1110 5224; x_wconf 89' lang='lat' dir='ltr'><strong>sit,</strong></span> <span class='ocrx_word' id='word_1_535' title='bbox 1134 5163 1280 5224; x_wconf 81' lang='lat' dir='ltr'><strong>sancimus,</strong></span> <span class='ocrx_word' id='word_1_536' title='bbox 1304 5164 1385 5224; x_wconf 81' lang='lat' dir='ltr'><strong>niquis</strong></span> <span class='ocrx_word' id='word_1_537' title='bbox 1403 5161 1515 5224; x_wconf 83' lang='lat' dir='ltr'><strong>aliquam</strong></span> <span class='ocrx_word' id='word_1_538' title='bbox 1534 5161 1672 5223; x_wconf 78' lang='lat' dir='ltr'><strong>retinuerit</strong></span> <span class='ocrx_word' id='word_1_539' title='bbox 1689 5161 1873 5210; x_wconf 80' lang='lat' dir='ltr'><strong>baereditatem</strong></span> <span class='ocrx_word' id='word_1_540' title='bbox 1892 5159 1936 5208; x_wconf 85' lang='lat' dir='ltr'><strong>vei</strong></span> <span class='ocrx_word' id='word_1_541' title='bbox 1954 5160 2067 5224; x_wconf 77' lang='lat' dir='ltr'><strong>togatum</strong></span> <span class='ocrx_word' id='word_1_542' title='bbox 2086 5163 2129 5212; x_wconf 87' lang='lat' dir='ltr'><strong>vei</strong></span> <span class='ocrx_word' id='word_1_543' title='bbox 2146 5162 2232 5212; x_wconf 81' lang='lat' dir='ltr'><strong>fidei·</strong></span> 
     </span>
     <span class='ocr_line' id='line_1_43' title="bbox 253 5236 2229 5312; baseline 0.004 -25"><span class='ocrx_word' id='word_1_544' title='bbox 253 5236 260 5249; x_wconf 94' lang='lat'>&#39;</span> <span class='ocrx_word' id='word_1_545' title='bbox 373 5241 538 5289; x_wconf 86' lang='lat' dir='ltr'><strong>commissum</strong></span> <span class='ocrx_word' id='word_1_546' title='bbox 556 5241 598 5290; x_wconf 88' lang='lat' dir='ltr'><strong>voi</strong></span> <span class='ocrx_word' id='word_1_547' title='bbox 615 5243 764 5290; x_wconf 84' lang='lat' dir='ltr'><strong>donationis</strong></span> <span class='ocrx_word' id='word_1_548' title='bbox 781 5240 856 5290; x_wconf 89' lang='lat' dir='ltr'><strong>titnio</strong></span> <span class='ocrx_word' id='word_1_549' title='bbox 872 5242 966 5304; x_wconf 80' lang='lat' dir='ltr'><strong>aliquid</strong></span> <span class='ocrx_word' id='word_1_550' title='bbox 984 5241 1086 5292; x_wconf 84' lang='lat' dir='ltr'><strong>dederit</strong></span> <span class='ocrx_word' id='word_1_551' title='bbox 1103 5245 1148 5294; x_wconf 86' lang='lat' dir='ltr'><strong>vel</strong></span> <span class='ocrx_word' id='word_1_552' title='bbox 1167 5245 1323 5308; x_wconf 86' lang='lat' dir='ltr'><strong>vendiderit,</strong></span> <span class='ocrx_word' id='word_1_553' title='bbox 1341 5247 1401 5294; x_wconf 86' lang='lat' dir='ltr'><strong>aive</strong></span> <span class='ocrx_word' id='word_1_554' title='bbox 1422 5247 1602 5296; x_wconf 82' lang='lat' dir='ltr'><strong>sacrosanctis</strong></span> <span class='ocrx_word' id='word_1_555' title='bbox 1620 5245 1753 5308; x_wconf 71' lang='lat' dir='ltr'><strong>eceterae,</strong></span> <span class='ocrx_word' id='word_1_556' title='bbox 1775 5248 1833 5294; x_wconf 86' lang='lat' dir='ltr'><strong>sive</strong></span> <span class='ocrx_word' id='word_1_557' title='bbox 1846 5243 2040 5294; x_wconf 82' lang='lat' dir='ltr'><strong>venerabilibus</strong></span> <span class='ocrx_word' id='word_1_558' title='bbox 2057 5245 2229 5312; x_wconf 72' lang='lat' dir='ltr'><strong>umbonibus,</strong></span> 
     </span>
    </p>
   </div>
   <div class='ocr_carea' id='block_1_8' title="bbox 371 5317 2259 5734">
    <p class='ocr_par' dir='ltr' id='par_1_8' title="bbox 371 5317 2259 5734">
     <span class='ocr_line' id='line_1_44' title="bbox 371 5317 2259 5394; baseline 0.005 -25"><span class='ocrx_word' id='word_1_559' title='bbox 371 5323 415 5370; x_wconf 85' lang='lat' dir='ltr'><strong>vei</strong></span> <span class='ocrx_word' id='word_1_560' title='bbox 434 5324 660 5389; x_wconf 80' lang='lat' dir='ltr'><strong>ptocirutropbiic,</strong></span> <span class='ocrx_word' id='word_1_561' title='bbox 688 5325 732 5374; x_wconf 89' lang='lat' dir='ltr'><strong>rei</strong></span> <span class='ocrx_word' id='word_1_562' title='bbox 749 5327 917 5374; x_wconf 82' lang='lat' dir='ltr'><strong>nwnasteriis</strong></span> <span class='ocrx_word' id='word_1_563' title='bbox 934 5327 1106 5376; x_wconf 79' lang='lat' dir='ltr'><strong>masculorum</strong></span> <span class='ocrx_word' id='word_1_564' title='bbox 1124 5329 1168 5378; x_wconf 84' lang='lat' dir='ltr'><strong>vei</strong></span> <span class='ocrx_word' id='word_1_565' title='bbox 1185 5331 1330 5394; x_wconf 82' lang='lat' dir='ltr'><strong>virgiuum,</strong></span> <span class='ocrx_word' id='word_1_566' title='bbox 1353 5331 1398 5380; x_wconf 87' lang='lat' dir='ltr'><strong>vei</strong></span> <span class='ocrx_word' id='word_1_567' title='bbox 1421 5329 1659 5393; x_wconf 71' lang='lat' dir='ltr'><strong>orphanotrophiis</strong></span> <span class='ocrx_word' id='word_1_568' title='bbox 1666 5362 1676 5393; x_wconf 97' lang='lat'><strong>,</strong></span> <span class='ocrx_word' id='word_1_569' title='bbox 1707 5328 1750 5379; x_wconf 87' lang='lat' dir='ltr'><strong>vei</strong></span> <span class='ocrx_word' id='word_1_570' title='bbox 1772 5327 1999 5394; x_wconf 80' lang='lat' dir='ltr'><strong>brepbobapbiis‚</strong></span> <span class='ocrx_word' id='word_1_571' title='bbox 2025 5329 2070 5379; x_wconf 84' lang='lat' dir='ltr'><strong>vei</strong></span> <span class='ocrx_word' id='word_1_572' title='bbox 2089 5331 2230 5394; x_wconf 74' lang='lat' dir='ltr'><strong>qaanto-</strong></span> <span class='ocrx_word' id='word_1_573' title='bbox 2257 5317 2259 5320; x_wconf 62' lang='grc'><strong>’</strong></span> 
     </span>
     <span class='ocr_line' id='line_1_45' title="bbox 372 5408 2231 5477; baseline 0.005 -22"><span class='ocrx_word' id='word_1_574' title='bbox 372 5408 481 5470; x_wconf 74' lang='lat' dir='ltr'><strong>wratis,</strong></span> <span class='ocrx_word' id='word_1_575' title='bbox 507 5419 635 5476; x_wconf 77' lang='lat' dir='ltr'><strong>necnon</strong></span> <span class='ocrx_word' id='word_1_576' title='bbox 659 5411 733 5458; x_wconf 83' lang='lat' dir='ltr'><strong>tart</strong></span> <span class='ocrx_word' id='word_1_577' title='bbox 755 5409 960 5459; x_wconf 80' lang='lat' dir='ltr'><strong>civitatum:</strong></span> <span class='ocrx_word' id='word_1_578' title='bbox 991 5409 1035 5459; x_wconf 85' lang='lat' dir='ltr'><strong>vei</strong></span> <span class='ocrx_word' id='word_1_579' title='bbox 1057 5413 1213 5460; x_wconf 85' lang='lat' dir='ltr'><strong>donatorum</strong></span> <span class='ocrx_word' id='word_1_580' title='bbox 1236 5412 1280 5462; x_wconf 87' lang='lat' dir='ltr'><strong>vei</strong></span> <span class='ocrx_word' id='word_1_581' title='bbox 1304 5414 1470 5462; x_wconf 85' lang='lat' dir='ltr'><strong>venditorum</strong></span> <span class='ocrx_word' id='word_1_582' title='bbox 1493 5415 1537 5464; x_wconf 84' lang='lat' dir='ltr'><strong>vei</strong></span> <span class='ocrx_word' id='word_1_583' title='bbox 1559 5414 1713 5463; x_wconf 86' lang='lat' dir='ltr'><strong>relictorum</strong></span> <span class='ocrx_word' id='word_1_584' title='bbox 1736 5414 1778 5462; x_wconf 88' lang='lat' dir='ltr'><strong>eis</strong></span> <span class='ocrx_word' id='word_1_585' title='bbox 1794 5413 1924 5476; x_wconf 81' lang='lat' dir='ltr'><strong>longaeva</strong></span> <span class='ocrx_word' id='word_1_586' title='bbox 1944 5415 1980 5462; x_wconf 84' lang='lat' dir='ltr'><strong>eit</strong></span> <span class='ocrx_word' id='word_1_587' title='bbox 1998 5417 2120 5477; x_wconf 81' lang='lat' dir='ltr'><strong>exactio,</strong></span> <span class='ocrx_word' id='word_1_588' title='bbox 2148 5415 2231 5466; x_wconf 87' lang='lat' dir='ltr'><strong>nnita</strong></span> 
     </span>
     <span class='ocr_line' id='line_1_46' title="bbox 372 5489 2232 5578; baseline 0.005 -40"><span class='ocrx_word' id='word_1_589' title='bbox 372 5495 516 5578; x_wconf 43' lang='lat' dir='ltr'><strong>temporum</strong></span> <span class='ocrx_word' id='word_1_590' title='bbox 532 5489 612 5538; x_wconf 85' lang='lat' dir='ltr'><strong>solita</strong></span> <span class='ocrx_word' id='word_1_591' title='bbox 626 5495 833 5555; x_wconf 86' lang='lat' dir='ltr'><strong>praescriptione</strong></span> <span class='ocrx_word' id='word_1_592' title='bbox 849 5493 998 5546; x_wconf 83' lang='lat' dir='ltr'><strong>coartanda.</strong></span> <span class='ocrx_word' id='word_1_593' title='bbox 1033 5494 1097 5544; x_wconf 76' lang='lat' dir='ltr'><strong>Sed</strong></span> <span class='ocrx_word' id='word_1_594' title='bbox 1113 5497 1147 5544; x_wconf 84' lang='lat' dir='ltr'><strong>et</strong></span> <span class='ocrx_word' id='word_1_595' title='bbox 1156 5527 1167 5559; x_wconf 91' lang='lat'><strong>,</strong></span> <span class='ocrx_word' id='word_1_596' title='bbox 1183 5497 1212 5543; x_wconf 83' lang='grc' dir='ltr'><strong>ιι·</strong></span> <span class='ocrx_word' id='word_1_597' title='bbox 1228 5497 1260 5544; x_wconf 82' lang='lat' dir='ltr'><strong>in</strong></span> <span class='ocrx_word' id='word_1_598' title='bbox 1278 5497 1546 5560; x_wconf 80' lang='lat' dir='ltr'><strong>redemptionem</strong></span> <span class='ocrx_word' id='word_1_599' title='bbox 1562 5499 1787 5560; x_wconf 82' lang='lat' dir='ltr'><strong>captivorum</strong></span> <span class='ocrx_word' id='word_1_600' title='bbox 1804 5499 1965 5560; x_wconf 79' lang='lat' dir='ltr'><strong>quaedam</strong></span> <span class='ocrx_word' id='word_1_601' title='bbox 1980 5498 2153 5562; x_wconf 79' lang='lat' dir='ltr'><strong>pecuniae</strong></span> <span class='ocrx_word' id='word_1_602' title='bbox 2170 5501 2232 5550; x_wconf 84' lang='lat' dir='ltr'><strong>vet</strong></span> 
     </span>
     <span class='ocr_line' id='line_1_47' title="bbox 372 5573 2231 5644; baseline 0.005 -24"><span class='ocrx_word' id='word_1_603' title='bbox 372 5583 428 5620; x_wconf 80' lang='lat' dir='ltr'><strong>rer</strong></span> <span class='ocrx_word' id='word_1_604' title='bbox 444 5573 598 5623; x_wconf 81' lang='lat' dir='ltr'><strong>relictae</strong></span> <span class='ocrx_word' id='word_1_605' title='bbox 615 5575 665 5624; x_wconf 82' lang='lat' dir='ltr'><strong>oet</strong></span> <span class='ocrx_word' id='word_1_606' title='bbox 689 5577 807 5642; x_wconf 85' lang='lat' dir='ltr'><strong>legitimo</strong></span> <span class='ocrx_word' id='word_1_607' title='bbox 830 5578 908 5626; x_wconf 89' lang='lat' dir='ltr'><strong>modo</strong></span> <span class='ocrx_word' id='word_1_608' title='bbox 925 5578 1072 5628; x_wconf 80' lang='lat' dir='ltr'><strong>donatae</strong></span> <span class='ocrx_word' id='word_1_609' title='bbox 1100 5580 1200 5642; x_wconf 84' lang='lat' dir='ltr'><strong>sant,</strong></span> <span class='ocrx_word' id='word_1_610' title='bbox 1226 5583 1254 5628; x_wconf 88' lang='lat' dir='ltr'><strong>et</strong></span> <span class='ocrx_word' id='word_1_611' title='bbox 1270 5591 1360 5630; x_wconf 85' lang='lat' dir='ltr'><strong>earum</strong></span> <span class='ocrx_word' id='word_1_612' title='bbox 1378 5583 1543 5630; x_wconf 83' lang='lat' dir='ltr'><strong>exactionem</strong></span> <span class='ocrx_word' id='word_1_613' title='bbox 1561 5581 1741 5644; x_wconf 80' lang='lat' dir='ltr'><strong>longissimam</strong></span> <span class='ocrx_word' id='word_1_614' title='bbox 1758 5591 1819 5630; x_wconf 83' lang='lat' dir='ltr'><strong>ease</strong></span> <span class='ocrx_word' id='word_1_615' title='bbox 1836 5594 1984 5635; x_wconf 79' lang='lat' dir='ltr'><strong>censemus.</strong></span> <span class='ocrx_word' id='word_1_616' title='bbox 2018 5583 2051 5630; x_wconf 81' lang='lat' dir='ltr'><strong>Et</strong></span> <span class='ocrx_word' id='word_1_617' title='bbox 2067 5580 2144 5629; x_wconf 89' lang='lat' dir='ltr'><strong>nobis</strong></span> <span class='ocrx_word' id='word_1_618' title='bbox 2162 5586 2231 5644; x_wconf 87' lang='lat' dir='ltr'><strong>qui-</strong></span> 
     </span>
     <span class='ocr_line' id='line_1_48' title="bbox 371 5655 2231 5734; baseline 0.007 -30"><span class='ocrx_word' id='word_1_619' title='bbox 371 5655 609 5720; x_wconf 74' lang='lat' dir='ltr'><strong>beneorderam,</strong></span> <span class='ocrx_word' id='word_1_620' title='bbox 638 5657 715 5708; x_wconf 81' lang='lat' dir='ltr'><strong>uirbis</strong></span> <span class='ocrx_word' id='word_1_621' title='bbox 731 5665 876 5722; x_wconf 85' lang='lat' dir='ltr'><strong>temporum</strong></span> <span class='ocrx_word' id='word_1_622' title='bbox 894 5663 971 5710; x_wconf 88' lang='lat' dir='ltr'><strong>metis</strong></span> <span class='ocrx_word' id='word_1_623' title='bbox 989 5662 1132 5710; x_wconf 85' lang='lat' dir='ltr'><strong>huiusmodi</strong></span> <span class='ocrx_word' id='word_1_624' title='bbox 1150 5663 1271 5714; x_wconf 68' lang='lat' dir='ltr'><strong>antima</strong></span> <span class='ocrx_word' id='word_1_625' title='bbox 1288 5666 1469 5728; x_wconf 79' lang='lat' dir='ltr'><strong>circumcidit,</strong></span> <span class='ocrx_word' id='word_1_626' title='bbox 1503 5667 1562 5728; x_wconf 83' lang='lat' dir='ltr'><strong>seri,</strong></span> <span class='ocrx_word' id='word_1_627' title='bbox 1587 5677 1622 5716; x_wconf 90' lang='lat' dir='ltr'><strong>ne</strong></span> <span class='ocrx_word' id='word_1_628' title='bbox 1640 5665 1778 5714; x_wconf 85' lang='lat' dir='ltr'><strong>videamur</strong></span> <span class='ocrx_word' id='word_1_629' title='bbox 1794 5665 1820 5714; x_wconf 93' lang='lat' dir='ltr'><strong>in</strong></span> <span class='ocrx_word' id='word_1_630' title='bbox 1835 5663 1966 5734; x_wconf 70' lang='lat' dir='ltr'><strong>tabentium</strong></span> <span class='ocrx_word' id='word_1_631' title='bbox 1982 5666 2050 5714; x_wconf 89' lang='lat' dir='ltr'><strong>banc</strong></span> <span class='ocrx_word' id='word_1_632' title='bbox 2067 5664 2231 5732; x_wconf 84' lang='lat' dir='ltr'><strong>extendere,</strong></span> 
     </span>
    </p>
   </div>
   <div class='ocr_carea' id='block_1_9' title="bbox 371 5738 2230 5876">
    <p class='ocr_par' dir='ltr' id='par_1_9' title="bbox 371 5738 2230 5876">
     <span class='ocr_line' id='line_1_49' title="bbox 371 5738 2230 5815; baseline 0.006 -27"><span class='ocrx_word' id='word_1_633' title='bbox 371 5738 550 5802; x_wconf 76' lang='lat' dir='ltr'><strong>longissimum</strong></span> <span class='ocrx_word' id='word_1_634' title='bbox 569 5743 648 5791; x_wconf 82' lang='lat' dir='ltr'><strong>vitae</strong></span> <span class='ocrx_word' id='word_1_635' title='bbox 661 5743 792 5794; x_wconf 87' lang='lat' dir='ltr'><strong>bominum</strong></span> <span class='ocrx_word' id='word_1_636' title='bbox 812 5747 913 5805; x_wconf 82' lang='lat' dir='ltr'><strong>tempus</strong></span> <span class='ocrx_word' id='word_1_637' title='bbox 936 5742 1070 5810; x_wconf 81' lang='lat' dir='ltr'><strong>eligimus,</strong></span> <span class='ocrx_word' id='word_1_638' title='bbox 1098 5747 1127 5795; x_wconf 90' lang='lat' dir='ltr'><strong>et</strong></span> <span class='ocrx_word' id='word_1_639' title='bbox 1142 5757 1197 5797; x_wconf 90' lang='lat' dir='ltr'><strong>non</strong></span> <span class='ocrx_word' id='word_1_640' title='bbox 1211 5746 1289 5799; x_wconf 86' lang='lat' dir='ltr'><strong>aliter</strong></span> <span class='ocrx_word' id='word_1_641' title='bbox 1306 5761 1366 5802; x_wconf 83' lang='lat' dir='ltr'><strong>aaut</strong></span> <span class='ocrx_word' id='word_1_642' title='bbox 1390 5751 1557 5802; x_wconf 82' lang='lat' dir='ltr'><strong>exactionem</strong></span> <span class='ocrx_word' id='word_1_643' title='bbox 1577 5749 1646 5800; x_wconf 88' lang='lat' dir='ltr'><strong>butri</strong></span> <span class='ocrx_word' id='word_1_644' title='bbox 1668 5749 1852 5815; x_wconf 84' lang='lat' dir='ltr'><strong>concedimus,</strong></span> <span class='ocrx_word' id='word_1_645' title='bbox 1877 5749 1930 5802; x_wconf 84' lang='lat' dir='ltr'><strong>niet</strong></span> <span class='ocrx_word' id='word_1_646' title='bbox 1952 5749 2060 5799; x_wconf 79' lang='lat' dir='ltr'><strong>centana</strong></span> <span class='ocrx_word' id='word_1_647' title='bbox 2082 5761 2230 5801; x_wconf 76' lang='lat' dir='ltr'><strong>anrrorwn</strong></span> 
     </span>
     <span class='ocr_line' id='line_1_50' title="bbox 372 5825 701 5876; baseline 0 -2"><span class='ocrx_word' id='word_1_648' title='bbox 372 5825 512 5875; x_wconf 82' lang='lat' dir='ltr'><strong>enrricula</strong></span> <span class='ocrx_word' id='word_1_649' title='bbox 530 5827 701 5876; x_wconf 71' lang='lat' dir='ltr'><strong>excesserint.</strong></span> 
     </span>
    </p>
   </div>
   <div class='ocr_carea' id='block_1_10' title="bbox 0 0 2400 7060">
    <p class='ocr_par' dir='ltr' id='par_1_10' title="bbox 0 0 2400 7060">
     <span class='ocr_line' id='line_1_51' title="bbox 0 0 2400 7060; baseline 0 0"><span class='ocrx_word' id='word_1_650' title='bbox 0 0 2400 7060; x_wconf 95' lang='lat' dir='ltr'><strong> </strong></span> 
     </span>
    </p>
   </div>
  </div>
 </body>
</html>
