4824 7048
615 551 1645 630 novacularnruasrooonarzsnrruonuu.
1971 531 2072 630 'aso

190 779 310 862 λόμενοι,
332 782 379 844 καλ
398 782 461 861 περί
475 777 578 844 τούτου
597 784 697 843 πᾶσαν
716 781 894 859 είσφέροντες
910 802 1045 860 μηχανην,
1059 801 1107 840 σο·
1157 781 1309 839 versarios
1338 798 1411 840 suos
1437 789 1556 859 vexent,
1587 786 1675 842 etiam
1697 788 1755 846 hoc
1781 787 1937 845 artificium
1964 787 2073 844 callido

190 873 326 947 φιστικοδς
348 871 395 929 καλ
416 863 521 946 ταύτην
541 858 623 945 εὖρον
644 861 696 946 τὴν
722 867 862 939 μέθοδον·
890 867 1032 941 έλκομενοι
1053 861 1107 946 γὰρ
1157 866 1327 923 iuvenisse:
1357 883 1444 939 quum
1466 871 1543 926 enim
1566 870 1597 926 in
1618 871 1666 926 lus
1695 873 1808 930 fuerint
1829 875 1942 946 vocati,
1971 873 2073 944 ibique

187 956 235 1014 έπλ
256 951 294 1014 τὰ
315 949 498 1031 δικαστήρια,
520 948 654 1011 κάκεῖθεν
675 951 817 1026 λιβέλλονς
836 951 881 1008 bri
900 962 964 1021 ταῖς
985 955 1107 1028 κινουμέ-
1157 951 1275 1008 libellos
1305 953 1387 1008 eirca
1414 959 1508 1010 motas
1544 958 1765 1012 controversias
1801 958 2007 1030 susceperint,
2036 971 2073 1013 eo

189 1061 252 1110 ναις
281 1041 371 1108 δίκαις
405 1032 596 1116 λαμβάνοντες
605 1035 634 1114 ⁵)
667 1031 718 1096 τὸν
752 1039 804 1110 τῆς
832 1035 908 1111 δίκης
937 1033 1108 1094 ύπεκκλίνειν
1158 1035 1220 1092 litia
1243 1043 1393 1096 certarnen
1416 1039 1628 1114 subterfugere
1650 1041 1785 1113 student,
1830 1043 1905 1114 qnod
1927 1041 2073 1098 maiesta-

188 1121 287 1202 ἀγῶνα
314 1127 466 1202 πειρῶνται
495 1114 542 1181 διὰ
563 1123 615 1198 τῆς
636 1123 674 1190 είς
696 1115 747 1198 τὴν
774 1119 920 1196 βασιλείαν
939 1141 996 1196 μου
1017 1141 1107 1199 προσ·
1158 1125 1216 1176 tem
1238 1137 1331 1178 meam
1358 1123 1484 1195 adeunt,
1514 1128 1544 1179 et
1571 1125 1608 1180 ab
1630 1124 1748 1196 lmperi
1773 1127 1900 1184 culque
1926 1127 2073 1198 rescripta

188 1203 378 1283 ελεύσειυςθ),
398 1201 492 1276 λύσεις
513 1209 565 1265 τού
587 1199 709 1284 κράτους
735 1200 815 1282 ἡμῶν
835 1199 1027 1281 ποριζόμενοι,
1049 1207 1106 1264 ε’πι-
1158 1205 1296 1278 elicInnt,
1331 1223 1408 1277 qnae
1437 1211 1607 1279 praeposito
1635 1211 1712 1266 sacri
1748 1211 1878 1268 cubiculi
1906 1227 1959 1267 eos
1989 1213 2073 1283 ipsos

187 1287 350 1370 τρεπούσας
393 1295 434 1364 τῷ
474 1285 630 1364 ἀκολούθῳ
649 1286 677 1367 τ)
727 1284 845 1358 τούτους
881 1284 1001 1366 εἰσάγειν
1033 1283 1107 1364 μετὰ
1156 1305 1216 1346 una
1244 1307 1309 1347 cum
1338 1291 1520 1349 adversariis
1551 1309 1651 1350 eornm
1680 1293 1717 1349 ad
1746 1294 1874 1351 tribunal
1906 1295 2072 1368 majestatis

186 1382 245 1436 τῶν
270 1373 528 1454 ἀντιδοκούντωνθ)
571 1371 669 1444 αὐτοῖς
696 1373 741 1433 dni
775 1368 808 1432 τύ
830 1374 915 1451 ’βῆμα
944 1379 995 1450 τῆς
1022 1373 1103 1452 βασι·
1155 1389 1239 1431 meae
1268 1375 1432 1446 producere
1462 1378 1643 1448 permittunt.
1685 1380 1731 1436 Ibi
1760 1394 1831 1434 vero
1861 1380 1896 1434 ad
1929 1381 2072 1452 plurimas

185 1461 264 1531 λείας
290 1482 362 1538 μου,
392 1458 550 1520 κάντεῦθεν
576 1461 615 1528 είς
644 1455 813 1534 ὑπερθέσεις
841 1460 965 1537 χωροῦσι
993 1451 1103 1530 πολλούς
1154 1461 1361 1516 cunctationes
1396 1463 1641 1536 progrediuntur,
1683 1467 1713 1518 at
1740 1465 1841 1520 inania
1875 1468 2070 1538 proterentes,

184 1548 233 1604 καλ
256 1549 383 1620 διακενῆς
403 1547 449 1604 ἐπὶ
470 1538 572 1623 χρόνον
598 1537 710 1620 μακρὸν
739 1537 805 1612 τούς
826 1539 888 1602 κατ’
911 1539 1007 1602 αὐτῶν
1028 1564 1102 1602 συνι·
1153 1558 1205 1600 eos
1233 1545 1283 1615 qui
1311 1560 1376 1602 eum
1408 1545 1484 1618 ipsis
1511 1549 1623 1604 indIcio
1657 1547 1841 1622 consistunt,
1869 1563 1922 1620 per
1949 1550 2072 1624 longum

179 1623 315 1698 σταδντας
337 1625 371 1689 τὸ
394 1625 575 1706 δικαστήριον
595 1629 821 1706 κατατρίβουσιν.
1151 1630 1266 1700 tempus
1287 1635 1447 1687 morantur.

271 1715 388 1792 [Caput
409 1713 448 1790 1.]
487 1706 582 1788 Ὅπερ
604 1709 649 1772 ἵνα
669 1709 709 1790 μὴ
730 1713 851 1791 γίνηται,
878 1711 947 1790 μηδὲ
975 1705 1021 1771 διὰ
1050 1733 1101 1772 πο·
1237 1713 1359 1789 (copul
1382 1714 1429 1789 1.)
1474 1716 1558 1783 Quod
1580 1732 1618 1772 ne
1640 1717 1765 1788 amplius
1786 1719 1848 1788 ilat,
1869 1731 1966 1789 neque
1986 1716 2070 1774 indi-

183 1803 274 1877 νηρᾶς
300 1795 432 1876 μεθόδου
460 1791 494 1857 τύ
524 1793 704 1876 δικαστήριον
733 1791 815 1875 παρὰ
842 1800 900 1855 τῶν
926 1797 1100 1876 κατατέχνων
1151 1798 1199 1853 cia
1220 1814 1238 1852 a
1259 1800 1401 1856 malarum
1433 1802 1539 1856 artium
1561 1801 1656 1858 fabris
1688 1803 1890 1876 frustrentur,
1926 1800 2068 1858 maiestas

183 1884 419 1965 κατασοφίζηται,
441 1881 591 1963 διορίζεται
612 1886 701 1943 πᾶσιν
721 1877 787 1961 ύμῖν
807 1903 832 1940 κ.
854 1902 880 1940 τ.
901 1881 926 1940 λ.
935 1879 964 1957 ⁹)
1150 1898 1216 1938 mea
1236 1886 1322 1941 vobis
1344 1885 1479 1943 omnibus
1500 1890 1559 1942 etc.

590 2242 709 2312 VIII.
1547 2243 1668 2312 vili.

184 2421 444 2509 Χρυσὸγίουλλον
473 2423 532 2488 τοῦ
566 2422 725 2504 βασιλέως
755 2424 869 2504 κυρίου
904 2422 949 2486 M
951 2445 973 2486 ιι
981 2418 1105 2499 νουὴλ
1155 2411 1276 2487 Aurea
1311 2419 1402 2486 bullo
1436 2419 1657 2507 Irnperaloris
1690 2423 1817 2488 doctina·
1852 2419 2071 2488 Manuelis

227 2511 286 2576 τοῦ
317 2508 360 2574 K
365 2509 602 2588 ομνηνοῦέ),
638 2507 877 2593 καταστρωθέν
900 2511 933 2586 ²)
968 2512 1001 2571 ἐν
1035 2518 1105 2582 τοῖς
1201 2504 1400 2572 Continent
1430 2509 1568 2572 secretis
1592 2511 1732 2572 ε’ννεσνίσ.

227 2597 437 2682 σεκρέτοιςὸ).
1155 2587 1278 2656 Mense
1304 2593 1476 2676 Arrpuslo,
1514 2591 1567 2657 dic
1601 2596 1722 2677 sexto,
1754 2592 1877 2658 Indici.
1912 2592 2071 2675 septenae

182 2681 274 2758 Μηνὶ
291 2675 477 2759 Αὐγούστῳ
486 2679 530 2757 ⁴),
548 2671 649 2758 ἡμέρᾳ
665 2670 714 2752 ς’.,
736 2675 796 2740 ίνδ.
822 2671 863 2755 ζ’.
884 2671 1102 2766 κατεστρώθη
1195 2693 1305 2740 σεινσσ
1327 2673 1417 2739 δειλία
1439 2678 1524 2741 aclis
1546 2679 1718 2744 εἰιείννιισίσ
1735 2681 1796 2764 cai,
1820 2696 1907 2766 qnos
1925 2695 2071 2762 aequen-

223 2760 469 2850 χρυσόβουλλον
490 2769 638 2847 περιέχον
661 2757 776 2836 οὕτως·
1195 2762 1244 2825 tio
1264 2761 1484 2846 amplectitur.

270 2934 507 3012 [Prooemium]
551 2929 741 3011 ,‚’Adcrlav⁶)
780 2933 908 3016 ἐμίσησα,
923 2933 972 2994 καί
992 2934 1101 3012 spreto·
1238 2933 1496 3013 (Prooemium.)
1528 2935 1736 3009 „iniquitatem
1754 2937 1821 2994 odio
1843 2936 1947 3008 habui,
1964 2940 1994 2994 et
2013 2938 2071 2995 ab·

181 3013 330 3099 ξιύμηνθ),
358 3015 451 3096 scri)
482 3015 619 3098 dissipor
647 3041 700 3092 σου
721 3013 897 3098 ἠγύπησα“·
932 3016 998 3079 cdv
1019 3019 1100 3096 βασι·
1152 3019 1299 3077 ominatos
1327 3037 1409 3094 snm,
1447 3022 1544 3096 legem
1575 3027 1673 3078 autem
1704 3027 1783 3078 tuam
1817 3023 1937 3079 dilexi.“
1986 3025 2071 3080 Ilaec

179 3107 261 3166 λεύσι
281 3099 535 3184 προφητικιύτατος
556 3109 649 3165 ταῦτα
670 3098 745 3182 πρὸς
766 3100 816 3165 τὸν
833 3099 908 3166 cclv
927 3099 965 3164 τά
985 3099 1101 3184 ῥύματα
1151 3107 1244 3162 verba
1265 3106 1316 3161 ille
1338 3107 1527 3180 interreges
1550 3105 1651 3164 divino
1673 3108 1780 3178 spiritu
1802 3123 1888 3179 quam
1911 3107 2069 3179 plurimum

180 3191 354 3268 διαλέγεται,
376 3184 422 3250 διὰ
449 3184 558 3250 τούτων
586 3191 774 3268 παιδαγωγῶν
801 3191 848 3250 καλ
868 3188 1031 3268 ῥυθμίζων,
1060 3185 1101 3260 alc
1151 3191 1271 3246 adlatus
1301 3191 1336 3246 ad
1361 3195 1454 3249 ileum
1488 3193 1611 3264 effatur,
1639 3192 1844 3248 moderaturus
1875 3208 1928 3266 per
1956 3207 2009 3264 ea,
2037 3195 2071 3249 nt

179 3271 265 3352 ἔγωγε
284 3271 377 3352 οἶμαι,
407 3268 518 3344 πάντας
540 3270 607 3346 τούς
628 3271 680 3354 τὴν
699 3275 844 3352 βασίλειον
865 3272 1101 3354 περιεζωσμένους
1152 3276 1287 3347 equidem
1310 3276 1422 3350 opinor,
1445 3291 1546 3332 omnes
1574 3277 1719 3348 Imperiali
1750 3277 1916 3333 diademata
1944 3278 2069 3352 clnctos,

178 3353 279 3438 ἀρχὴν,
308 3362 393 3438 μηδέν
414 3379 442 3418 τι
463 3363 513 3418 τοῦ
543 3361 651 3420 δικαίου
688 3360 831 3420 τίθεσθαι
858 3356 1100 3438 προύργιαίτερον,
1152 3361 1281 3432 nequid
1309 3360 1426 3418 iustitia
1452 3362 1581 3418 habeant
1608 3362 1775 3436 antiquius,
1814 3363 1868 3418 sed
1898 3365 1930 3417 nt
1959 3377 2070 3434 poenas

180 3441 258 3504 ἀλλὰ
287 3441 363 3522 πρὸς
384 3438 421 3502 τύ
443 3447 550 3503 ἐκεῖθεν
577 3440 787 3523 conpensari)
821 3439 1019 3522 δικαιατὴρια,
1047 3439 1101 3514 τὰς
1152 3445 1359 3518 respicientes,
1382 3461 1457 3518 quae
1480 3448 1541 3503 illic
1563 3462 1615 3503 eos
1637 3451 1765 3516 manent,
1788 3445 1929 3520 quidquid
1953 3447 2069 3504 iaciunt

177 3531 289 3588 ἑαυτῶν
333 3523 448 3608 πράξεις
484 3521 582 3599 πύσας
618 3530 799 3604 διοοιονομεῖν
829 3551 860 3588 τε
887 3529 934 3588 καὶ
965 3523 1101 3588 διϊθύνειν
1152 3531 1313 3587 secuudum
1343 3533 1475 3588 iustitiae
1504 3531 1711 3588 rectitudinem
1742 3532 1874 3606 difigont
1895 3535 1984 3602 atque
2006 3546 2070 3607 gn-

177 3608 256 3674 ντατύ
278 3608 330 3693 τὴν
348 3618 399 3672 τοῦ
421 3612 530 3672 δικαίου
551 3607 709 3690 εὐθύτητα,
730 3605 775 3672 ὅτι
796 3614 843 3672 κοιλ
865 3609 923 3685 ,τὸ
941 3607 1100 3687 πρόσωπον
1152 3616 1287 3674 bernent.
1331 3617 1407 3674 Nam
1429 3621 1459 3672 ct
1481 3619 1536 3674 Dei
1559 3631 1700 3688 persona,
1729 3616 1918 3673 rectitudinis
1941 3633 1998 3672 non
2021 3619 2069 3673 est

176 3703 231 3758 τοῦ
259 3696 335 3759 Θεοῦ
364 3693 510 3774 εὐθύτητα
520 3697 548 3776 ⁹)
577 3695 685 3770 ιῖδεν,“
707 3693 746 3767 alc
768 3691 1031 3775 conscripseram),
1052 3699 1100 3757 καί
1152 3715 1278 3772 expers,
1306 3701 1387 3758 sleut
1409 3702 1580 3758 edocemur:
1609 3701 1773 3775 „quoniam
1801 3701 1899 3757 iustus
1927 3701 2070 3757 Dominus

175 3784 305 3856 „dinume
319 3777 501 3862 τυγχάνειΗ)
520 3779 535 3842 ύ
551 3777 656 3859 κύριος,
674 3783 722 3842 καὶ
739 3777 916 3852 δικαιοσύνας
929 3777 1100 3861 ἡγιύπησεν.“
1151 3789 1181 3840 et
1202 3785 1333 3842 iustitias
1355 3785 1495 3842 dilexit.“
1537 3789 1698 3858 Propterea
1721 3786 1809 3842 etiam
1831 3786 1972 3842 maiestas
1993 3800 2070 3859 mea,

182 3863 282 3946 Ταύτγ
309 3890 354 3928 τοι
375 3869 422 3926 καὶ
451 3863 618 3945 ἡγίασιλεία
645 3889 700 3946 μου
728 3863 826 3939 έξύτον
853 3864 929 3946 πρὸς
957 3862 991 3926 τό
1019 3870 1100 3946 βασί·
1151 3859 1188 3926 ei
1211 3885 1268 3940 quo
1291 3871 1327 3926 ad
1350 3871 1505 3943 imperiale
1527 3872 1681 3945 fastigium
1702 3887 1721 3926 a
1743 3873 1805 3928 Deo
1826 3874 1931 3927 evecta
1953 3873 2015 3944 est,
2037 3868 2069 3925 ln

177 3954 253 4014 λειον
279 3945 355 4032 ύψος
383 3951 523 4030 ἀνεμίχθη
552 3947 634 4032 παρὰ
666 3950 756 4024 Θεοῦ,
790 3949 870 4012 ούδέν
892 3973 920 4012 τι
940 3947 1022 4029 παρὰ
1048 3947 1100 4029 τὴν
1150 3959 1290 4026 quantum
1317 3955 1435 4028 qnidem
1464 3957 1644 4029 ipsasciret,
1674 3957 1746 4012 nibil
1767 3971 1894 4026 unquam
1919 3954 1995 4010 citra
2016 3954 2068 4010 in-

175 4041 231 4096 τοῦ
254 4039 360 4098 δικαίου
382 4031 501 4114 ίσύτητα
524 4043 679 4116 ἐνεργῆσαι,
702 4031 761 4097 ὅσα
776 4059 806 4116 γε
823 4033 912 4113 αὐτὴν
932 4038 1099 4113 siccam),
1149 4039 1250 4096 stitiae
1272 4041 1450 4112 aequitatem
1478 4042 1573 4097 voluit
1596 4041 1722 4112 operari.
1769 4042 1864 4108 Quum
1886 4042 1984 4094 nutem
2007 4037 2068 4094 hu-

179 4115 306 4200 ἦθίλησε
334 4117 458 4183 πύπονε.
500 4118 575 4182 Ἐπεὶ
597 4122 626 4182 ci
647 4118 680 4182 τύ
703 4127 755 4182 τοῦ
784 4119 1028 4198 drepanium)
1056 4124 1097 4200 γέ·
1150 4139 1266 4181 manum
1295 4139 1394 4198 genus
1422 4126 1567 4182 caducum
1588 4127 1645 4191 sit,
1682 4141 1777 4196 neque
1799 4127 1940 4181 absonum
1963 4123 2067 4195 suspi-

176 4225 246 4276 νους
267 4203 428 4285 ὀλισθηρὸν
449 4207 495 4267 καλ
511 4204 563 4266 ούκ
583 4200 701 4277 ἀπεικός
722 4209 798 4266 ἐστιν
819 4203 1008 4278 ὑποπτεῦσαι,
1028 4206 1098 4284 μηδὲ
1150 4210 1222 4282 cori,
1246 4225 1282 4266 ne
1301 4216 1431 4267 nostram
1454 4212 1572 4282 quidem
1592 4211 1669 4283 piam
1692 4211 1880 4266 serenitatem
1899 4209 1976 4264 banc
1996 4208 2066 4266 cul-

177 4281 232 4364 τὴν
253 4294 354 4368 εῦσεβῆ
376 4293 526 4369 διαδρᾶναι
553 4288 633 4370 ἡμῶν
660 4287 851 4371 γαληνύτητα,
878 4292 924 4350 καλ
947 4289 1002 4351 εἴτι
1023 4287 1098 4352 κατὰ
1148 4309 1215 4366 ηκτοι
1238 4294 1397 4368 effugisse,
1433 4296 1496 4366 sed,
1520 4297 1586 4352 sive
1619 4293 1693 4351 recti
1720 4295 1839 4352 oblitam
1873 4292 2067 4368 (oblivionem

175 4368 274 4452 λήθην
295 4373 534 4456 (δυσμαχώτατον
555 4371 609 4456 γάρ
633 4369 740 4455 ταύτην
761 4369 887 4444 ἅπαντες
908 4373 1029 4449 ἴσασιν),
1043 4372 1098 4437 εἴτε
1149 4377 1226 4436 enim
1256 4379 1430 4436 difficillime
1458 4381 1607 4454 superari,
1639 4380 1738 4436 sciunt
1765 4377 1883 4451 omnes)
1912 4378 1978 4433 slve
2005 4377 2064 4434 allo

175 4455 257 4518 καθ’
287 4456 382 4540 ἕτερον
402 4455 511 4540 τρόπον
538 4463 713 4540 οἰκονομίας,
743 4461 936 4540 διορίσασθαί
953 4482 980 4521 τι
1001 4456 1116 4540 έγγρύ-’
1148 4463 1249 4537 modo,
1277 4466 1308 4522 in
1330 4464 1562 4522 administranda
1583 4463 1737 4536 republica
1760 4465 1943 4520 maiestatem
1971 4477 2065 4520 meam

329 4749 360 4804 θ)
378 4745 420 4796 ci.
447 4746 516 4796 Nor.
539 4747 633 4797 lustin.
651 4747 696 4798 δθ.
715 4758 738 4798 c.
756 4749 782 4796 a.
801 4747 826 4806 s.
844 4747 869 4796 2.
956 4748 1213 4812 θ)11ιιτοε1η1στνν
1236 4748 1402 4812 compendia,
1420 4761 1488 4814 quae
1504 4750 1612 4800 exbibet
1630 4749 1722 4802 codex
1737 4751 1929 4812 ilienerianns,
1950 4749 2066 4813 legenda

172 4825 236 4864 esse
254 4813 426 4864 credidimus.
461 4815 513 4863 Sed
530 4821 558 4864 et
575 4815 766 4885 προσκαλέσεως
783 4826 868 4876 neque
885 4827 901 4862 a
917 4827 1014 4877 sensu,
1033 4829 1118 4879 neque
1136 4829 1153 4866 a
1169 4818 1310 4868 literarum
1328 4817 1451 4868 ductibus
1474 4819 1641 4868 abhorreret.
1691 4817 1756 4868 Cod.
1774 4819 1860 4868 Paris.
1885 4816 2063 4884 aposcolicam.

172 4883 206 4940 7)
225 4880 266 4931 ci.
284 4881 329 4931 Ilo
347 4883 451 4932 Frnrnc
475 4882 642 4934 Glossarium
667 4886 691 4934 b.
710 4896 735 4932 v.
754 4897 778 4945 p.
797 4883 839 4932 11.
925 4885 955 4944 8)
980 4887 1092 4934 Rectius
1118 4887 1232 4934 forsitan
1258 4890 1312 4935 crit
1333 4886 1490 4946 legendum:
1524 4883 1733 4936 ἀντιδικούντων.
1818 4888 1846 4944 9)
1864 4887 2008 4950 Sequentia
2023 4885 2067 4933 le·

174 4956 277 5014 guntur
299 4950 368 5011 apud
387 4952 572 5001 Baisamonem
592 4954 610 5001 l.
628 4964 662 5016 c.,
684 4955 712 5001 in
736 4952 799 5002 lure
824 4953 922 5000 orient.
942 4953 1031 5002 Enim.
1059 4951 1193 5016 Βοανγίδὶν·
1212 4967 1237 5016 p.
1255 4955 1297 5002 76.
1315 4954 1356 5001 77.
1376 4960 1404 5003 at
1421 4957 1450 5003 in
1467 4953 1487 5002 l.
1507 4955 1554 5002 cr.
1580 4953 1972 5014 nom.i.14⁰.ll.iei.,so.
2006 4953 2066 5000 Va·

172 5018 260 5066 rictas
276 5016 411 5080 lectionis,
429 5031 515 5083 quam,
533 5023 672 5084 utriusque
690 5020 793 5069 codioIs
814 5021 969 5082 apographa
985 5033 1045 5070 cum
1064 5021 1127 5070 lure
1145 5021 1389 5071 Graeco-itomano
1407 5023 1566 5083 conterens,
1593 5023 1751 5086 observavi,
1770 5023 1837 5072 baec
1854 5031 1908 5072 cst:
1926 5033 1987 5084 pag.
2005 5018 2065 5070 isa

171 5085 225 5136 lin.
242 5083 268 5131 2.
285 5082 473 5164 προεστηκόσιν
489 5084 506 5152 ἡ
523 5091 582 5151 pas.
603 5089 744 5138 -1111.8.
764 5083 809 5150 o‘s'qa
825 5085 857 5150 δη
875 5103 930 5136 τινι
954 5090 1091 5157 προσέχειν
1110 5115 1138 5128 -
1160 5090 1207 5138 lin.
1225 5089 1251 5138 4.
1270 5086 1400 5138 έπάύτύν
1417 5115 1446 5126 -
1468 5091 1517 5156 1111.Ι
1538 5091 1564 5138 7.
1583 5089 1713 5158 σφραγίδια
1737 5089 1894 5158 ίπιηέρηται
1917 5116 1952 5128 -
1973 5088 2066 5136 11118.

173 5151 243 5202 Cod.
262 5153 337 5199 illen.
355 5150 400 5199 δια
417 5153 463 5215 τῆς
480 5154 589 5212 σκέψεως
606 5181 639 5193 -
657 5157 704 5204 lin.
725 5154 766 5203 10.
783 5170 835 5213 μου
851 5154 991 5222 πορίσιται
1007 5181 1041 5192 -
1059 5157 1105 5205 lin.
1125 5157 1169 5206 14.
1187 5157 1251 5206 cod.
1269 5159 1340 5206 Ilien.
1362 5155 1526 5225 παραδράμοι
1545 5184 1577 5194 -
1595 5159 1633 5206 lin
1650 5158 1690 5206 17.
1713 5156 1845 5222 βασιλείας
1867 5173 1918 5217 μου
1933 5156 2013 5220 βῆμα·
2035 5181 2063 5191 -

172 5219 219 5271 Ita
236 5222 263 5267 et
279 5217 347 5281 apud
372 5219 492 5269 Vosidum
509 5222 527 5270 l.
540 5233 564 5270 c.
576 5247 605 5258 -
623 5224 670 5272 lin.
685 5223 727 5272 is.
744 5221 870 5282 γενέσθαι
888 5223 966 5271 deest
982 5224 1009 5272 in
1027 5228 1141 5286 introque
1158 5225 1217 5274 cod.
1238 5251 1266 5263 -
1286 5226 1333 5273 lin.
1352 5224 1394 5272 19.
1412 5223 1563 5285 διαγνοσικ·
1584 5221 1651 5275 ἀλλὰ
1666 5227 1768 5286 τέμνειν
1784 5221 1833 5289 τὴν
1851 5225 1946 5274 desunt
1961 5225 1989 5273 in
2000 5221 2066 5274 cod.

171 5288 262 5337 Paris.
281 5312 314 5321 -
335 5285 678 5353 11ο.21.ιηῖδικαζνμένῳ.
713 5289 756 5338 im
772 5293 800 5338 et
817 5288 886 5350 apud
909 5290 1030 5340 Vaelium
1049 5314 1081 5323 -
1099 5294 1147 5341 lin·
1164 5293 1207 5342 21.
1224 5292 1266 5341 22.
1286 5291 1351 5341 cod.
1370 5293 1444 5339 nien.
1461 5293 1508 5356 τῆς
1524 5291 1657 5358 ἐκκλησίας
1675 5319 1707 5332 -
1724 5295 1770 5344 llil.
1789 5293 1834 5343 ai.
1851 5289 2065 5352 ἀνατεθειμένας.

171 5357 219 5406 lca
236 5357 264 5402 et
278 5355 347 5416 apud
370 5355 500 5406 Vostrum.
521 5381 549 5392 -
570 5357 616 5406 lin.
633 5358 677 5406 25.
696 5357 777 5424 πέρας
799 5353 909 5413 ταύταις
925 5381 958 5392 -
982 5358 1047 5420 Pag·
1066 5357 1126 5410 iss.
1145 5361 1192 5409 lin.
1212 5360 1236 5410 1.
1255 5359 1320 5410 cod.
1346 5359 1432 5408 Paris.
1451 5357 1610 5426 εἰσαχθῆναι
1633 5360 1669 5418 εἰς
1685 5359 1734 5428 τὴν
1752 5360 1824 5426 δίκην
1840 5361 1938 5410 -11ο.
1955 5361 1981 5407 8.
1999 5359 2065 5411 Coti.

172 5424 263 5474 Paris.
282 5420 327 5479 ἕως
343 5419 443 5486 ταύτης
463 5451 490 5461 -
510 5425 573 5472 lbld.
590 5425 640 5475 τοῦ
656 5421 741 5475 αὐτοῦ
759 5423 884 5473 δικαστοῦ
900 5449 935 5460 ··-
951 5425 1000 5474 lin.
1018 5427 1045 5476 4.
1064 5425 1208 5485 διδομένοις
1230 5451 1263 5464 -
1281 5427 1328 5475 lin.
1347 5427 1372 5474 ⁷.
1390 5427 1456 5476 eod.
1472 5428 1559 5478 Paris.
1577 5427 1703 5479 έπαδείοιτ
1719 5457 1752 5469 -
1770 5431 1818 5478 lin.
1834 5430 1860 5476 8.
1877 5422 1894 5494 ἢ
1911 5426 2007 5494 ἕτερον.

329 5491 358 5548 1)
376 5489 441 5540 cod.
460 5493 534 5540 liieu.
551 5491 743 5562 γροσόβονλλον
765 5493 814 5542 τοῦ
837 5488 929 5542 αὐτοῦ.
981 5493 1046 5543 cod.
1069 5494 1155 5546 Paris.
1179 5497 1219 5544 nil
1235 5499 1344 5557 praeter
1355 5495 1472 5563 ppoodp‘l,
1488 5497 1537 5546 sed
1554 5499 1582 5546 in
1605 5511 1690 5562 marg.
1712 5499 1889 5558 adscriptum:
1922 5492 2065 5562 Μανονὴλι

170 5559 206 5619 Β)
226 5557 268 5608 ci.
287 5557 333 5608 Da
352 5557 446 5619 θαπμν
464 5559 585 5610 Glossar.
602 5575 625 5609 s.
642 5576 667 5610 v.
680 5558 901 5628 καταοτροννδειν
917 5575 944 5623 p.
956 5561 1016 5612 611.
1037 5561 1077 5612 Ῑδ.
1096 5569 1161 5612 ets.
1180 5575 1204 5610 v.
1224 5563 1341 5631 σίερετον
1358 5577 1383 5625 p.
1401 5563 1479 5612 1317.
1556 5568 1587 5624 8)
1608 5565 1673 5617 cod.
1691 5567 1777 5615 Paris.
1795 5565 1881 5615 addit:
1899 5564 1957 5627 ἔχον
1973 5559 2065 5622 οὕτως.

168 5627 290 5688 Reliqua
313 5629 499 5688 inscriptionis
516 5641 578 5691 pars
602 5629 770 5680 desideratur
786 5631 815 5677 in
832 5627 897 5679 Cod.
918 5631 990 5678 illan.
1070 5630 1102 5688 4)
1121 5631 1186 5680 cod.
1208 5630 1270 5680 Par.
1293 5629 1367 5679 addit
1384 5628 1442 5682 ιδ’..
1460 5643 1527 5694 qsrae
1544 5645 1586 5682 me
1608 5645 1663 5682 non
1688 5634 1842 5697 intelligere
1866 5635 1967 5694 fateor,
1985 5645 2065 5696 quom

169 5707 315 5745 nnmerum
334 5691 367 5751 ς’.
385 5695 417 5744 ad
436 5695 493 5746 dics
517 5699 651 5758 respicere
669 5709 719 5747 nos
737 5697 835 5746 doceat
850 5697 1025 5748 indictionrun
1044 5710 1103 5748 com
1124 5699 1218 5747 utatio.
1253 5700 1306 5746 An.
1324 5697 1398 5748 vill.
1416 5693 1466 5749 rol
1552 5703 1582 5760 d)
1602 5702 1732 5750 Desumto
1749 5707 1812 5750 sunt
1829 5713 1863 5750 ex
1880 5703 1987 5751 Psalmo
2006 5701 2064 5752 119.

169 5763 264 5821 (118.)
287 5775 357 5812 vers.
381 5763 436 5814 ica.
494 5765 523 5824 6)
542 5763 625 5815 codd.
648 5763 835 5830 ίβδηλυεάμην.
885 5765 915 5825 1)
933 5765 998 5816 cod.
1019 5767 1080 5816 Par.
1098 5783 1141 5814 νιν.
1192 5767 1223 5826 Β)
1240 5765 1323 5817 codd.
1342 5764 1488 5836 ἀφορῶντα.
1539 5769 1570 5827 θ)
1588 5767 1670 5822 codd.
1688 5765 1850 5836 εδθητατας.
1904 5769 2063 5828 inlesam.

167 5829 390 5890 tinnovero.
410 5831 451 5882 1⁰.
535 5832 583 5893 11)
602 5831 686 5885 Codri.
709 5851 837 5898 τυγγανιν.
924 5833 971 5894 19)
987 5834 1049 5884 I’ttr.
1067 5830 1187 5895 μ’δύντα.
1275 5835 1321 5894 18)
1338 5835 1399 5886 Par.
1418 5831 1575 5908 ἀνθρώπου.
