4802 7060
917 530 1154 600 CAPUT
1217 529 1273 598 II.
1912 556 2032 608 xxxvn

158 725 253 808 caput
275 721 338 786 iam
359 739 423 788 nou
445 720 487 788 ad
509 721 702 808 marginem,
733 739 844 788 verum
872 718 906 786 ia
927 724 1083 788 contextu
1110 719 1221 808 operis
1243 719 1389 786 habetur.
1425 713 1481 786 Ex
1509 717 1567 786 tali
1583 723 1739 806 tantoque
1760 720 1872 790 horum
1888 723 2031 792 locorum

158 843 226 889 cum
248 823 351 886 nostri
374 822 518 908 corporis
539 823 651 888 verbis
672 841 835 888 consensu
858 821 934 887 illud
956 829 1103 910 apparet,
1127 822 1211 909 braic,
1232 825 1285 907 qui
1308 821 1469 906 epitomen
1490 821 1597 904 legum
1618 821 1853 910 compilaverit,
1876 827 2030 912 scriptori

158 923 301 1000 codicem
322 923 585 1006 manuscriptum,
621 925 676 1010 qui
705 931 849 988 nostrum
878 923 992 989 librum
1020 924 1302 1010 complecteretur,
1330 920 1370 986 ad
1394 942 1520 986 manum
1541 921 1653 988 luisse.
1704 923 1822 1010 Neque
1845 926 1928 990 euim
1950 925 2030 992 illud

157 1025 219 1090 dici
240 1032 349 1111 queat,
372 1024 442 1110 bas,
464 1043 544 1109 quas
566 1024 780 1110 laudavimus,
802 1023 1053 1090 constitutiones
1075 1043 1117 1090 ex
1139 1043 1219 1110 puro
1242 1031 1318 1108 puto
1340 1023 1520 1088 lustiniauo
1543 1019 1664 1088 Codice
1686 1023 1718 1089 in
1742 1025 1902 1110 epitomen
1924 1026 2030 1112 legum

158 1144 234 1192 esse
268 1124 465 1210 translatas,
493 1143 563 1190 cum
592 1125 741 1190 rubricae
763 1131 1038 1212 argumentorum,
1069 1143 1149 1212 quas
1172 1123 1276 1188 nostri
1298 1122 1370 1186 libri
1392 1124 1540 1207 proprias
1562 1122 1808 1212 peculiaresque
1831 1144 1909 1192 esse
1931 1146 2030 1214 supra

158 1227 307 1312 diximus,
328 1245 397 1292 cum
420 1225 503 1311 ipsis
525 1224 775 1312 uniuscuiusque
795 1227 1037 1292 constitutionis
1058 1227 1172 1292 verbis
1193 1223 1308 1291 eodem
1330 1221 1511 1288 translatae
1540 1241 1620 1290 esse
1648 1228 1862 1309 reperiantur.
1906 1229 1945 1291 In
1971 1247 2030 1294 re-

157 1328 253 1413 liquis
275 1328 354 1392 iuris
376 1325 482 1392 civilis
504 1326 594 1392 libris
602 1375 612 1412 ,
641 1329 695 1414 qui
725 1331 801 1412 post
832 1345 873 1394 ea
905 1335 1050 1414 tempora
1081 1327 1195 1412 scripti
1217 1330 1309 1409 sunt,
1339 1331 1474 1390 nostrae
1504 1323 1706 1391 collectionis
1728 1325 1811 1394 adeo
1832 1325 1920 1394 nulla
1940 1327 2027 1396 lacta

157 1436 210 1495 est
231 1429 367 1507 mentio,
390 1433 425 1492 ut
447 1445 509 1494 nec
531 1426 703 1514 quidquam
726 1427 861 1514 proferri
884 1437 997 1518 queat,
1020 1427 1104 1516 quod
1127 1447 1198 1494 curn
1219 1426 1328 1512 aliqua
1351 1425 1422 1492 veri
1444 1427 1556 1514 specte
1586 1425 1649 1492 huc
1669 1427 1838 1494 celeratur.

307 1595 412 1664 Venio
435 1594 478 1663 ad
499 1594 634 1662 alteram
657 1595 751 1662 huius
772 1594 1002 1682 disputationis
1025 1603 1162 1684 partem,
1184 1597 1245 1662 hoc
1267 1599 1341 1682 est,
1371 1592 1413 1660 ud
1436 1613 1493 1684 ea,
1530 1615 1614 1682 qnae
1643 1599 1748 1662 nostri
1776 1595 1922 1684 corporis
1943 1599 2028 1686 apud

157 1697 371 1764 recentiorum
393 1703 570 1784 temporum
593 1697 830 1763 iureconsultus
853 1697 987 1786 luerint,
1014 1699 1082 1765 lata
1111 1695 1303 1764 enarranda.
1355 1695 1457 1778 Quam
1487 1694 1615 1782 quidem
1644 1703 1768 1782 partem
1798 1695 2027 1782 nicaenum)

157 1805 189 1864 et
218 1795 412 1880 tilliano)
435 1799 481 1864 ita
503 1799 723 1886 illustrarunt,
751 1803 787 1862 ut
808 1797 887 1864 nihil
910 1818 1019 1884 supra.
1063 1805 1178 1885 ltaque
1207 1799 1321 1885 paucis
1349 1804 1473 1863 tantum
1501 1797 1585 1862 hanc
1615 1817 1682 1864 rem
1711 1799 1929 1864 tractabimus.
1974 1801 2028 1866 Ab

156 1901 299 1966 iohanne
329 1900 464 1966 Iletello
493 1897 647 1985 Sequano
676 1899 780 1965 medio
812 1898 882 1964 lere
902 1899 1032 1966 saeculo
1061 1920 1092 1986 p.
1117 1899 1192 1966 Chr.
1216 1920 1246 1966 ιι.
1279 1897 1522 1964 decimosexto
1551 1897 1583 1962 ln
1606 1897 1770 1964 codicibus
1800 1901 2028 1988 manuscriptis

155 2001 371 2068 bibliothecae
391 2000 574 2086 MedIceae,
594 2019 678 2087 quae
700 1999 889 2066 Florentiae
912 2007 976 2090 cst,
998 2007 1143 2067 nostrum
1166 1999 1278 2066 librum
1300 2001 1436 2086 primum
1460 2000 1629 2066 inventum
1658 2019 1734 2066 csse
1762 2001 1927 2066 Antonius
1956 2003 2028 2067 Au-

155 2104 362 2188 gasnausw)
393 2109 507 2168 auctor
536 2109 603 2182 εει,
637 2100 735 2186 idque
756 2101 830 2186 ipsa
850 2101 978 2168 Metelli
1000 2103 1201 2189 eptstalao)
1230 2101 1272 2169 ad
1303 2101 1477 2168 Antonium
1507 2101 1721 2186 augustinum
1749 2099 1827 2166 duta
1856 2102 2028 2168 confirmo-

154 2209 213 2268 tur.
260 2203 311 2268 Ab
337 2201 408 2283 hoc,
432 2209 467 2266 ut
489 2203 572 2268 idem
597 2203 800 2286 Augustinus
822 2203 1000 2288 significat,
1037 2205 1161 2290 aliquot
1183 2203 1334 2289 exempla
1355 2203 1554 2268 Graecarum
1577 2203 1857 2282 constitutionum,
1889 2201 2029 2288 quaein

153 2307 266 2370 nostro
287 2303 368 2368 libro
390 2303 513 2370 relatae
536 2311 623 2384 sont,
646 2303 887 2389 Lugdunenses
909 2306 1041 2386 librarii,
1065 2305 1098 2372 id
1121 2313 1185 2392 est,
1210 2305 1305 2390 Ilugo
1327 2323 1348 2369 a
1370 2303 1472 2368 Porta
1495 2310 1529 2368 ct
1550 2303 1713 2368 Antonius
1739 2304 1941 2384 Vincentius,
1965 2321 2028 2368 ex-

153 2409 319 2472 torserunt
340 2423 461 2492 easque
483 2423 554 2470 oum
575 2405 746 2471 Francisci
778 2405 975 2473 Hotomanoi
1003 2408 1273 2493 interpretatione
1302 2423 1385 2471 auno
1411 2401 1526 2468 1551.
1551 2405 1631 2469 iuris
1660 2404 1779 2491 publici
1809 2405 2026 2484 lecerunt80).

154 2505 244 2589 Quae
267 2504 395 2594 quidem
417 2507 678 2572 constitutionum
700 2503 899 2573 Graecarum
927 2505 1092 2593 appendix
1121 2508 1219 2573 etlam
1248 2507 1280 2571 in
1310 2506 1408 2587 bunc,
1446 2527 1539 2592 quam
1570 2505 1760 2571 Russardus
1789 2503 2029 2592 Duarenusque

151 2606 304 2693 Lugduni
324 2605 409 2693 apud
430 2605 604 2672 Rovillium
626 2626 710 2672 anno
737 2606 852 2672 1550.
876 2614 910 2675 et
936 2603 1050 2672 1561.
1074 2615 1242 2688 curarunt,
1266 2604 1437 2671 Iustiniani
1460 2607 1593 2672 Codicis
1616 2606 1791 2673 editionem
1812 2615 1948 2693 recepta
1963 2611 2026 2672 est·

151 2714 195 2776 nt
218 2707 383 2774 Iohannes
405 2707 558 2774 Metellus
580 2708 876 2790 resonantiarum,
900 2715 994 2797 prout
1017 2707 1153 2790 invenit,
1177 2727 1249 2774 cum
1271 2706 1413 2772 Antonio
1437 2707 1638 2794 Augustino,
1670 2709 1723 2795 qui
1754 2715 1789 2774 et
1816 2708 1881 2774 alia
1910 2705 2029 2774 deiude

149 2815 285 2878 nostrae
307 2805 507 2874 collectionis
528 2809 727 2896 exemplaria
748 2818 927 2898 pervetera
951 2811 1075 2875 Itomae
1098 2815 1133 2872 ει
1154 2805 1305 2874 Tridenti
1336 2807 1522 2897 banaiam),
1544 2810 1802 2891 communicavit,
1831 2809 1924 2894 isque
1945 2807 2028 2874 XXI

150 2909 401 2978 constitutiones
424 2911 551 2997 priores
572 2907 751 2977 Iustiniana
767 2911 882 2979 codici
903 2911 1057 2996 restituit,
1079 2911 1111 2975 in
1135 2908 1297 2996 paratitlis
1320 2906 1519 2974 Graecarum
1541 2910 1804 2976 constitutionum
1826 2909 2029 2976 collectionis

148 3013 292 3098 ingenue
314 3011 500 3097 protessus,
524 3029 583 3078 eas
604 3030 647 3078 ex
672 3011 869 3080 Graecarum
892 3013 1154 3079 constitutionum
1176 3011 1474 3078 ecclesiasticarum
1497 3011 1689 3092 collectione
1711 3017 1859 3097 sumptas
1881 3014 2027 3092 esseit).

150 3111 225 3196 Quo
246 3110 375 3178 dicendi
395 3130 526 3197 genere,
550 3117 585 3178 ιιι
607 3118 642 3178 ει
664 3111 891 3195 Itienerasiil
914 3113 1115 3194 observavit,
1141 3119 1205 3178 tam
1227 3110 1449 3178 collectionem
1470 3111 1569 3178 XXV
1590 3113 1815 3198 capitulorum,
1852 3130 1946 3198 quam
1965 3111 2029 3177 tri-

148 3218 316 3303 partitum,
339 3213 422 3300 quod
444 3212 797 3282 Pseudo-Balsamoui
821 3202 917 3280 tribui
946 3215 1051 3299 solet,
1072 3212 1372 3280 ecclesIasticarum
1400 3213 1665 3280 constitutionum
1693 3231 1810 3298 corpus
1840 3212 2028 3299 complexus

145 3325 209 3385 est.
258 3315 354 3382 Ilauc
375 3314 470 3395 enim,
493 3333 588 3400 quam
610 3315 719 3382 ultimo
742 3316 811 3384 loco
835 3317 1010 3404 posuimus,
1034 3314 1257 3382 collectionem
1279 3333 1338 3400 pro
1360 3319 1454 3400 parte
1475 3315 1575 3381 totius
1596 3313 1706 3400 operis
1727 3313 1768 3380 ab
1791 3313 1932 3378 Antonio
1954 3313 2029 3378 Au-

142 3418 280 3506 gustino
302 3415 445 3483 habitam
466 3415 578 3497 luisse,
602 3435 645 3482 ex
667 3421 820 3504 paratitlo
842 3421 885 3487 ad
908 3419 990 3486 Cod.
1015 3415 1041 3483 I.
1068 3417 1102 3482 1.
1118 3417 1165 3498 3.,
1188 3417 1252 3508 ubi·
1270 3421 1372 3483 tolum
1394 3416 1527 3503 primum
1546 3413 1680 3480 Codicis
1703 3413 1827 3480 titulum
1849 3419 1884 3479 et
1904 3412 2028 3499 aliquot

142 3523 233 3588 alios
252 3519 285 3584 in
298 3515 429 3582 Graeca
440 3516 700 3582 constitutionum
720 3520 1017 3588 ecclesiasticarum
1028 3519 1222 3584 collectione
1237 3517 1339 3584 luisse
1354 3523 1388 3584 et
1401 3515 1550 3584 Graecas
1560 3515 1763 3602 Latinasque
1777 3515 2027 3582 constitutiones

139 3623 174 3688 in
199 3619 369 3706 epitomen
390 3615 543 3684 redactas
563 3621 737 3686 memoriae
759 3619 838 3689 esse
858 3619 1012 3708 prodidit,
1034 3620 1173 3707 utileque
1196 3619 1417 3706 paratitlorum
1438 3617 1576 3696 tacisti)
1598 3617 1683 3682 satis
1704 3623 1843 3684 constat.
1875 3615 1971 3683 Unde
1993 3624 2028 3682 et

139 3718 230 3788 illud
251 3719 453 3806 explicatur,
480 3716 556 3804 qaid
585 3719 647 3802 sit,
679 3721 765 3808 quod
786 3723 820 3789 in
848 3721 1007 3810 lontibus,
1036 3721 1152 3810 quibus
1173 3720 1215 3788 ad
1238 3721 1333 3808 leges
1357 3719 1538 3788 Iustiniana
1561 3716 1675 3786 codici
1696 3716 1920 3785 restituendas
1946 3733 2027 3782 usus

302 4007 501 4068 limitatione:
520 4009 572 4060 Die
590 4009 747 4064 (ἔιιειιειιε
764 4012 816 4066 der
832 4011 966 4066 Nonetlen
983 4028 1010 4079 ιι.
1027 4011 1195 4080 tro-nro,
1230 4015 1259 4064 et
1274 4015 1302 4064 ia
1320 4013 1404 4064 llbro:
1433 4009 1575 4080 aspersae
1591 4026 1648 4065 zur
1664 4011 1791 4064 Ilmbbn
1815 4011 1863 4064 des
1886 4007 2027 4060 Jsolbsin-

132 4094 277 4149 metsclleo
296 4092 430 4156 00100)-
447 4093 481 4143 2⁵
498 4105 553 4157 seq.
621 4097 670 4156 el)
688 4099 718 4148 in
735 4100 825 4150 libro:
843 4101 896 4152 tlte
912 4101 985 4166 tepeo
1001 4101 1148 4152 rutilatae
1164 4100 1212 4150 ales
1228 4098 1479 4150 Justmtoneisciren
1497 4097 1591 4148 Coelen
1607 4111 1632 4160 p.
1650 4097 1693 4146 88.
1710 4101 1739 4146 et
1755 4107 1812 4160 seq·
1897 4095 1943 4154 Β)
1960 4093 2027 4144 col-

127 4181 236 4234 lectio
254 4179 475 4231 commissionum
491 4175 656 4230 (imnum
672 4179 779 4233 codicis
797 4185 919 4244 merdae
936 4185 1026 4244 1807.)
1044 4185 1129 4247 ponet.
1149 4198 1175 4246 ιι.
1193 4185 1283 4235 vitu:
1308 4184 1349 4234 Io.
1367 4183 1478 4234 Metello
1495 4182 1635 4246 Sequano,
1659 4195 1678 4230 a
1699 4191 1753 4244 quo
1768 4179 1965 4244 Lugdunenses
1989 4177 2026 4228 lt·

128 4265 242 4319 brarli
258 4261 366 4326 aliquot
381 4261 603 4312 constitutionum
619 4267 745 4329 exempla
761 4269 955 4334 entoroerunt,
972 4267 1096 4318 demonio
1111 4267 1221 4332 portem
1238 4268 1344 4334 morib,
1371 4268 1444 4332 quod
1460 4268 1489 4317 tn
1506 4264 1668 4316 Florentino
1684 4263 1841 4314 bibliotheca
1856 4265 1963 4328 primus
1980 4265 2026 4314 m-

127 4348 251 4404 eldero't
266 4348 296 4395 tn
313 4345 498 4395 collectionem
513 4347 737 4400 constitutionum
753 4353 1011 4413 scotomaticorum,
1028 4351 1100 4402 made
1114 4352 1248 4416 pleraque
1264 4355 1435 4417 mmpmmao.
1515 4351 1564 4409 29)
1582 4347 1652 4399 Vlde
1668 4347 1773 4399 trtmras
1791 4359 1808 4397 ιι
1825 4347 1938 4398 Metello
1954 4359 2025 4396 ιιιιιιο

126 4434 223 4486 1815.
247 4431 324 4480 datas
342 4431 370 4478 in
383 4427 530 4493 mmmmm
546 4431 668 4491 epistolis
685 4445 719 4481 er
736 4434 800 4485 edlt.
818 4435 922 4486 Andros
939 4451 964 4500 ιι.
983 4435 1042 4486 ise.
1094 4437 1142 4493 80)
1159 4435 1384 4488 Vldoltleneram
1400 4437 1420 4486 l.
1437 4436 1456 4485 l.
1474 4447 1500 4498 ιι.
1518 4431 1676 4484 too-ms.
1743 4429 1791 4492 81)
1809 4429 1941 4481 collectio
1958 4441 2025 4478 con-

125 4518 319 4568 stitutionum
338 4511 503 4564 limenorum
520 4513 605 4575 prael.
623 4527 649 4578 p.
667 4517 755 4569 viii:
776 4519 861 4570 Gulusa
875 4521 971 4584 postea
988 4519 1053 4570 lllrt
1068 4521 1175 4586 aliquot
1190 4521 1317 4584 ecmnplo
1332 4522 1479 4584 pervetera
1496 4519 1599 4570 aanor
1616 4519 1644 4568 et
1655 4515 1781 4567 Tridenti
1795 4515 1886 4566 latui.
1918 4511 2027 4571 timo-

123 4605 214 4656 ratit.
238 4599 274 4649 ari
291 4597 313 4648 i.
331 4597 356 4647 1.
374 4601 461 4647 const.
477 4597 504 4646 8.
548 4597 630 4650 lianc
648 4600 787 4654 Graecam
804 4605 1025 4655 constitutionem
1046 4603 1198 4652 mamonae
1221 4605 1250 4654 in
1274 4604 1395 4669 pamm
1411 4605 1569 4654 collectione
1585 4602 1833 4653 ecclesiasticarum
1849 4597 2024 4650 comitialia-

124 4702 213 4750 msm,
235 4685 317 4735 cairo
333 4681 422 4732 molto
439 4681 610 4744 ecemplorto
627 4687 753 4738 aminon
788 4687 825 4740 In
841 4699 875 4740 eo
890 4688 965 4739 totae
981 4689 1024 4738 istc
1040 4688 1139 4738 tuntas
1155 4690 1183 4738 et
1198 4687 1307 4753 aliquot
1321 4688 1372 4738 alti
1389 4687 1474 4738 relati
1490 4689 1558 4738 sunt
1572 4688 1601 4737 et
1614 4687 1720 4750 parlim
1735 4684 1844 4734 Graeco
1860 4682 1945 4733 verto
1955 4693 2025 4732 con-

122 4772 318 4823 stitutionem
334 4765 507 4830 referrmlar,
537 4769 643 4831 parton
660 4771 690 4820 tn
707 4773 840 4836 ειιιιοιιιειι
856 4772 1024 4837 redigantur
1040 4774 1098 4823 tom
1115 4772 1246 4837 Latinae,
1263 4784 1346 4836 qaam
1365 4771 1491 4823 Graecae
1507 4771 1722 4821 constitutiones.
1747 4767 1787 4816 Ad
1806 4766 1826 4815 1.
1844 4767 1872 4817 2.
1888 4765 1932 4816 2⁰.
1949 4765 2026 4817 Ilaec

120 4868 251 4922 qaoque
275 4851 434 4903 constitutio
457 4853 569 4915 sumpto
590 4853 633 4902 est
654 4865 689 4904 es
712 4856 806 4907 eadem
827 4858 994 4908 collectione.
1029 4857 1073 4906 Ad
1089 4857 1111 4906 1.
1129 4857 1154 4905 8.
1172 4855 1216 4905 20.
1255 4856 1375 4920 Surrrpta
1391 4859 1433 4906 est
1448 4857 1514 4906 laec
1530 4855 1689 4905 constilaoio
1706 4863 1741 4901 es
1758 4849 1851 4901 eadem
1867 4851 2025 4906 collectione

119 4943 270 4992 Graeca.
305 4935 347 4985 Ad
366 4935 386 4985 l.
405 4935 431 4982 8.
448 4933 491 4984 41.
528 4935 681 4987 Baletium
698 4938 941 4991 laocoonatltalto
963 4953 1000 4991 eo·
1016 4941 1109 4991 εαιιιιιι
1125 4941 1282 4990 collectione
1306 4939 1418 4991 Graeco
1438 4941 1662 4990 constitutionum
1684 4931 1940 4984 ecckslasticoram.
1973 4933 2025 4981 Vl-

116 5027 156 5076 de
177 5025 285 5089 parat.
302 5019 335 5068 nd
351 5019 372 5068 1.
390 5019 415 5068 8.
433 5017 486 5080 48,
503 5018 554 5084 48,
571 5019 629 5081 44,
646 5020 699 5082 48,
715 5022 770 5084 lu,
786 5025 839 5088 47,
856 5025 909 5084 88,
925 5026 978 5086 aa,
995 5023 1017 5073 1.
1035 5025 1062 5074 4.
1082 5024 1133 5087 14.,
1150 5025 1203 5088 88,
1220 5025 1277 5087 28,
1293 5023 1347 5088 08,
1365 5023 1418 5089 aa,
1435 5023 1488 5087 80,
1505 5025 1559 5086 aa,
1578 5021 1621 5072 04,
1690 5019 1737 5076 88)
1754 5019 1784 5067 In
1802 5017 1887 5067 llbro:
1906 5015 2024 5066 1118οε-

112 5107 264 5162 oramate
289 5103 340 5154 der
365 5101 500 5152 Novellen
516 5115 541 5166 p.
561 5103 612 5151 170
629 5109 658 5152 ει
677 5104 745 5166 toa,
771 5111 799 5157 et
822 5111 851 5156 iu
868 5108 952 5157 llbro:
989 5107 1129 5172 septenae
1150 5123 1206 5159 zur
1226 5107 1352 5159 Reulolon
1375 5105 1688 5160 oeeJmtrnranearten
1708 5099 2024 5162 Cascantenses.

110 5193 167 5252 84)
189 5193 252 5242 Sic
277 5185 395 5247 exempli
411 5187 514 5249 grana,
538 5197 600 5234 cum
617 5191 705 5238 coust.
723 5189 749 5238 8.
768 5190 797 5242 c.
815 5191 837 5240 1.
856 5191 879 5242 1.
898 5191 945 5250 (de
961 5201 1065 5240 stamma
1082 5192 1214 5251 trinimle)
1239 5205 1273 5242 ex
1296 5193 1458 5244 collectione
1474 5191 1553 5242 xxv
1570 5189 1749 5250 capiluiorum
1772 5185 1911 5236 retulisset
1929 5183 2024 5242 (habet

109 5280 199 5329 eninr
227 5271 468 5332 subscriptionem
494 5271 718 5336 consolationis),
740 5274 770 5322 tn
787 5277 873 5336 parat.
892 5273 925 5324 ad
943 5273 964 5324 l.
983 5273 1008 5322 1.
1026 5274 1051 5323 8.
1073 5276 1126 5324 stt:
1144 5279 1256 5341 sumpta
1272 5279 1314 5329 est
1328 5293 1364 5330 eo
1381 5291 1470 5342 supra
1486 5273 1561 5324 elicta
1578 5272 1744 5322 collectione.
1795 5269 1878 5332 Atqui
1896 5269 2023 5330 epitome,

105 5375 202 5428 quam
227 5355 347 5414 retulit,
364 5363 399 5402 cx
416 5353 551 5414 impartita
568 5355 791 5408 constrictionum
808 5358 1055 5408 ecclesiasticarum
1073 5359 1235 5410 collectione
1252 5367 1357 5424 sumpto
1374 5367 1424 5412 est
1457 5357 1528 5408 vido
1554 5356 1660 5405 lastelit
1678 5355 1867 5404 bibliothecam
1889 5353 1958 5403 rurs
1975 5363 2023 5401 cs-

103 5447 220 5496 momtci
245 5445 320 5492 tom.
338 5438 372 5488 II.
391 5450 417 5500 p.
436 5435 511 5486 1888.
547 5435 649 5487 canter
666 5443 750 5500 porat.
769 5441 804 5491 acl
821 5441 842 5490 1.
862 5441 886 5491 1.
903 5441 929 5490 7.
948 5453 1008 5492 oum
1024 5441 1146 5492 Iustellto
1164 5457 1189 5507 p.
1209 5445 1283 5496 1288,
1302 5451 1330 5494 ει
1347 5444 1380 5494 ad
1398 5445 1419 5492 1.
1437 5441 1461 5490 1.
1480 5439 1521 5491 18.
1540 5453 1602 5492 cum
1618 5440 1740 5492 Irrstelllo
1757 5451 1783 5501 p.
1801 5435 1889 5498 1848,
1905 5437 1933 5486 ει
1949 5436 1983 5486 sd
1998 5435 2022 5486 I.

99 5531 131 5582 1.
167 5529 223 5581 17.
256 5537 329 5576 cum
353 5521 476 5571 Iustelllo
499 5533 559 5584 pag.
586 5519 662 5572 17148.
714 5525 896 5587 Aliud,lrotus
921 5528 963 5577 rei
986 5529 1168 5578 testinnonium
1195 5529 1303 5578 exbibet
1328 5526 1475 5590 paratitlon
1499 5525 1532 5574 nd
1549 5526 1570 5575 I.
1587 5524 1613 5574 4.
1648 5523 1766 5573 ibicum
1783 5525 1870 5573 const
1889 5517 1933 5570 14.
1950 5518 1982 5570 C.
1999 5521 2020 5570 I.

101 5617 132 5664 1.
148 5613 182 5664 4.
206 5611 274 5670 (rte
293 5605 442 5670 episcopali
458 5603 608 5664 asmentia)
625 5619 659 5657 cx
677 5609 840 5662 collectione
850 5611 936 5662 XXV.
951 5611 1129 5674 topiariorum
1143 5613 1290 5672 retulisset,
1307 5610 1341 5659 sd
1353 5611 1374 5661 1.
1389 5608 1417 5660 4,
1436 5607 1478 5659 17.
1493 5611 1536 5658 sic
1553 5609 1704 5659 adnotavit:
1721 5608 1835 5671 epitome
1852 5606 1963 5670 sumpta
1979 5605 2021 5654 eat

100 5711 145 5750 erc
165 5695 291 5749 eadem
309 5691 474 5754 coibcttooe,
490 5689 525 5740 rie
541 5703 599 5756 qua
615 5705 711 5757 mara.
745 5698 829 5760 Αιιιιιι
847 5698 933 5746 const.
951 5694 993 5745 17.
1013 5693 1043 5746 c.
1061 5695 1082 5744 1.
1100 5695 1126 5745 4.
1146 5697 1262 5760 epitome
1279 5695 1346 5744 naec
1363 5693 1457 5757 babet,
1484 5704 1552 5758 quse
1574 5697 1604 5745 in
1621 5693 1756 5758 tripartita
1773 5691 1937 5747 concedano
1954 5689 1982 5741 1.ι
1991 5688 2020 5738 4.

103 5783 152 5833 17.
177 5777 273 5846 apud
294 5776 445 5827 iustelttuua
463 5789 487 5838 p.
506 5773 738 5830 istamcontra
774 5781 896 5846 Reliqua,
913 5791 947 5840 ne
964 5780 1062 5846 longus
1079 5781 1139 5844 sim,
1157 5783 1308 5844 praetereo.
