4802 7060
930 522 1169 594 cornu
1234 529 1282 592 m
1935 555 2092 635 „ul

160 712 225 795 est,
246 713 282 773 at
302 713 449 774 nostrum
468 707 575 794 legum
596 725 714 794 corpus
736 713 813 796 post
833 710 1003 778 Iustiniani
1026 709 1155 799 abitum,
1176 710 1237 779 red
1259 717 1337 780 aute
1357 711 1556 780 Heracliam
1578 717 1725 803 tempora
1746 718 1926 790 conlectum
1946 739 2025 794 esse
2071 744 2073 752 ’

160 810 308 876 dicamus.

307 907 361 978 Ile
383 911 472 997 loca,
493 909 546 974 ubi
568 914 682 975 noster
703 909 785 978 liber
807 913 998 1001 compilatus
1021 915 1083 1004 sit,
1103 913 1182 982 nihil
1205 915 1286 980 certi
1308 917 1425 981 atl'erre
1448 934 1589 1000 possum.
1632 915 1716 982 lllud
1748 923 1858 986 tamen
1886 929 2025 991 cansta-

160 1011 212 1096 bit,
234 1009 319 1076 intra
342 1011 465 1098 imperii
489 1007 668 1076 CrIentalis
690 1011 772 1078 lines
794 1013 977 1082 coniectum
999 1036 1089 1106 esse,
1110 1035 1181 1084 cram
1202 1013 1265 1080 hue
1287 1020 1410 1080 tantum
1431 1015 1544 1102 leges,
1566 1034 1648 1104 qnae
1669 1016 1735 1082 illle
1757 1019 2025 1104 observabantur,

160 1111 242 1198 apud
266 1119 408 1178 nostrum
430 1113 621 1198 scriptorem
645 1113 838 1180 referantur.
881 1115 1000 1202 Neque
1022 1117 1163 1183 tortasse
1186 1135 1206 1180 a
1227 1133 1308 1181 vero
1331 1115 1554 1200 aberraverit,
1576 1117 1682 1203 quiin
1704 1119 1810 1205 aliquo
1833 1119 2027 1192 dloeceseos

162 1212 537 1298 Constantinopolitanae
566 1213 635 1280 luco
667 1213 700 1279 id
732 1214 850 1282 Iactum
879 1235 957 1284 esse
984 1217 1169 1284 contendat.
1228 1213 1328 1282 Certe
1358 1217 1501 1284 Novella
1525 1216 1623 1305 133,
1660 1237 1742 1306 qaae
1772 1220 1805 1286 in
1834 1221 2026 1294 collectione

160 1314 328 1384 CLXVIII
359 1315 571 1382 Novellarum
600 1313 641 1380 ad
669 1315 869 1401 praelectum
897 1319 1060 1403 praetorio
1091 1319 1228 1404 aliquem
1257 1317 1359 1384 missa
1386 1337 1464 1385 esse
1486 1319 1691 1408 perhibetur,
1729 1321 1764 1386 in
1785 1328 1898 1388 nostro
1920 1323 2027 1410 legum

159 1436 292 1502 corpore
313 1417 355 1482 ad
377 1416 528 1483 Menuam
550 1415 828 1502 arehiepiscopum
850 1413 1242 1504 Constantinopolitannm
1263 1417 1390 1484 directa
1411 1425 1482 1506 est,
1504 1419 1665 1506 habetque
1688 1421 1748 1486 hos
1769 1425 2025 1508 patriarcharum

158 1518 277 1606 titulos,
298 1518 351 1603 qui
372 1535 434 1584 nec
457 1517 634 1604 praesectis
658 1519 823 1604 praetorio
846 1519 1086 1608 tribuebantur,
1107 1539 1170 1586 aec
1191 1520 1223 1584 in
1246 1518 1436 1586 collectione
1458 1515 1629 1586 CLXVIII
1647 1521 1858 1590 Novellaram
1878 1532 2025 1594 exstant.

159 1615 258 1700 Quam
280 1636 347 1684 rem
370 1623 405 1683 ut
426 1619 545 1684 clarIus
570 1637 788 1705 exponamus,
816 1639 897 1706 opus
919 1627 990 1710 est,
1024 1628 1059 1684 ut
1089 1620 1131 1686 ad
1159 1619 1232 1706 ipsa
1259 1619 1423 1686 Novellae
1456 1619 1543 1686 133.
1566 1620 1670 1686 verba
1695 1623 1924 1709 confugiamus.
1972 1628 2026 1695 Ita

153 1727 263 1786 *autern
285 1737 357 1806 cap.
383 1720 418 1784 1.
439 1719 524 1806 apud
546 1727 690 1786 nostrum
712 1719 921 1806 scriptorem:
955 1719 1066 1800 ἡτῶν
1095 1718 1156 1786 inb
1183 1718 1241 1799 τὴν
1270 1718 1330 1798 σὴν
1359 1718 1460 1786 ὄντων
1482 1717 1678 1802 ἁγιωσύνην,
1714 1743 1798 1810 qaae
1819 1727 2024 1794 oecumenica

157 1821 360 1909 patriarchae
382 1821 467 1886 satis
488 1821 702 1910 conveniunt3
729 1821 763 1887 ia
785 1821 977 1888 collectione
1007 1825 1177 1888 CLXVIII
1203 1821 1432 1887 Novellarumr
1468 1823 1532 1886 τῶν
1554 1819 1614 1886 ὑπὸ
1635 1821 1693 1888 τὸν
1715 1823 1936 1906 οἰκονμενικόν
1958 1850 2025 1896 πν-

159 1919 313 2011 τριάρχην
334 1919 454 1999 ταύτης
482 1923 538 2000 τῆς
566 1919 686 1996 πόλεως
716 1919 736 2000 ἢ
763 1925 828 1988 τῶν
856 1919 918 1988 ὑπὸ
944 1921 1003 2002 τὴν
1029 1922 1089 2002 σὴν
1111 1920 1212 1988 ὄντων
1239 1918 1430 2004 ἁγιωσύνην.
1476 1920 1513 1988 ln
1542 1924 1656 2008 quibus
1685 1925 1850 1993 secundae
1872 1927 2026 1998 editionis

157 2023 329 2109 vestigium
357 2021 639 2108 deprehendimus.
682 2022 743 2090 IIla
771 2023 872 2089 enim:
908 2025 973 2089 ruia
995 2062 1034 2074 -
1057 2025 1113 2102 τῆς
1140 2019 1260 2099 πόλεως
1289 2024 1322 2088 in
1351 2023 1527 2110 exemplari
1553 2024 1596 2090 ad
1624 2027 1820 2110 praelectum
1850 2031 2026 2120 praetorio,

155 2124 207 2192 abi
228 2123 414 2210 patriarcha
437 2120 815 2210 Constantinopolitanae
838 2127 937 2191 tertia
958 2125 1132 2211 singularis
1155 2126 1277 2191 numeri
1300 2142 1441 2210 persona
1462 2123 1683 2211 designandas
1710 2128 1780 2214 luit,
1799 2129 1900 2196 misso
1921 2130 2026 2199 luisse

157 2230 312 2314 apparet3
333 2223 414 2290 baec
434 2231 541 2292 autem
563 2222 583 2302 ἢ
604 2226 668 2290 τῶν
690 2263 729 2274 -
751 2223 935 2308 ἁγιωσύνην
959 2226 993 2290 in
1021 2224 1200 2311 exemplari
1230 2223 1271 2292 ad
1293 2225 1509 2311 patriarcham
1531 2224 1938 2316 Constantinopolitanum,
1968 2231 2025 2317 qui

156 2327 303 2396 secunda
323 2324 498 2409 siugularis
520 2327 642 2392 numeri
667 2344 809 2412 persona
831 2325 1103 2393 demonstrandus
1126 2327 1204 2412 tuit,
1235 2327 1336 2392 missa
1362 2327 1470 2420 posita
1498 2327 1600 2392 luisse
1628 2335 1767 2394 constat.
1823 2328 1925 2411 Quam
1947 2333 2024 2419 qni-

156 2427 228 2494 dem
250 2427 476 2493 diversitatem
497 2446 518 2493 a
540 2427 830 2494 constitutionariis
851 2433 943 2494 recte
965 2426 1142 2513 ordineque
1164 2425 1366 2514 distinctam,
1387 2427 1574 2514 compilator
1596 2430 1743 2514 corporis
1766 2432 1937 2498 CLXVIII
1947 2434 2025 2500 No-

154 2528 311 2598 vellerum
333 2529 366 2592 in
389 2547 482 2594 unurn
503 2529 587 2594 male
609 2528 842 2608 coniunxittv).
875 2527 978 2593 Porro
1000 2547 1072 2614 cap.
1096 2525 1132 2594 6.
1155 2528 1241 2614 apud
1263 2537 1407 2594 nostrum
1429 2529 1619 2615 scriptorem
1642 2529 1723 2596 haec
1744 2531 1916 2600 hahentur:
1936 2533 2024 2614 ἢέν-

154 2629 272 2697 redde
293 2639 362 2705 τοῖς
383 2626 604 2710 ἐνδοξοτάτοις
624 2626 777 2716 ἐπάρχοις
798 2630 862 2694 τῶν
883 2634 1102 2717 πραιτωρίων,
1132 2648 1309 2716 quaecum
1335 2630 1368 2694 in
1390 2630 1569 2716 exemplari
1591 2632 1832 2698 conSIItutionis
1858 2633 1900 2700 ad
1922 2655 2022 2722 prae·

156 2731 277 2798 lectam
300 2733 462 2815 praetorib
484 2729 642 2796 mittendo
664 2729 816 2796 mutanda
838 2737 970 2817 essent,
992 2750 1051 2816 pro
1071 2729 1124 2794 his
1146 2728 1293 2796 collectio
1316 2733 1487 2796 CLXVIII
1509 2731 1735 2798 Novellarum:
1765 2731 1956 2812 ἢέντνιῦθσι
1975 2737 2021 2820 τῷ

153 2833 351 2916 δικαστηρίῳ
372 2831 429 2910 τῆς
449 2833 508 2910 σῆς
528 2827 693 2913 ὑπεροχῆς·
738 2829 869 2897 Deinde
891 2830 997 2916 paullo
1020 2837 1095 2917 post
1117 2830 1201 2916 apud
1225 2837 1369 2898 nostrum
1391 2833 1582 2918 scriptorem
1611 2830 1631 2910 ἢ
1661 2834 1812 2898 ἐνταῦθα
1837 2845 1906 2911 τοῖς
1927 2835 2021 2901 ἐνδο-

152 2930 305 3014 ξοτάτοις
325 2929 477 3016 ἐπάρχοις
498 2933 562 2996 τῶν
589 2933 698 3013 ἱερῶν,
728 2947 797 2996 cum
827 2931 860 2998 in
882 2952 1018 3019 corpore
1041 2935 1213 2998 CLXVIII
1235 2931 1445 2998 Novellarum
1475 2933 1556 3000 haec
1584 2932 1781 3000 habeantur:
1824 2932 2023 3012 ἢὲντνιῦθνν

152 3041 198 3119 τῷ
223 3036 420 3116 δικαστηρίῳ
441 3034 497 3110 τῆς
518 3032 574 3110 τῆς
596 3028 758 3116 ὑπεροχῆς·
802 3031 953 3120 Denique
981 3033 1095 3102 eodem
1122 3032 1319 3120 diversitas,
1353 3052 1437 3120 quae
1465 3034 1498 3100 ln
1528 3033 1655 3120 epilogo
1681 3035 1846 3102 Novellae
1873 3038 2023 3125 occurrIt,

153 3134 330 3204 referenda
352 3140 416 3200 est.
458 3132 555 3218 Apud
580 3139 725 3199 nostrum
746 3133 956 3218 scriptorem:
978 3129 998 3212 ἡ
1019 3133 1060 3212 σὴ
1080 3131 1300 3221 μνκνιριότηςς
1331 3134 1363 3199 in
1385 3135 1576 3202 collecIIane
1600 3136 1770 3201 CLXVIII
1792 3135 2022 3205 Novellarom:

151 3235 171 3316 b
192 3234 237 3316 σὴ
258 3232 434 3314 ὲνδοξότης.
480 3231 572 3315 erae
594 3254 664 3300 curn
688 3235 734 3300 ita
755 3234 840 3322 sint,
871 3235 968 3302 facilc
991 3235 1048 3302 tibi
1070 3234 1289 3323 persuadeas,
1318 3241 1464 3302 nostrum
1491 3237 1599 3321 legum
1620 3255 1738 3322 corpus
1759 3237 1799 3302 ab
1822 3237 1928 3324 aliquo
1950 3237 2023 3303 cle-

151 3339 233 3426 rico,
265 3337 374 3423 quiin
397 3337 542 3404 dioecesi
574 3332 933 3422 ConstantinopoIItaua
962 3337 1216 3404 commorabatur
1244 3335 1470 3424 Novellasque
1498 3338 1666 3402 Iustiniani
1697 3339 1947 3404 constitutiones
1977 3357 2022 3404 ex

151 3438 395 3526 exemplaribus
441 3437 484 3504 ad
527 3438 744 3526 patriarcham
789 3436 1182 3524 Constantinopolitannm
1223 3438 1427 3504 transmissis
1471 3439 1623 3523 cognitas
1665 3435 1819 3523 haberet,
1867 3438 2025 3526 compila-

148 3547 219 3610 tnrn
241 3557 330 3606 esse.

306 3639 456 3707 Transeo
477 3638 519 3706 ad
543 3641 645 3712 nostri
667 3639 738 3706 libri
759 3639 926 3706 historiam
948 3636 1174 3706 enarrandam.
1217 3636 1310 3720 Quae
1331 3638 1458 3727 quidem
1479 3637 1656 3725 disputatio
1677 3622 1759 3704 duas
1779 3638 1879 3706 babet
1899 3643 2024 3729 partes,

146 3745 304 3828 alteram,
328 3748 372 3828 ot,
394 3759 477 3826 quae
499 3741 567 3806 iata
589 3741 682 3806 huius
704 3741 774 3806 libri
796 3741 881 3826 apud
903 3749 1038 3807 veteres
1062 3740 1198 3828 luerint,
1221 3741 1497 3830 demonstremus,
1519 3740 1675 3823 alteram,
1705 3745 1752 3826 ut,
1786 3737 1941 3826 quomodo
1964 3757 2022 3804 re·

145 3845 332 3914 cantiorum
353 3851 533 3929 temporum
555 3842 785 3909 iureconsultis
807 3843 1001 3928 innotuerit,
1024 3839 1252 3926 significemus.
1285 3842 1397 3928 Atque
1413 3841 1499 3906 illius
1522 3840 1648 3926 quidem
1662 3839 1889 3926 dlsputathnis
1911 3841 2023 3926 bipar-

145 3949 219 4014 tita
240 3945 323 4010 ratio
345 3952 408 4022 est,
430 3942 588 4028 siquidem
612 3943 705 4030 paulo
729 3953 805 4030 post
826 3943 996 4008 Iustiniani
1026 3942 1146 4008 obitum
1174 3949 1243 4008 tota
1273 3943 1470 4008 Graecorum
1504 3939 1756 4028 iurisprudentia
1783 3941 1816 4006 in
1843 3940 1925 4006 duas
1950 3939 2024 4008 dis-

144 4045 262 4112 cessit
283 4051 413 4130 partes,
435 4044 570 4110 alteram
593 4046 672 4109 iuris
694 4045 858 4123 canonici,
881 4045 1017 4110 alteram
1039 4044 1119 4108 iurIs
1142 4044 1260 4109 civilis.
1304 4045 1414 4129 Atque
1444 4044 1478 4110 in
1506 4042 1669 4108 codicibus
1695 4039 1823 4128 quidem
1843 4041 2024 4107 manuscri-

98 4225 101 4232 ,
140 4147 237 4235 ptis,
258 4145 312 4230 qui
331 4144 372 4210 ad
387 4147 439 4209 ius
454 4150 638 4210 canonicum
654 4153 823 4232 spectant,
844 4153 988 4212 nostram
1002 4144 1108 4230 legum
1126 4145 1351 4210 collectionem
1365 4163 1435 4210 cam
1450 4163 1586 4230 corpore
1599 4147 1790 4208 LXXXVII
1812 4141 2025 4230 capitulorum

138 4254 182 4316 et
208 4246 376 4332 tripartita
398 4245 657 4312 constitutionum
679 4247 986 4334 ecclesiasticarum,
1007 4263 1089 4331 quae
1113 4245 1466 4311 Pseudo-llalsamoni
1488 4244 1582 4310 tribui
1603 4244 1705 4332 solet,
1726 4243 1917 4310 collectione
1939 4242 2023 4308 satis

136 4353 280 4416 matare
303 4349 507 4413 conlunctam
529 4364 615 4434 esse,
636 4352 671 4411 ut
692 4347 796 4413 medio
819 4347 890 4412 loco
911 4348 998 4412 iuter
1020 4354 1187 4432 utramque
1210 4347 1322 4412 librum
1344 4347 1538 4432 interposita
1560 4347 1620 4433 sit,
1657 4347 1719 4412 iam
1741 4365 1841 4432 supra
1861 4344 2023 4409 observa-

135 4453 272 4518 vimus.
317 4445 410 4529 Quae
433 4445 561 4533 quidem
583 4450 762 4515 coniunctio
785 4447 926 4514 inlibris
947 4448 1193 4533 manuscriptis,
1230 4449 1284 4532 qui
1310 4448 1434 4514 saeculi
1462 4446 1619 4514 undecimi
1645 4447 1701 4514 vel
1729 4444 1908 4513 duodecimi
1935 4440 2023 4508 unti-

135 4551 311 4638 quitatem
332 4548 532 4636 praeferant,
556 4550 728 4616 invenitor.
771 4549 824 4616 Ad
846 4549 1044 4615 undecimam
1067 4554 1158 4616 certe
1179 4548 1306 4635 quidem
1324 4548 1486 4616 saeculum
1518 4547 1710 4616 relereudus
1737 4554 1791 4613 est
1816 4545 1920 4612 codex
1946 4541 2022 4608 Illo-

136 4651 269 4720 dicens
297 4650 538 4718 LaureutIanus
566 4652 668 4738 plutei
700 4650 759 4716 10.
790 4671 875 4718 num.
907 4649 984 4734 1th
1026 4647 1069 4715 ad
1104 4647 1324 4715 duodecimum
1359 4655 1468 4716 autem
1501 4648 1615 4717 Codex
1645 4649 1793 4716 Graecas
1821 4643 2024 4712 ParIsiensis

137 4750 289 4838 132⁰,
315 4747 443 4838 1324,
466 4751 662 4820 Bodleianus
689 4751 790 4840 17³,
814 4753 868 4840 qui
880 4751 1030 4818 Buroccii
1056 4749 1145 4816 173.
1167 4749 1236 4816 fuit.
1280 4751 1395 4835 ltaque
1416 4750 1513 4818 facile
1535 4759 1589 4818 est
1610 4751 1652 4818 ad
1674 4744 1918 4833 coniicIeudum,
1939 4744 2024 4810 hanc

133 4853 380 4920 collectionum
402 4854 660 4928 coniunctionem
682 4854 917 4940 antiquioribus
941 4852 1139 4939 temporibus
1161 4850 1278 4917 tactam
1300 4870 1388 4932 esse,
1410 4871 1480 4918 oum
1502 4851 1697 4940 praesertim
1719 4848 1803 4914 dorae
1825 4848 1931 4932 legum
1953 4843 2024 4910 col-

129 4953 326 5033 lectiones,
350 4952 411 5019 hoc
432 4963 486 5020 est
507 4957 698 5020 LXXXVII
721 4961 756 5020 et
770 4958 869 5018 XXV
891 4954 1113 5039 capitulorum,
1137 4950 1229 5018 solae
1251 4951 1379 5040 eodem,
1404 4974 1465 5040 qno
1488 4955 1520 5020 in
1542 4954 1605 5020 illis
1626 4950 1718 5017 libris
1742 4949 1910 5035 habentur,
1932 4943 2024 5012 ordi-

126 5074 179 5122 ne
206 5055 280 5120 iam
303 5055 335 5119 in
359 5051 480 5121 Codice
503 5053 702 5121 Coisliniuno
725 5051 830 5142 209,
853 5055 907 5140 qui
928 5055 983 5120 vel
1005 5073 1089 5120 nono
1112 5055 1167 5120 vel
1189 5061 1281 5120 certe
1303 5054 1427 5120 decimo
1458 5053 1591 5122 saeculo
1620 5053 1752 5116 ineunte
1774 5056 1931 5115 exaratus
1959 5053 2023 5133 est,

122 5157 234 5224 inter
259 5172 338 5220 sese
360 5155 551 5221 coniunctae
573 5155 764 5222 habeantur.
807 5153 903 5224 Unde
924 5152 965 5219 ad
990 5153 1073 5220 hanc
1094 5157 1312 5222 coniecturam
1334 5155 1488 5237 adducor,
1511 5159 1545 5218 ut
1565 5153 1598 5218 in
1620 5151 2022 5238 untiquIssimiecaucnam

121 5253 399 5326 collectionibus
426 5253 489 5322 has
516 5255 607 5320 solas
635 5255 718 5323 duas
735 5255 853 5342 legum
881 5255 1092 5322 collectiones
1118 5257 1271 5322 extitisse
1293 5255 1444 5342 credam,
1481 5252 1597 5340 quibus
1619 5251 1737 5321 deinde
1759 5265 2022 5320 nomocananea
2069 5287 2072 5295 ,

303 5528 354 5585 aa)
387 5527 430 5575 Itx
465 5527 517 5575 boc
552 5527 675 5590 exemplo
709 5531 737 5578 et
771 5529 836 5578 Illud
865 5527 1007 5592 cleotinus,
1041 5529 1082 5590 el,
1117 5530 1160 5591 qul
1183 5539 1280 5591 corpas
1303 5525 1439 5576 CLXVIII
1460 5524 1633 5576 blorellarum
1655 5525 1824 5590 conparant,
1858 5523 1892 5575 ad
1914 5530 2022 5572 manum

114 5619 228 5668 Inleoe
254 5612 422 5674 exemplarla
439 5611 611 5661 Itovellaram
629 5613 662 5662 ad
680 5613 801 5664 dlveraas
819 5625 948 5676 personas
971 5615 1085 5674 emissa,
1111 5625 1196 5676 eaque
1217 5611 1251 5662 ab
1274 5611 1323 5659 Illo
1341 5611 1413 5659 luter
1429 5621 1491 5660 sese
1512 5609 1612 5660 collata
1628 5621 1696 5661 csse.
1732 5609 1809 5671 Quod
1830 5607 1935 5672 quIdem
1961 5617 2022 5654 cura

112 5701 278 5752 eodtcnm
307 5698 550 5759 manrrncrlptoraru
574 5697 719 5750 lectionem
747 5697 922 5750 contemnant
942 5701 1052 5750 maone
1073 5697 1203 5750 Romula
1226 5697 1326 5746 imitata
1355 5697 1394 5745 Ita
1410 5697 1583 5746 ooulunctum
1608 5698 1660 5758 est,
1681 5695 1712 5746 at
1730 5693 1797 5746 nlhll
1822 5703 1912 5758 supra.
1951 5688 2023 5740 the

101 5783 288 5836 ’Δνέιιδνινι
306 5783 369 5832 tom.
385 5781 407 5832 I.
425 5791 452 5842 a.
471 5779 530 5830 1811.
