<?xml version="1.0" encoding="UTF-8"?>
<!DOCTYPE html PUBLIC "-//W3C//DTD XHTML 1.0 Transitional//EN"
    "http://www.w3.org/TR/xhtml1/DTD/xhtml1-transitional.dtd">
<html xmlns="http://www.w3.org/1999/xhtml" xml:lang="en" lang="en">
 <head>
  <title>
</title>
<meta http-equiv="Content-Type" content="text/html;charset=utf-8" />
  <meta name='ocr-system' content='tesseract 3.04.00' />
  <meta name='ocr-capabilities' content='ocr_page ocr_carea ocr_par ocr_line ocrx_word'/>
</head>
<body>
  <div class='ocr_page' id='page_1' title='image "./anekdotaexcodic00theogoog_0469.png"; bbox 0 0 4802 7060; ppageno 0'>
   <div class='ocr_carea' id='block_1_1' title="bbox 261 493 1589 602">
    <p class='ocr_par' dir='ltr' id='par_1_1' title="bbox 261 493 1589 602">
     <span class='ocr_line' id='line_1_1' title="bbox 261 493 1589 602; baseline -0.005 1"><span class='ocrx_word' id='word_1_1' title='bbox 261 525 263 532; x_wconf 88' lang='grc'><strong><em>·</em></strong></span> <span class='ocrx_word' id='word_1_2' title='bbox 364 553 447 602; x_wconf 65' lang='lat' dir='ltr'><strong>cxi-1</strong></span> <span class='ocrx_word' id='word_1_3' title='bbox 971 493 1589 598; x_wconf 76' lang='lat' dir='ltr'><strong>&#39;ortonnoounna</strong></span> 
     </span>
    </p>
   </div>
   <div class='ocr_carea' id='block_1_2' title="bbox 306 714 2241 2119">
    <p class='ocr_par' dir='ltr' id='par_1_2' title="bbox 306 714 2241 2119">
     <span class='ocr_line' id='line_1_2' title="bbox 361 714 2236 803; baseline 0 -17"><span class='ocrx_word' id='word_1_4' title='bbox 361 721 424 786; x_wconf 78' lang='grc' dir='ltr'><strong>τῶν</strong></span> <span class='ocrx_word' id='word_1_5' title='bbox 445 714 585 802; x_wconf 79' lang='grc' dir='ltr'><strong><em>σἰγωγῶι</em></strong></span> <span class='ocrx_word' id='word_1_6' title='bbox 605 715 799 802; x_wconf 79' lang='grc' dir='ltr'><strong><em>διαιρέσεως,</em></strong></span> <span class='ocrx_word' id='word_1_7' title='bbox 821 718 891 803; x_wconf 78' lang='grc' dir='ltr'><strong><em>περὶ</em></strong></span> <span class='ocrx_word' id='word_1_8' title='bbox 912 717 1067 798; x_wconf 81' lang='grc' dir='ltr'><strong><em>διγέστωιι</em></strong></span> <span class='ocrx_word' id='word_1_9' title='bbox 1087 715 1279 803; x_wconf 77' lang='grc' dir='ltr'><strong><em>διαιρέσεως,</em></strong></span> <span class='ocrx_word' id='word_1_10' title='bbox 1310 717 1364 803; x_wconf 86' lang='lat' dir='ltr'><strong>qui</strong></span> <span class='ocrx_word' id='word_1_11' title='bbox 1386 715 1515 803; x_wconf 87' lang='lat' dir='ltr'><strong>quidem</strong></span> <span class='ocrx_word' id='word_1_12' title='bbox 1537 717 1602 783; x_wconf 87' lang='lat' dir='ltr'><strong>iam</strong></span> <span class='ocrx_word' id='word_1_13' title='bbox 1623 714 1755 782; x_wconf 76' lang='lat' dir='ltr'><strong>sacerdo</strong></span> <span class='ocrx_word' id='word_1_14' title='bbox 1784 721 1861 802; x_wconf 85' lang='lat' dir='ltr'><strong>post</strong></span> <span class='ocrx_word' id='word_1_15' title='bbox 1883 715 1961 783; x_wconf 78' lang='lat' dir='ltr'><strong>cor.</strong></span> <span class='ocrx_word' id='word_1_16' title='bbox 1988 720 2098 784; x_wconf 83' lang='lat' dir='ltr'><strong>natum</strong></span> <span class='ocrx_word' id='word_1_17' title='bbox 2120 715 2236 786; x_wconf 85' lang='lat' dir='ltr'><strong>decimo</strong></span> 
     </span>
     <span class='ocr_line' id='line_1_3' title="bbox 361 807 2237 910; baseline -0.002 -22"><span class='ocrx_word' id='word_1_18' title='bbox 361 822 395 888; x_wconf 89' lang='lat' dir='ltr'><strong>in</strong></span> <span class='ocrx_word' id='word_1_19' title='bbox 418 817 631 910; x_wconf 73' lang='lat' dir='ltr'>appendicem</span> <span class='ocrx_word' id='word_1_20' title='bbox 654 813 847 902; x_wconf 88' lang='lat' dir='ltr'><strong>Synopseoa</strong></span> <span class='ocrx_word' id='word_1_21' title='bbox 869 817 1084 884; x_wconf 76' lang='lat' dir='ltr'><strong>Basilicarum</strong></span> <span class='ocrx_word' id='word_1_22' title='bbox 1106 818 1232 902; x_wconf 76' lang='lat' dir='ltr'><strong>recepti</strong></span> <span class='ocrx_word' id='word_1_23' title='bbox 1253 822 1403 903; x_wconf 59' lang='lat' dir='ltr'><strong>sonam),</strong></span> <span class='ocrx_word' id='word_1_24' title='bbox 1424 807 1615 884; x_wconf 90' lang='lat' dir='ltr'><strong>coniunctos</strong></span> <span class='ocrx_word' id='word_1_25' title='bbox 1644 836 1723 884; x_wconf 90' lang='lat' dir='ltr'><strong>esse</strong></span> <span class='ocrx_word' id='word_1_26' title='bbox 1748 819 1951 904; x_wconf 79' lang='lat' dir='ltr'><strong>reperiatur,</strong></span> <span class='ocrx_word' id='word_1_27' title='bbox 1988 817 2031 884; x_wconf 87' lang='lat' dir='ltr'><strong>ad</strong></span> <span class='ocrx_word' id='word_1_28' title='bbox 2059 819 2237 905; x_wconf 88' lang='lat' dir='ltr'><strong>antiquiora</strong></span> 
     </span>
     <span class='ocr_line' id='line_1_4' title="bbox 363 917 2236 1006; baseline -0.002 -19"><span class='ocrx_word' id='word_1_29' title='bbox 363 921 527 988; x_wconf 79' lang='lat' dir='ltr'><strong>blicbuttle</strong></span> <span class='ocrx_word' id='word_1_30' title='bbox 539 917 652 984; x_wconf 91' lang='lat' dir='ltr'><strong>Psello</strong></span> <span class='ocrx_word' id='word_1_31' title='bbox 676 925 823 1003; x_wconf 87' lang='lat' dir='ltr'><strong>tempora</strong></span> <span class='ocrx_word' id='word_1_32' title='bbox 844 917 1038 986; x_wconf 78' lang='lat' dir='ltr'><strong>referendos</strong></span> <span class='ocrx_word' id='word_1_33' title='bbox 1053 935 1130 984; x_wconf 89' lang='lat' dir='ltr'><strong>esse</strong></span> <span class='ocrx_word' id='word_1_34' title='bbox 1146 918 1218 983; x_wconf 92' lang='lat' dir='ltr'><strong>viro</strong></span> <span class='ocrx_word' id='word_1_35' title='bbox 1231 917 1420 984; x_wconf 87' lang='lat' dir='ltr'><strong>doctissimo</strong></span> <span class='ocrx_word' id='word_1_36' title='bbox 1435 917 1529 983; x_wconf 85' lang='lat' dir='ltr'><strong>visos</strong></span> <span class='ocrx_word' id='word_1_37' title='bbox 1549 923 1613 984; x_wconf 89' lang='lat' dir='ltr'><strong>cst.</strong></span> <span class='ocrx_word' id='word_1_38' title='bbox 1641 918 1786 1006; x_wconf 82' lang='lat' dir='ltr'><strong>Cumque</strong></span> <span class='ocrx_word' id='word_1_39' title='bbox 1802 919 1932 986; x_wconf 84' lang='lat' dir='ltr'><strong>Psallas</strong></span> <span class='ocrx_word' id='word_1_40' title='bbox 1945 919 1980 983; x_wconf 88' lang='lat' dir='ltr'>N</span> <span class='ocrx_word' id='word_1_41' title='bbox 1981 917 2123 986; x_wconf 88' lang='lat' dir='ltr'><strong>ovellam</strong></span> <span class='ocrx_word' id='word_1_42' title='bbox 2140 921 2236 986; x_wconf 79' lang='lat' dir='ltr'><strong>CXX.</strong></span> 
     </span>
     <span class='ocr_line' id='line_1_5' title="bbox 355 1015 2239 1110; baseline -0.001 -21"><span class='ocrx_word' id='word_1_43' title='bbox 355 1025 397 1108; x_wconf 51' lang='lat' dir='ltr'><strong>‚in</strong></span> <span class='ocrx_word' id='word_1_44' title='bbox 411 1022 566 1089; x_wconf 87' lang='lat' dir='ltr'><strong>Basilicis</strong></span> <span class='ocrx_word' id='word_1_45' title='bbox 588 1017 717 1107; x_wconf 90' lang='lat' dir='ltr'><strong>quidem</strong></span> <span class='ocrx_word' id='word_1_46' title='bbox 739 1017 930 1084; x_wconf 86' lang='lat' dir='ltr'><strong>collocatam</strong></span> <span class='ocrx_word' id='word_1_47' title='bbox 951 1036 1048 1107; x_wconf 91' lang='lat' dir='ltr'><strong>esse,</strong></span> <span class='ocrx_word' id='word_1_48' title='bbox 1067 1025 1103 1084; x_wconf 87' lang='lat' dir='ltr'><strong>nt</strong></span> <span class='ocrx_word' id='word_1_49' title='bbox 1118 1038 1182 1086; x_wconf 91' lang='lat' dir='ltr'><strong>non</strong></span> <span class='ocrx_word' id='word_1_50' title='bbox 1196 1039 1256 1085; x_wconf 89' lang='lat' dir='ltr'><strong>usu</strong></span> <span class='ocrx_word' id='word_1_51' title='bbox 1274 1021 1307 1084; x_wconf 94' lang='lat' dir='ltr'><strong>in</strong></span> <span class='ocrx_word' id='word_1_52' title='bbox 1324 1015 1571 1085; x_wconf 79' lang='lat' dir='ltr'><strong>desuetudinem</strong></span> <span class='ocrx_word' id='word_1_53' title='bbox 1592 1020 1716 1087; x_wconf 90' lang='lat' dir='ltr'><strong>abiisse</strong></span> <span class='ocrx_word' id='word_1_54' title='bbox 1733 1019 1910 1110; x_wconf 84' lang='lat' dir='ltr'><strong>significet,</strong></span> <span class='ocrx_word' id='word_1_55' title='bbox 1932 1039 2028 1106; x_wconf 86' lang='lat' dir='ltr'><strong>quarn</strong></span> <span class='ocrx_word' id='word_1_56' title='bbox 2042 1026 2152 1086; x_wconf 85' lang='lat' dir='ltr'><strong>tamen</strong></span> <span class='ocrx_word' id='word_1_57' title='bbox 2165 1037 2239 1088; x_wconf 90' lang='lat' dir='ltr'><strong>con-</strong></span> 
     </span>
     <span class='ocr_line' id='line_1_6' title="bbox 363 1119 2241 1207; baseline -0.001 -18"><span class='ocrx_word' id='word_1_58' title='bbox 363 1125 567 1190; x_wconf 90' lang='lat' dir='ltr'><strong>stitutionem</strong></span> <span class='ocrx_word' id='word_1_59' title='bbox 588 1120 692 1187; x_wconf 89' lang='lat' dir='ltr'><strong>nostri</strong></span> <span class='ocrx_word' id='word_1_60' title='bbox 714 1119 786 1186; x_wconf 89' lang='lat' dir='ltr'><strong>libri</strong></span> <span class='ocrx_word' id='word_1_61' title='bbox 808 1119 951 1205; x_wconf 90' lang='lat' dir='ltr'><strong>scriptor</strong></span> <span class='ocrx_word' id='word_1_62' title='bbox 970 1121 1012 1186; x_wconf 87' lang='lat' dir='ltr'><strong>ab</strong></span> <span class='ocrx_word' id='word_1_63' title='bbox 1035 1137 1095 1185; x_wconf 88' lang='lat' dir='ltr'><strong>usu</strong></span> <span class='ocrx_word' id='word_1_64' title='bbox 1117 1120 1256 1186; x_wconf 90' lang='lat' dir='ltr'><strong>nondum</strong></span> <span class='ocrx_word' id='word_1_65' title='bbox 1279 1120 1466 1188; x_wconf 83' lang='lat' dir='ltr'><strong>recessisse</strong></span> <span class='ocrx_word' id='word_1_66' title='bbox 1487 1127 1602 1186; x_wconf 90' lang='lat' dir='ltr'><strong>auctor</strong></span> <span class='ocrx_word' id='word_1_67' title='bbox 1623 1121 1683 1202; x_wconf 87' lang='lat' dir='ltr'><strong>sit,</strong></span> <span class='ocrx_word' id='word_1_68' title='bbox 1708 1121 1768 1186; x_wconf 84' lang='lat' dir='ltr'><strong>vix</strong></span> <span class='ocrx_word' id='word_1_69' title='bbox 1789 1139 1830 1186; x_wconf 89' lang='lat' dir='ltr'><strong>ac</strong></span> <span class='ocrx_word' id='word_1_70' title='bbox 1850 1139 1893 1188; x_wconf 91' lang='lat' dir='ltr'><strong>nc</strong></span> <span class='ocrx_word' id='word_1_71' title='bbox 1916 1121 1974 1188; x_wconf 82' lang='lat' dir='ltr'><strong>vix</strong></span> <span class='ocrx_word' id='word_1_72' title='bbox 1995 1120 2126 1207; x_wconf 87' lang='lat' dir='ltr'><strong>quidem</strong></span> <span class='ocrx_word' id='word_1_73' title='bbox 2153 1122 2241 1188; x_wconf 92' lang='lat' dir='ltr'><strong>dubi·</strong></span> 
     </span>
     <span class='ocr_line' id='line_1_7' title="bbox 364 1220 2240 1309; baseline -0.003 -17"><span class='ocrx_word' id='word_1_74' title='bbox 364 1225 497 1292; x_wconf 87' lang='lat' dir='ltr'><strong>tandum</strong></span> <span class='ocrx_word' id='word_1_75' title='bbox 519 1231 586 1305; x_wconf 89' lang='lat' dir='ltr'><strong>cst,</strong></span> <span class='ocrx_word' id='word_1_76' title='bbox 609 1223 685 1308; x_wconf 93' lang='lat' dir='ltr'><strong>qnin</strong></span> <span class='ocrx_word' id='word_1_77' title='bbox 705 1227 821 1288; x_wconf 90' lang='lat' dir='ltr'><strong>noster</strong></span> <span class='ocrx_word' id='word_1_78' title='bbox 841 1221 981 1305; x_wconf 90' lang='lat' dir='ltr'><strong>scriptor</strong></span> <span class='ocrx_word' id='word_1_79' title='bbox 1002 1221 1046 1288; x_wconf 85' lang='lat' dir='ltr'><strong>ad</strong></span> <span class='ocrx_word' id='word_1_80' title='bbox 1066 1223 1249 1309; x_wconf 88' lang='lat' dir='ltr'><strong>antiquiora</strong></span> <span class='ocrx_word' id='word_1_81' title='bbox 1271 1220 1383 1286; x_wconf 88' lang='lat' dir='ltr'><strong>Psello</strong></span> <span class='ocrx_word' id='word_1_82' title='bbox 1407 1226 1554 1306; x_wconf 90' lang='lat' dir='ltr'><strong>tempora</strong></span> <span class='ocrx_word' id='word_1_83' title='bbox 1576 1221 1771 1290; x_wconf 79' lang='lat' dir='ltr'><strong>referendus</strong></span> <span class='ocrx_word' id='word_1_84' title='bbox 1793 1221 1848 1286; x_wconf 93' lang='lat' dir='ltr'><strong>sit.</strong></span> <span class='ocrx_word' id='word_1_85' title='bbox 1892 1221 1967 1287; x_wconf 85' lang='lat' dir='ltr'><strong>Huc</strong></span> <span class='ocrx_word' id='word_1_86' title='bbox 1988 1220 2134 1308; x_wconf 91' lang='lat' dir='ltr'><strong>accedit,</strong></span> <span class='ocrx_word' id='word_1_87' title='bbox 2162 1223 2240 1309; x_wconf 89' lang='lat' dir='ltr'><strong>qnod</strong></span> 
     </span>
     <span class='ocr_line' id='line_1_8' title="bbox 363 1321 2241 1413; baseline -0.001 -21"><span class='ocrx_word' id='word_1_88' title='bbox 363 1325 456 1393; x_wconf 87' lang='lat' dir='ltr'><strong>initio</strong></span> <span class='ocrx_word' id='word_1_89' title='bbox 478 1326 588 1413; x_wconf 88' lang='lat' dir='ltr'><strong>operia</strong></span> <span class='ocrx_word' id='word_1_90' title='bbox 610 1322 823 1388; x_wconf 85' lang='lat' dir='ltr'><strong>Rasilicorum</strong></span> <span class='ocrx_word' id='word_1_91' title='bbox 844 1339 915 1386; x_wconf 90' lang='lat' dir='ltr'><strong>cnm</strong></span> <span class='ocrx_word' id='word_1_92' title='bbox 935 1321 1073 1409; x_wconf 90' lang='lat' dir='ltr'><strong>quadam</strong></span> <span class='ocrx_word' id='word_1_93' title='bbox 1095 1324 1191 1411; x_wconf 88' lang='lat' dir='ltr'><strong>quasi</strong></span> <span class='ocrx_word' id='word_1_94' title='bbox 1212 1322 1415 1409; x_wconf 78' lang='lat' dir='ltr'><strong>praefatione</strong></span> <span class='ocrx_word' id='word_1_95' title='bbox 1437 1323 1557 1388; x_wconf 90' lang='lat' dir='ltr'><strong>mentio</strong></span> <span class='ocrx_word' id='word_1_96' title='bbox 1580 1321 1667 1388; x_wconf 85' lang='lat' dir='ltr'><strong>lacta</strong></span> <span class='ocrx_word' id='word_1_97' title='bbox 1689 1329 1814 1410; x_wconf 64' lang='lat' dir='ltr'><strong>estre),</strong></span> <span class='ocrx_word' id='word_1_98' title='bbox 1835 1339 1920 1408; x_wconf 90' lang='lat' dir='ltr'><strong>quac</strong></span> <span class='ocrx_word' id='word_1_99' title='bbox 1941 1339 1998 1386; x_wconf 88' lang='lat' dir='ltr'><strong>res</strong></span> <span class='ocrx_word' id='word_1_100' title='bbox 2020 1321 2064 1389; x_wconf 87' lang='lat' dir='ltr'><strong>ad</strong></span> <span class='ocrx_word' id='word_1_101' title='bbox 2084 1322 2153 1411; x_wconf 87' lang='lat' dir='ltr'><strong>illa,</strong></span> <span class='ocrx_word' id='word_1_102' title='bbox 2176 1327 2241 1412; x_wconf 92' lang='lat' dir='ltr'><strong>qoi-</strong></span> 
     </span>
     <span class='ocr_line' id='line_1_9' title="bbox 364 1421 2240 1514; baseline -0.001 -20"><span class='ocrx_word' id='word_1_103' title='bbox 364 1428 425 1494; x_wconf 89' lang='lat' dir='ltr'><strong>bus</strong></span> <span class='ocrx_word' id='word_1_104' title='bbox 448 1427 509 1493; x_wconf 88' lang='lat' dir='ltr'><strong>hoc</strong></span> <span class='ocrx_word' id='word_1_105' title='bbox 530 1425 668 1492; x_wconf 89' lang='lat' dir='ltr'><strong>nominis</strong></span> <span class='ocrx_word' id='word_1_106' title='bbox 689 1442 808 1492; x_wconf 89' lang='lat' dir='ltr'><strong>novum</strong></span> <span class='ocrx_word' id='word_1_107' title='bbox 830 1428 903 1488; x_wconf 90' lang='lat' dir='ltr'><strong>erat</strong></span> <span class='ocrx_word' id='word_1_108' title='bbox 924 1441 1030 1512; x_wconf 90' lang='lat' dir='ltr'><strong>neque</strong></span> <span class='ocrx_word' id='word_1_109' title='bbox 1050 1426 1098 1492; x_wconf 90' lang='lat' dir='ltr'><strong>ita</strong></span> <span class='ocrx_word' id='word_1_110' title='bbox 1119 1442 1222 1510; x_wconf 89' lang='lat' dir='ltr'><strong>saepe</strong></span> <span class='ocrx_word' id='word_1_111' title='bbox 1243 1423 1402 1514; x_wconf 89' lang='lat' dir='ltr'><strong>auditum,</strong></span> <span class='ocrx_word' id='word_1_112' title='bbox 1430 1429 1579 1510; x_wconf 89' lang='lat' dir='ltr'><strong>tempora</strong></span> <span class='ocrx_word' id='word_1_113' title='bbox 1617 1423 1768 1510; x_wconf 88' lang='lat' dir='ltr'><strong>pertinet.</strong></span> <span class='ocrx_word' id='word_1_114' title='bbox 1819 1426 1930 1510; x_wconf 88' lang='lat' dir='ltr'><strong>Atque</strong></span> <span class='ocrx_word' id='word_1_115' title='bbox 1949 1421 2045 1510; x_wconf 90' lang='lat' dir='ltr'><strong>illud,</strong></span> <span class='ocrx_word' id='word_1_116' title='bbox 2087 1424 2174 1511; x_wconf 90' lang='lat' dir='ltr'><strong>quod</strong></span> <span class='ocrx_word' id='word_1_117' title='bbox 2206 1426 2240 1494; x_wconf 87' lang='lat' dir='ltr'><strong>dc</strong></span> 
     </span>
     <span class='ocr_line' id='line_1_10' title="bbox 364 1523 2241 1614; baseline -0.001 -19"><span class='ocrx_word' id='word_1_118' title='bbox 364 1527 471 1595; x_wconf 89' lang='lat' dir='ltr'><strong>nostri</strong></span> <span class='ocrx_word' id='word_1_119' title='bbox 488 1527 659 1613; x_wconf 78' lang='lat' dir='ltr'><strong>scriptoria</strong></span> <span class='ocrx_word' id='word_1_120' title='bbox 681 1525 846 1593; x_wconf 88' lang='lat' dir='ltr'><strong>erroribus</strong></span> <span class='ocrx_word' id='word_1_121' title='bbox 868 1543 968 1610; x_wconf 88' lang='lat' dir='ltr'><strong>supra</strong></span> <span class='ocrx_word' id='word_1_122' title='bbox 989 1525 1236 1612; x_wconf 87' lang='lat' dir='ltr'><strong>adnotavimus,</strong></span> <span class='ocrx_word' id='word_1_123' title='bbox 1267 1526 1370 1610; x_wconf 84' lang='lat' dir='ltr'><strong>magis</strong></span> <span class='ocrx_word' id='word_1_124' title='bbox 1392 1531 1458 1612; x_wconf 89' lang='lat' dir='ltr'><strong>est,</strong></span> <span class='ocrx_word' id='word_1_125' title='bbox 1480 1531 1516 1589; x_wconf 90' lang='lat' dir='ltr'><strong>ut</strong></span> <span class='ocrx_word' id='word_1_126' title='bbox 1541 1544 1585 1592; x_wconf 83' lang='lat' dir='ltr'><strong>ex</strong></span> <span class='ocrx_word' id='word_1_127' title='bbox 1605 1525 1719 1591; x_wconf 90' lang='lat' dir='ltr'><strong>borum</strong></span> <span class='ocrx_word' id='word_1_128' title='bbox 1740 1530 1932 1614; x_wconf 86' lang='lat' dir='ltr'><strong>temporum,</strong></span> <span class='ocrx_word' id='word_1_129' title='bbox 1952 1523 2006 1589; x_wconf 93' lang='lat' dir='ltr'><strong>ubi</strong></span> <span class='ocrx_word' id='word_1_130' title='bbox 2028 1523 2176 1594; x_wconf 85' lang='lat' dir='ltr'><strong>Basilica</strong></span> <span class='ocrx_word' id='word_1_131' title='bbox 2198 1527 2241 1594; x_wconf 89' lang='lat' dir='ltr'><strong>io·</strong></span> 
     </span>
     <span class='ocr_line' id='line_1_11' title="bbox 365 1625 2241 1712; baseline -0.002 -18"><span class='ocrx_word' id='word_1_132' title='bbox 365 1629 621 1696; x_wconf 88' lang='lat' dir='ltr'><strong>reconsultornm</strong></span> <span class='ocrx_word' id='word_1_133' title='bbox 644 1625 843 1694; x_wconf 82' lang='lat' dir='ltr'><strong>Graecorum</strong></span> <span class='ocrx_word' id='word_1_134' title='bbox 864 1627 1011 1694; x_wconf 89' lang='lat' dir='ltr'><strong>manibus</strong></span> <span class='ocrx_word' id='word_1_135' title='bbox 1033 1646 1096 1694; x_wconf 92' lang='lat' dir='ltr'><strong>non</strong></span> <span class='ocrx_word' id='word_1_136' title='bbox 1118 1635 1166 1694; x_wconf 85' lang='lat' dir='ltr'><strong>ita</strong></span> <span class='ocrx_word' id='word_1_137' title='bbox 1187 1625 1395 1712; x_wconf 84' lang='lat' dir='ltr'><strong>terebantur,</strong></span> <span class='ocrx_word' id='word_1_138' title='bbox 1426 1627 1553 1692; x_wconf 89' lang='lat' dir='ltr'><strong>ratione</strong></span> <span class='ocrx_word' id='word_1_139' title='bbox 1574 1627 1691 1693; x_wconf 88' lang='lat' dir='ltr'><strong>melius</strong></span> <span class='ocrx_word' id='word_1_140' title='bbox 1713 1625 1914 1712; x_wconf 86' lang='lat' dir='ltr'><strong>explicetur,</strong></span> <span class='ocrx_word' id='word_1_141' title='bbox 1940 1645 2035 1712; x_wconf 90' lang='lat' dir='ltr'><strong>quam</strong></span> <span class='ocrx_word' id='word_1_142' title='bbox 2056 1635 2100 1691; x_wconf 83' lang='lat' dir='ltr'><strong>ex</strong></span> <span class='ocrx_word' id='word_1_143' title='bbox 2128 1627 2241 1712; x_wconf 83' lang='lat' dir='ltr'><strong>bornn,</strong></span> 
     </span>
     <span class='ocr_line' id='line_1_12' title="bbox 365 1726 2241 1819; baseline -0.002 -22"><span class='ocrx_word' id='word_1_144' title='bbox 365 1730 484 1817; x_wconf 91' lang='lat' dir='ltr'><strong>quibos</strong></span> <span class='ocrx_word' id='word_1_145' title='bbox 505 1729 668 1816; x_wconf 86' lang='lat' dir='ltr'><strong>Basilica,</strong></span> <span class='ocrx_word' id='word_1_146' title='bbox 700 1727 834 1794; x_wconf 90' lang='lat' dir='ltr'><strong>remotis</strong></span> <span class='ocrx_word' id='word_1_147' title='bbox 863 1727 943 1794; x_wconf 88' lang='lat' dir='ltr'><strong>ioris</strong></span> <span class='ocrx_word' id='word_1_148' title='bbox 964 1726 1137 1796; x_wconf 85' lang='lat' dir='ltr'><strong>lastiniani</strong></span> <span class='ocrx_word' id='word_1_149' title='bbox 1157 1728 1268 1814; x_wconf 88' lang='lat' dir='ltr'><strong>libris,</strong></span> <span class='ocrx_word' id='word_1_150' title='bbox 1306 1727 1379 1794; x_wconf 90' lang='lat' dir='ltr'><strong>sola</strong></span> <span class='ocrx_word' id='word_1_151' title='bbox 1409 1747 1468 1814; x_wconf 94' lang='lat' dir='ltr'><strong>pro</strong></span> <span class='ocrx_word' id='word_1_152' title='bbox 1496 1726 1571 1812; x_wconf 90' lang='lat' dir='ltr'><strong>lege</strong></span> <span class='ocrx_word' id='word_1_153' title='bbox 1598 1727 1821 1814; x_wconf 84' lang='lat' dir='ltr'><strong>habebantur,</strong></span> <span class='ocrx_word' id='word_1_154' title='bbox 1857 1726 2041 1810; x_wconf 84' lang='lat' dir='ltr'><strong>disciplina.</strong></span> <span class='ocrx_word' id='word_1_155' title='bbox 2085 1727 2241 1819; x_wconf 84' lang='lat' dir='ltr'><strong>Denique,</strong></span> 
     </span>
     <span class='ocr_line' id='line_1_13' title="bbox 366 1826 2240 1920; baseline 0 -24"><span class='ocrx_word' id='word_1_156' title='bbox 366 1849 451 1918; x_wconf 91' lang='lat' dir='ltr'><strong>quae</strong></span> <span class='ocrx_word' id='word_1_157' title='bbox 471 1829 515 1896; x_wconf 90' lang='lat' dir='ltr'><strong>ad</strong></span> <span class='ocrx_word' id='word_1_158' title='bbox 535 1829 630 1896; x_wconf 88' lang='lat' dir='ltr'><strong>tinem</strong></span> <span class='ocrx_word' id='word_1_159' title='bbox 651 1828 757 1895; x_wconf 91' lang='lat' dir='ltr'><strong>nostri</strong></span> <span class='ocrx_word' id='word_1_160' title='bbox 777 1827 878 1894; x_wconf 87' lang='lat' dir='ltr'><strong>libelli</strong></span> <span class='ocrx_word' id='word_1_161' title='bbox 899 1849 930 1916; x_wconf 87' lang='lat' dir='ltr'><strong>p.</strong></span> <span class='ocrx_word' id='word_1_162' title='bbox 953 1826 1044 1896; x_wconf 70' lang='lat'><strong>236.</strong></span> <span class='ocrx_word' id='word_1_163' title='bbox 1067 1830 1253 1896; x_wconf 90' lang='lat' dir='ltr'><strong>sententiae</strong></span> <span class='ocrx_word' id='word_1_164' title='bbox 1276 1828 1464 1916; x_wconf 84' lang='lat' dir='ltr'><strong>paradoxae</strong></span> <span class='ocrx_word' id='word_1_165' title='bbox 1486 1845 1529 1893; x_wconf 90' lang='lat' dir='ltr'><strong>cx</strong></span> <span class='ocrx_word' id='word_1_166' title='bbox 1543 1829 1696 1895; x_wconf 82' lang='lat' dir='ltr'><strong>Novellis</strong></span> <span class='ocrx_word' id='word_1_167' title='bbox 1714 1828 2000 1898; x_wconf 81' lang='lat' dir='ltr'><strong>constitutionibus</strong></span> <span class='ocrx_word' id='word_1_168' title='bbox 2021 1835 2157 1918; x_wconf 84' lang='lat' dir='ltr'><strong>praeter</strong></span> <span class='ocrx_word' id='word_1_169' title='bbox 2176 1834 2240 1920; x_wconf 86' lang='lat' dir='ltr'><strong>epi·</strong></span> 
     </span>
     <span class='ocr_line' id='line_1_14' title="bbox 366 1929 2240 2018; baseline 0.001 -20"><span class='ocrx_word' id='word_1_170' title='bbox 366 1932 474 1998; x_wconf 89' lang='lat' dir='ltr'><strong>stolae</strong></span> <span class='ocrx_word' id='word_1_171' title='bbox 487 1931 646 1998; x_wconf 90' lang='lat' dir='ltr'><strong>rationem</strong></span> <span class='ocrx_word' id='word_1_172' title='bbox 668 1929 790 1997; x_wconf 88' lang='lat' dir='ltr'><strong>allatae</strong></span> <span class='ocrx_word' id='word_1_173' title='bbox 813 1936 900 2016; x_wconf 91' lang='lat' dir='ltr'><strong>sont,</strong></span> <span class='ocrx_word' id='word_1_174' title='bbox 921 1935 956 1996; x_wconf 92' lang='lat' dir='ltr'><strong>et</strong></span> <span class='ocrx_word' id='word_1_175' title='bbox 968 1931 1063 2018; x_wconf 90' lang='lat' dir='ltr'><strong>ipsae</strong></span> <span class='ocrx_word' id='word_1_176' title='bbox 1078 1936 1167 2016; x_wconf 90' lang='lat' dir='ltr'><strong>tunc,</strong></span> <span class='ocrx_word' id='word_1_177' title='bbox 1188 1950 1251 2016; x_wconf 93' lang='lat' dir='ltr'><strong>quo</strong></span> <span class='ocrx_word' id='word_1_178' title='bbox 1274 1930 1326 1995; x_wconf 90' lang='lat' dir='ltr'><strong>bic</strong></span> <span class='ocrx_word' id='word_1_179' title='bbox 1349 1929 1432 1994; x_wconf 89' lang='lat' dir='ltr'><strong>liber</strong></span> <span class='ocrx_word' id='word_1_180' title='bbox 1450 1929 1733 2016; x_wconf 89' lang='lat' dir='ltr'><strong>conscriptuscst,</strong></span> <span class='ocrx_word' id='word_1_181' title='bbox 1757 1951 1855 2017; x_wconf 90' lang='lat' dir='ltr'><strong>puros</strong></span> <span class='ocrx_word' id='word_1_182' title='bbox 1870 1935 1967 2017; x_wconf 88' lang='lat' dir='ltr'><strong>potos</strong></span> <span class='ocrx_word' id='word_1_183' title='bbox 1984 1931 2063 2000; x_wconf 90' lang='lat' dir='ltr'><strong>iuris</strong></span> <span class='ocrx_word' id='word_1_184' title='bbox 2076 1933 2240 2000; x_wconf 88' lang='lat' dir='ltr'><strong>Iustiniani</strong></span> 
     </span>
     <span class='ocr_line' id='line_1_15' title="bbox 306 2020 2150 2119; baseline 0.001 -19"><span class='ocrx_word' id='word_1_185' title='bbox 306 2020 311 2032; x_wconf 76' lang='grc'><em>’</em></span> <span class='ocrx_word' id='word_1_186' title='bbox 366 2033 476 2100; x_wconf 81' lang='lat' dir='ltr'><strong>tontes</strong></span> <span class='ocrx_word' id='word_1_187' title='bbox 498 2033 581 2118; x_wconf 85' lang='lat' dir='ltr'><strong>legis</strong></span> <span class='ocrx_word' id='word_1_188' title='bbox 603 2034 709 2098; x_wconf 91' lang='lat' dir='ltr'><strong>vicem</strong></span> <span class='ocrx_word' id='word_1_189' title='bbox 731 2031 884 2098; x_wconf 90' lang='lat' dir='ltr'><strong>babuisse</strong></span> <span class='ocrx_word' id='word_1_190' title='bbox 907 2031 990 2098; x_wconf 86' lang='lat' dir='ltr'><strong>satis</strong></span> <span class='ocrx_word' id='word_1_191' title='bbox 1011 2029 1189 2113; x_wconf 88' lang='lat' dir='ltr'><strong>declarant,</strong></span> <span class='ocrx_word' id='word_1_192' title='bbox 1211 2051 1277 2119; x_wconf 89' lang='lat' dir='ltr'><strong>qua</strong></span> <span class='ocrx_word' id='word_1_193' title='bbox 1297 2049 1335 2098; x_wconf 88' lang='lat' dir='ltr'><strong>re</strong></span> <span class='ocrx_word' id='word_1_194' title='bbox 1355 2031 1512 2096; x_wconf 90' lang='lat' dir='ltr'><strong>decimum</strong></span> <span class='ocrx_word' id='word_1_195' title='bbox 1536 2052 1565 2118; x_wconf 92' lang='lat' dir='ltr'><strong>p.</strong></span> <span class='ocrx_word' id='word_1_196' title='bbox 1589 2031 1670 2098; x_wconf 83' lang='lat' dir='ltr'><strong>Chr.</strong></span> <span class='ocrx_word' id='word_1_197' title='bbox 1692 2052 1722 2098; x_wconf 93' lang='lat' dir='ltr'><strong>n.</strong></span> <span class='ocrx_word' id='word_1_198' title='bbox 1747 2033 1913 2098; x_wconf 89' lang='lat' dir='ltr'><strong>saeculum</strong></span> <span class='ocrx_word' id='word_1_199' title='bbox 1936 2034 2150 2118; x_wconf 79' lang='lat' dir='ltr'><strong>significatur.</strong></span> 
     </span>
    </p>
   </div>
   <div class='ocr_carea' id='block_1_3' title="bbox 367 2200 2239 2495">
    <p class='ocr_par' dir='ltr' id='par_1_3' title="bbox 367 2200 2239 2495">
     <span class='ocr_line' id='line_1_16' title="bbox 519 2200 2239 2290; baseline 0.002 -22"><span class='ocrx_word' id='word_1_200' title='bbox 519 2203 557 2269; x_wconf 94' lang='lat' dir='ltr'><strong>ln</strong></span> <span class='ocrx_word' id='word_1_201' title='bbox 572 2203 774 2271; x_wconf 85' lang='lat' dir='ltr'><strong>conficiendo</strong></span> <span class='ocrx_word' id='word_1_202' title='bbox 785 2201 940 2288; x_wconf 90' lang='lat' dir='ltr'><strong>opusculo</strong></span> <span class='ocrx_word' id='word_1_203' title='bbox 955 2207 1070 2268; x_wconf 90' lang='lat' dir='ltr'><strong>noster</strong></span> <span class='ocrx_word' id='word_1_204' title='bbox 1086 2202 1228 2288; x_wconf 86' lang='lat' dir='ltr'><strong>scriptor</strong></span> <span class='ocrx_word' id='word_1_205' title='bbox 1243 2202 1415 2266; x_wconf 80' lang='lat' dir='ltr'><strong>Cbxvlll</strong></span> <span class='ocrx_word' id='word_1_206' title='bbox 1430 2200 1464 2264; x_wconf 93' lang='lat' dir='ltr'>N</span> <span class='ocrx_word' id='word_1_207' title='bbox 1465 2200 1641 2266; x_wconf 89' lang='lat' dir='ltr'><strong>ovellarum</strong></span> <span class='ocrx_word' id='word_1_208' title='bbox 1659 2200 1884 2268; x_wconf 89' lang='lat' dir='ltr'><strong>collectionem</strong></span> <span class='ocrx_word' id='word_1_209' title='bbox 1898 2208 2032 2268; x_wconf 74' lang='lat' dir='ltr'><strong>secutus</strong></span> <span class='ocrx_word' id='word_1_210' title='bbox 2049 2221 2129 2270; x_wconf 83' lang='lat' dir='ltr'><strong>esse</strong></span> <span class='ocrx_word' id='word_1_211' title='bbox 2146 2223 2239 2290; x_wconf 81' lang='lat' dir='ltr'><strong>repe·</strong></span> 
     </span>
     <span class='ocr_line' id='line_1_17' title="bbox 367 2299 2239 2392; baseline 0 -22"><span class='ocrx_word' id='word_1_212' title='bbox 367 2302 459 2370; x_wconf 87' lang='lat' dir='ltr'><strong>ritur.</strong></span> <span class='ocrx_word' id='word_1_213' title='bbox 485 2302 589 2388; x_wconf 76' lang='lat' dir='ltr'><strong>Quam</strong></span> <span class='ocrx_word' id='word_1_214' title='bbox 611 2305 740 2392; x_wconf 90' lang='lat' dir='ltr'><strong>quidem</strong></span> <span class='ocrx_word' id='word_1_215' title='bbox 762 2301 983 2372; x_wconf 91' lang='lat' dir='ltr'><strong>collectionem</strong></span> <span class='ocrx_word' id='word_1_216' title='bbox 999 2300 1193 2368; x_wconf 83' lang='lat' dir='ltr'><strong>adeuntem</strong></span> <span class='ocrx_word' id='word_1_217' title='bbox 1209 2299 1279 2368; x_wconf 82' lang='lat' dir='ltr'><strong>tere</strong></span> <span class='ocrx_word' id='word_1_218' title='bbox 1294 2301 1420 2366; x_wconf 92' lang='lat' dir='ltr'><strong>modum</strong></span> <span class='ocrx_word' id='word_1_219' title='bbox 1429 2349 1437 2382; x_wconf 94' lang='lat'><strong>,</strong></span> <span class='ocrx_word' id='word_1_220' title='bbox 1462 2320 1523 2387; x_wconf 90' lang='lat' dir='ltr'><strong>quo</strong></span> <span class='ocrx_word' id='word_1_221' title='bbox 1539 2301 1573 2366; x_wconf 91' lang='lat' dir='ltr'><strong>in</strong></span> <span class='ocrx_word' id='word_1_222' title='bbox 1591 2301 1721 2368; x_wconf 91' lang='lat' dir='ltr'><strong>Veneto</strong></span> <span class='ocrx_word' id='word_1_223' title='bbox 1733 2301 1765 2366; x_wconf 92' lang='lat' dir='ltr'>N</span> <span class='ocrx_word' id='word_1_224' title='bbox 1768 2301 1947 2368; x_wconf 84' lang='lat' dir='ltr'><strong>ovellanum</strong></span> <span class='ocrx_word' id='word_1_225' title='bbox 1960 2304 2085 2371; x_wconf 87' lang='lat' dir='ltr'><strong>Codice</strong></span> <span class='ocrx_word' id='word_1_226' title='bbox 2099 2305 2239 2392; x_wconf 86' lang='lat' dir='ltr'><strong>babetur,</strong></span> 
     </span>
     <span class='ocr_line' id='line_1_18' title="bbox 367 2401 2239 2495; baseline -0.001 -22"><span class='ocrx_word' id='word_1_227' title='bbox 367 2406 530 2492; x_wconf 85' lang='lat' dir='ltr'><strong>digestam</strong></span> <span class='ocrx_word' id='word_1_228' title='bbox 548 2405 669 2495; x_wconf 87' lang='lat' dir='ltr'><strong>babuit,</strong></span> <span class='ocrx_word' id='word_1_229' title='bbox 690 2425 760 2472; x_wconf 91' lang='lat' dir='ltr'><strong>cum</strong></span> <span class='ocrx_word' id='word_1_230' title='bbox 774 2403 948 2470; x_wconf 89' lang='lat' dir='ltr'><strong>Novellam</strong></span> <span class='ocrx_word' id='word_1_231' title='bbox 962 2405 1061 2470; x_wconf 80' lang='lat' dir='ltr'><strong>CXL.</strong></span> <span class='ocrx_word' id='word_1_232' title='bbox 1077 2403 1110 2467; x_wconf 93' lang='lat' dir='ltr'><strong>in</strong></span> <span class='ocrx_word' id='word_1_233' title='bbox 1122 2401 1336 2468; x_wconf 88' lang='lat' dir='ltr'><strong>Novellarum</strong></span> <span class='ocrx_word' id='word_1_234' title='bbox 1358 2403 1424 2468; x_wconf 90' lang='lat' dir='ltr'><strong>lato</strong></span> <span class='ocrx_word' id='word_1_235' title='bbox 1447 2409 1602 2468; x_wconf 83' lang='lat' dir='ltr'><strong>contexto</strong></span> <span class='ocrx_word' id='word_1_236' title='bbox 1623 2421 1686 2469; x_wconf 93' lang='lat' dir='ltr'><strong>non</strong></span> <span class='ocrx_word' id='word_1_237' title='bbox 1711 2402 1868 2490; x_wconf 88' lang='lat' dir='ltr'><strong>babuerit,</strong></span> <span class='ocrx_word' id='word_1_238' title='bbox 1885 2406 2014 2470; x_wconf 89' lang='lat' dir='ltr'><strong>comsit</strong></span> <span class='ocrx_word' id='word_1_239' title='bbox 2029 2403 2152 2472; x_wconf 91' lang='lat' dir='ltr'><strong>lustini</strong></span> <span class='ocrx_word' id='word_1_240' title='bbox 2167 2409 2239 2494; x_wconf 87' lang='lat' dir='ltr'><strong>cios,</strong></span> 
     </span>
    </p>
   </div>
   <div class='ocr_carea' id='block_1_4' title="bbox 366 2502 2367 2691">
    <p class='ocr_par' dir='ltr' id='par_1_4' title="bbox 366 2502 2367 2691">
     <span class='ocr_line' id='line_1_19' title="bbox 368 2502 2365 2594; baseline 0.002 -22"><span class='ocrx_word' id='word_1_241' title='bbox 368 2509 422 2594; x_wconf 91' lang='lat' dir='ltr'><strong>qui</strong></span> <span class='ocrx_word' id='word_1_242' title='bbox 444 2515 520 2594; x_wconf 92' lang='lat' dir='ltr'><strong>post</strong></span> <span class='ocrx_word' id='word_1_243' title='bbox 534 2508 747 2574; x_wconf 89' lang='lat' dir='ltr'><strong>lnstinianum</strong></span> <span class='ocrx_word' id='word_1_244' title='bbox 769 2505 1014 2592; x_wconf 81' lang='lat' dir='ltr'><strong>imperavit²³),</strong></span> <span class='ocrx_word' id='word_1_245' title='bbox 1037 2502 1301 2590; x_wconf 89' lang='lat' dir='ltr'><strong>quemadmodum</strong></span> <span class='ocrx_word' id='word_1_246' title='bbox 1324 2521 1385 2569; x_wconf 93' lang='lat' dir='ltr'><strong>nec</strong></span> <span class='ocrx_word' id='word_1_247' title='bbox 1408 2505 1540 2587; x_wconf 77' lang='lat' dir='ltr'><strong>Cblll,</strong></span> <span class='ocrx_word' id='word_1_248' title='bbox 1563 2505 1683 2592; x_wconf 89' lang='lat' dir='ltr'><strong>qnippe</strong></span> <span class='ocrx_word' id='word_1_249' title='bbox 1701 2521 1785 2590; x_wconf 90' lang='lat' dir='ltr'><strong>quae</strong></span> <span class='ocrx_word' id='word_1_250' title='bbox 1801 2504 2036 2573; x_wconf 83' lang='lat' dir='ltr'><strong>&#39;liberiitcrtia</strong></span> <span class='ocrx_word' id='word_1_251' title='bbox 2053 2509 2099 2573; x_wconf 89' lang='lat' dir='ltr'><strong>sit</strong></span> <span class='ocrx_word' id='word_1_252' title='bbox 2120 2511 2239 2575; x_wconf 88' lang='lat' dir='ltr'><strong>consti·</strong></span> <span class='ocrx_word' id='word_1_253' title='bbox 2364 2578 2365 2581; x_wconf 65' lang='grc'><strong><em>,</em></strong></span> 
     </span>
     <span class='ocr_line' id='line_1_20' title="bbox 366 2602 2367 2691; baseline 0.001 -18"><span class='ocrx_word' id='word_1_254' title='bbox 366 2608 506 2690; x_wconf 74' lang='lat' dir='ltr'><strong>tutio²⁴l</strong></span> <span class='ocrx_word' id='word_1_255' title='bbox 549 2609 646 2674; x_wconf 91' lang='lat' dir='ltr'><strong>llunc</strong></span> <span class='ocrx_word' id='word_1_256' title='bbox 672 2605 884 2676; x_wconf 89' lang='lat' dir='ltr'><strong>Novellarum</strong></span> <span class='ocrx_word' id='word_1_257' title='bbox 919 2604 1072 2671; x_wconf 85' lang='lat' dir='ltr'><strong>codicem</strong></span> <span class='ocrx_word' id='word_1_258' title='bbox 1108 2602 1145 2669; x_wconf 84' lang='grc' dir='ltr'><strong>τὸ</strong></span> <span class='ocrx_word' id='word_1_259' title='bbox 1175 2602 1297 2680; x_wconf 78' lang='grc' dir='ltr'><strong><em>πλάτος</em></strong></span> <span class='ocrx_word' id='word_1_260' title='bbox 1332 2605 1398 2668; x_wconf 79' lang='grc' dir='ltr'><strong>τῶι</strong></span> <span class='ocrx_word' id='word_1_261' title='bbox 1430 2606 1552 2690; x_wconf 66' lang='lat' dir='ltr'><strong>oscado</strong></span> <span class='ocrx_word' id='word_1_262' title='bbox 1583 2605 1847 2690; x_wconf 66' lang='lat' dir='ltr'><strong>nuncupavitw).</strong></span> <span class='ocrx_word' id='word_1_263' title='bbox 1890 2603 2050 2691; x_wconf 89' lang='lat' dir='ltr'><strong>Singulas</strong></span> <span class='ocrx_word' id='word_1_264' title='bbox 2083 2607 2239 2676; x_wconf 85' lang='lat' dir='ltr'><strong>Novellas</strong></span> <span class='ocrx_word' id='word_1_265' title='bbox 2365 2612 2367 2629; x_wconf 79' lang='lat'>²</span> 
     </span>
    </p>
   </div>
   <div class='ocr_carea' id='block_1_5' title="bbox 365 2693 2238 2896">
    <p class='ocr_par' dir='ltr' id='par_1_5' title="bbox 365 2693 2238 2896">
     <span class='ocr_line' id='line_1_21' title="bbox 365 2693 2238 2796; baseline 0.001 -22"><span class='ocrx_word' id='word_1_266' title='bbox 365 2708 410 2774; x_wconf 85' lang='lat' dir='ltr'><strong>ad</strong></span> <span class='ocrx_word' id='word_1_267' title='bbox 424 2708 599 2774; x_wconf 82' lang='lat' dir='ltr'><strong>CLXVlll</strong></span> <span class='ocrx_word' id='word_1_268' title='bbox 615 2709 762 2796; x_wconf 76' lang='lat' dir='ltr'><strong>corporis</strong></span> <span class='ocrx_word' id='word_1_269' title='bbox 785 2706 930 2774; x_wconf 88' lang='lat' dir='ltr'><strong>ordinem</strong></span> <span class='ocrx_word' id='word_1_270' title='bbox 952 2705 1094 2775; x_wconf 88' lang='lat' dir='ltr'><strong>numeris</strong></span> <span class='ocrx_word' id='word_1_271' title='bbox 1116 2703 1285 2796; x_wconf 79' lang='lat' dir='ltr'><strong>distinxit3</strong></span> <span class='ocrx_word' id='word_1_272' title='bbox 1307 2725 1414 2792; x_wconf 87' lang='lat' dir='ltr'><strong>unam,</strong></span> <span class='ocrx_word' id='word_1_273' title='bbox 1436 2706 1527 2772; x_wconf 89' lang='lat' dir='ltr'><strong>cuius</strong></span> <span class='ocrx_word' id='word_1_274' title='bbox 1549 2711 1651 2788; x_wconf 84' lang='lat' dir='ltr'><strong>esset,</strong></span> <span class='ocrx_word' id='word_1_275' title='bbox 1673 2705 1838 2790; x_wconf 85' lang='lat' dir='ltr'><strong>ignoravit</strong></span> <span class='ocrx_word' id='word_1_276' title='bbox 1847 2693 2014 2795; x_wconf 77' lang='lat' dir='ltr'><strong>²⁸),&#39;quod</strong></span> <span class='ocrx_word' id='word_1_277' title='bbox 2038 2707 2112 2776; x_wconf 84' lang='lat' dir='ltr'><strong>libri</strong></span> <span class='ocrx_word' id='word_1_278' title='bbox 2133 2731 2238 2778; x_wconf 83' lang='lat' dir='ltr'><strong>manu·</strong></span> 
     </span>
     <span class='ocr_line' id='line_1_22' title="bbox 366 2809 975 2896; baseline -0.007 -22"><span class='ocrx_word' id='word_1_279' title='bbox 366 2809 483 2896; x_wconf 88' lang='lat' dir='ltr'><strong>scripti</strong></span> <span class='ocrx_word' id='word_1_280' title='bbox 505 2809 594 2876; x_wconf 88' lang='lat' dir='ltr'><strong>hiatu</strong></span> <span class='ocrx_word' id='word_1_281' title='bbox 615 2810 734 2876; x_wconf 87' lang='lat' dir='ltr'><strong>lactum</strong></span> <span class='ocrx_word' id='word_1_282' title='bbox 756 2828 835 2875; x_wconf 86' lang='lat' dir='ltr'><strong>esse</strong></span> <span class='ocrx_word' id='word_1_283' title='bbox 857 2812 975 2896; x_wconf 90' lang='lat' dir='ltr'><strong>potest.</strong></span> 
     </span>
    </p>
   </div>
   <div class='ocr_carea' id='block_1_6' title="bbox 365 2973 2240 3470">
    <p class='ocr_par' dir='ltr' id='par_1_6' title="bbox 365 2973 2240 3470">
     <span class='ocr_line' id='line_1_23' title="bbox 520 2973 2240 3066; baseline 0.001 -22"><span class='ocrx_word' id='word_1_284' title='bbox 520 2979 658 3066; x_wconf 86' lang='lat' dir='ltr'><strong>Restat,</strong></span> <span class='ocrx_word' id='word_1_285' title='bbox 689 2983 739 3064; x_wconf 89' lang='lat' dir='ltr'><strong>ut,</strong></span> <span class='ocrx_word' id='word_1_286' title='bbox 770 2995 852 3064; x_wconf 89' lang='lat' dir='ltr'><strong>quas</strong></span> <span class='ocrx_word' id='word_1_287' title='bbox 880 2976 975 3064; x_wconf 86' lang='lat' dir='ltr'><strong>leges</strong></span> <span class='ocrx_word' id='word_1_288' title='bbox 1003 2975 1037 3042; x_wconf 90' lang='lat' dir='ltr'><strong>in</strong></span> <span class='ocrx_word' id='word_1_289' title='bbox 1066 2975 1211 3062; x_wconf 86' lang='lat' dir='ltr'><strong>opusculi</strong></span> <span class='ocrx_word' id='word_1_290' title='bbox 1237 2980 1393 3042; x_wconf 87' lang='lat' dir='ltr'><strong>contextu</strong></span> <span class='ocrx_word' id='word_1_291' title='bbox 1423 2973 1589 3040; x_wconf 84' lang='lat' dir='ltr'><strong>tornando</strong></span> <span class='ocrx_word' id='word_1_292' title='bbox 1616 2973 1659 3042; x_wconf 88' lang='lat' dir='ltr'><strong>ad</strong></span> <span class='ocrx_word' id='word_1_293' title='bbox 1680 2982 1849 3062; x_wconf 88' lang='lat' dir='ltr'><strong>artemque</strong></span> <span class='ocrx_word' id='word_1_294' title='bbox 1871 2981 1907 3042; x_wconf 89' lang='lat' dir='ltr'><strong>et</strong></span> <span class='ocrx_word' id='word_1_295' title='bbox 1920 2976 2131 3065; x_wconf 85' lang='lat' dir='ltr'><strong>disciplinam</strong></span> <span class='ocrx_word' id='word_1_296' title='bbox 2149 2980 2240 3046; x_wconf 89' lang='lat' dir='ltr'><strong>criti·</strong></span> 
     </span>
     <span class='ocr_line' id='line_1_24' title="bbox 367 3071 2239 3168; baseline 0.002 -23"><span class='ocrx_word' id='word_1_297' title='bbox 367 3098 438 3145; x_wconf 93' lang='lat' dir='ltr'><strong>cam</strong></span> <span class='ocrx_word' id='word_1_298' title='bbox 460 3077 623 3168; x_wconf 85' lang='lat' dir='ltr'><strong>exigendo</strong></span> <span class='ocrx_word' id='word_1_299' title='bbox 644 3075 906 3166; x_wconf 85' lang='lat' dir='ltr'><strong>observaverim,</strong></span> <span class='ocrx_word' id='word_1_300' title='bbox 936 3078 1048 3162; x_wconf 89' lang='lat' dir='ltr'><strong>paucis</strong></span> <span class='ocrx_word' id='word_1_301' title='bbox 1070 3091 1240 3162; x_wconf 88' lang='lat' dir='ltr'><strong>exponam.</strong></span> <span class='ocrx_word' id='word_1_302' title='bbox 1292 3077 1329 3143; x_wconf 96' lang='lat' dir='ltr'><strong>ln</strong></span> <span class='ocrx_word' id='word_1_303' title='bbox 1361 3097 1423 3162; x_wconf 92' lang='lat' dir='ltr'><strong>quo</strong></span> <span class='ocrx_word' id='word_1_304' title='bbox 1456 3071 1670 3163; x_wconf 75' lang='lat' dir='ltr'><strong>Tunocbcryi</strong></span> <span class='ocrx_word' id='word_1_305' title='bbox 1697 3077 1768 3144; x_wconf 83' lang='lat' dir='ltr'><strong>tere</strong></span> <span class='ocrx_word' id='word_1_306' title='bbox 1795 3077 1940 3163; x_wconf 80' lang='lat' dir='ltr'><strong>vestigia</strong></span> <span class='ocrx_word' id='word_1_307' title='bbox 1960 3077 2044 3167; x_wconf 90' lang='lat' dir='ltr'><strong>legi,</strong></span> <span class='ocrx_word' id='word_1_308' title='bbox 2077 3085 2239 3148; x_wconf 86' lang='lat' dir='ltr'><strong>attamen</strong></span> 
     </span>
     <span class='ocr_line' id='line_1_25' title="bbox 366 3177 2240 3270; baseline 0 -22"><span class='ocrx_word' id='word_1_309' title='bbox 366 3181 493 3270; x_wconf 87' lang='lat' dir='ltr'><strong>aliqua,</strong></span> <span class='ocrx_word' id='word_1_310' title='bbox 526 3200 609 3269; x_wconf 90' lang='lat' dir='ltr'><strong>quae</strong></span> <span class='ocrx_word' id='word_1_311' title='bbox 640 3181 714 3268; x_wconf 89' lang='lat' dir='ltr'><strong>ipse</strong></span> <span class='ocrx_word' id='word_1_312' title='bbox 750 3199 814 3246; x_wconf 92' lang='lat' dir='ltr'><strong>non</strong></span> <span class='ocrx_word' id='word_1_313' title='bbox 841 3184 931 3244; x_wconf 91' lang='lat' dir='ltr'><strong>recte</strong></span> <span class='ocrx_word' id='word_1_314' title='bbox 963 3197 1006 3243; x_wconf 87' lang='lat' dir='ltr'><strong>ex</strong></span> <span class='ocrx_word' id='word_1_315' title='bbox 1029 3179 1139 3264; x_wconf 90' lang='lat' dir='ltr'><strong>operis</strong></span> <span class='ocrx_word' id='word_1_316' title='bbox 1168 3183 1324 3245; x_wconf 84' lang='lat' dir='ltr'><strong>contextu</strong></span> <span class='ocrx_word' id='word_1_317' title='bbox 1351 3180 1517 3263; x_wconf 89' lang='lat' dir='ltr'><strong>eiecerat,</strong></span> <span class='ocrx_word' id='word_1_318' title='bbox 1557 3177 1593 3244; x_wconf 89' lang='lat' dir='ltr'><strong>in</strong></span> <span class='ocrx_word' id='word_1_319' title='bbox 1621 3177 1934 3264; x_wconf 78' lang='lat' dir='ltr'><strong>pristinum·rtatum</strong></span> <span class='ocrx_word' id='word_1_320' title='bbox 1961 3179 2162 3249; x_wconf 86' lang='lat' dir='ltr'><strong>reducerem</strong></span> <span class='ocrx_word' id='word_1_321' title='bbox 2206 3181 2240 3248; x_wconf 91' lang='lat' dir='ltr'><strong>lo</strong></span> 
     </span>
     <span class='ocr_line' id='line_1_26' title="bbox 365 3278 2240 3370; baseline 0.001 -22"><span class='ocrx_word' id='word_1_322' title='bbox 365 3284 453 3349; x_wconf 89' lang='lat' dir='ltr'><strong>notis</strong></span> <span class='ocrx_word' id='word_1_323' title='bbox 475 3283 599 3350; x_wconf 88' lang='lat' dir='ltr'><strong>variam</strong></span> <span class='ocrx_word' id='word_1_324' title='bbox 621 3281 773 3349; x_wconf 90' lang='lat' dir='ltr'><strong>editionis</strong></span> <span class='ocrx_word' id='word_1_325' title='bbox 794 3279 987 3366; x_wconf 90' lang='lat' dir='ltr'><strong>scripturam</strong></span> <span class='ocrx_word' id='word_1_326' title='bbox 1008 3279 1180 3362; x_wconf 79' lang='lat' dir='ltr'><strong>adnotavi,</strong></span> <span class='ocrx_word' id='word_1_327' title='bbox 1204 3278 1327 3344; x_wconf 90' lang='lat' dir='ltr'><strong>additis</strong></span> <span class='ocrx_word' id='word_1_328' title='bbox 1348 3278 1559 3345; x_wconf 78' lang='grc' dir='ltr'><strong><em>Ζοολιιιιιίιοί</em></strong></span> <span class='ocrx_word' id='word_1_329' title='bbox 1578 3279 1793 3366; x_wconf 88' lang='lat' dir='ltr'><strong>coniecturis,</strong></span> <span class='ocrx_word' id='word_1_330' title='bbox 1824 3281 1997 3367; x_wconf 87' lang='lat' dir='ltr'><strong>perpaucis</strong></span> <span class='ocrx_word' id='word_1_331' title='bbox 2018 3281 2084 3350; x_wconf 85' lang='lat' dir='ltr'><strong>illia</strong></span> <span class='ocrx_word' id='word_1_332' title='bbox 2107 3283 2240 3370; x_wconf 89' lang='lat' dir='ltr'><strong>quidem,</strong></span> 
     </span>
     <span class='ocr_line' id='line_1_27' title="bbox 365 3375 1814 3470; baseline -0.002 -22"><span class='ocrx_word' id='word_1_333' title='bbox 365 3381 426 3448; x_wconf 90' lang='lat' dir='ltr'><strong>sed</strong></span> <span class='ocrx_word' id='word_1_334' title='bbox 448 3385 588 3470; x_wconf 90' lang='lat' dir='ltr'><strong>optimis.</strong></span> <span class='ocrx_word' id='word_1_335' title='bbox 635 3383 826 3450; x_wconf 83' lang='lat' dir='ltr'><strong>versionem</strong></span> <span class='ocrx_word' id='word_1_336' title='bbox 849 3379 998 3446; x_wconf 84' lang='lat' dir='ltr'><strong>Latinam</strong></span> <span class='ocrx_word' id='word_1_337' title='bbox 1020 3379 1145 3447; x_wconf 84' lang='lat' dir='ltr'><strong>conieci</strong></span> <span class='ocrx_word' id='word_1_338' title='bbox 1167 3398 1304 3468; x_wconf 79' lang='lat' dir='ltr'><strong>novam3</strong></span> <span class='ocrx_word' id='word_1_339' title='bbox 1336 3379 1472 3446; x_wconf 87' lang='lat' dir='ltr'><strong>editoris</strong></span> <span class='ocrx_word' id='word_1_340' title='bbox 1502 3379 1586 3446; x_wconf 91' lang='lat' dir='ltr'><strong>enim</strong></span> <span class='ocrx_word' id='word_1_341' title='bbox 1608 3375 1814 3467; x_wconf 85' lang='lat' dir='ltr'><strong>displicebat.</strong></span> 
     </span>
    </p>
   </div>
   <div class='ocr_carea' id='block_1_7' title="bbox 1088 3709 1497 3728">
    <p class='ocr_par' dir='ltr' id='par_1_7' title="bbox 1088 3709 1497 3728">
     <span class='ocr_line' id='line_1_28' title="bbox 1088 3709 1497 3728; baseline 0.01 -4"><span class='ocrx_word' id='word_1_342' title='bbox 1088 3709 1497 3728; x_wconf 50' lang='grc' dir='ltr'><strong>...ὴ-Μ-</strong></span> 
     </span>
    </p>
   </div>
   <div class='ocr_carea' id='block_1_8' title="bbox 1087 4003 1518 4087">
    <p class='ocr_par' dir='ltr' id='par_1_8' title="bbox 1087 4003 1518 4087">
     <span class='ocr_line' id='line_1_29' title="bbox 1087 4003 1518 4087; baseline -0.007 0"><span class='ocrx_word' id='word_1_343' title='bbox 1087 4003 1395 4087; x_wconf 78' lang='grc' dir='ltr'>ΟΑΡΗΤ</span> <span class='ocrx_word' id='word_1_344' title='bbox 1471 4005 1518 4084; x_wconf 80' lang='lat' dir='ltr'><strong>V.</strong></span> 
     </span>
    </p>
   </div>
   <div class='ocr_carea' id='block_1_9' title="bbox 827 4156 1778 4244">
    <p class='ocr_par' dir='ltr' id='par_1_9' title="bbox 827 4156 1778 4244">
     <span class='ocr_line' id='line_1_30' title="bbox 827 4156 1778 4244; baseline -0.005 -18"><span class='ocrx_word' id='word_1_345' title='bbox 827 4157 1111 4226; x_wconf 84' lang='lat' dir='ltr'><strong>Novellarum</strong></span> <span class='ocrx_word' id='word_1_346' title='bbox 1138 4156 1381 4225; x_wconf 77' lang='lat' dir='ltr'><strong>Iustiniani</strong></span> <span class='ocrx_word' id='word_1_347' title='bbox 1414 4159 1551 4225; x_wconf 70' lang='lat' dir='ltr'><strong>todem</strong></span> <span class='ocrx_word' id='word_1_348' title='bbox 1579 4157 1778 4244; x_wconf 81' lang='lat' dir='ltr'><strong>Reptaoe.</strong></span> 
     </span>
    </p>
   </div>
   <div class='ocr_carea' id='block_1_10' title="bbox 364 4326 2251 4620">
    <p class='ocr_par' dir='ltr' id='par_1_10' title="bbox 364 4326 2251 4620">
     <span class='ocr_line' id='line_1_31' title="bbox 433 4326 2249 4416; baseline 0.002 -22"><span class='ocrx_word' id='word_1_349' title='bbox 433 4397 443 4412; x_wconf 60' lang='grc'><strong><em>,</em></strong></span> <span class='ocrx_word' id='word_1_350' title='bbox 519 4327 622 4411; x_wconf 74' lang='lat' dir='ltr'><strong>Quem</strong></span> <span class='ocrx_word' id='word_1_351' title='bbox 644 4327 768 4396; x_wconf 89' lang='lat' dir='ltr'><strong>edimus</strong></span> <span class='ocrx_word' id='word_1_352' title='bbox 790 4328 1040 4396; x_wconf 89' lang='lat' dir='ltr'><strong>lnstiniaoarum</strong></span> <span class='ocrx_word' id='word_1_353' title='bbox 1055 4327 1268 4394; x_wconf 88' lang='lat' dir='ltr'><strong>Novellarum</strong></span> <span class='ocrx_word' id='word_1_354' title='bbox 1289 4326 1446 4414; x_wconf 89' lang='lat' dir='ltr'><strong>indicem,</strong></span> <span class='ocrx_word' id='word_1_355' title='bbox 1470 4327 1620 4414; x_wconf 86' lang='lat' dir='ltr'><strong>Reginae</strong></span> <span class='ocrx_word' id='word_1_356' title='bbox 1635 4327 1764 4396; x_wconf 93' lang='lat' dir='ltr'><strong>nomine</strong></span> <span class='ocrx_word' id='word_1_357' title='bbox 1780 4333 2008 4416; x_wconf 90' lang='lat' dir='ltr'><strong>nuncupatum,</strong></span> <span class='ocrx_word' id='word_1_358' title='bbox 2030 4327 2173 4398; x_wconf 84' lang='lat' dir='ltr'><strong>bonatus</strong></span> <span class='ocrx_word' id='word_1_359' title='bbox 2195 4335 2249 4398; x_wconf 84' lang='lat' dir='ltr'><strong>est</strong></span> 
     </span>
     <span class='ocr_line' id='line_1_32' title="bbox 364 4425 2250 4518; baseline 0.002 -22"><span class='ocrx_word' id='word_1_360' title='bbox 364 4448 407 4496; x_wconf 89' lang='lat' dir='ltr'><strong>ex</strong></span> <span class='ocrx_word' id='word_1_361' title='bbox 431 4428 569 4510; x_wconf 86' lang='lat' dir='ltr'><strong>Codice,</strong></span> <span class='ocrx_word' id='word_1_362' title='bbox 590 4430 645 4517; x_wconf 92' lang='lat' dir='ltr'><strong>qui</strong></span> <span class='ocrx_word' id='word_1_363' title='bbox 667 4429 915 4498; x_wconf 84' lang='lat' dir='ltr'><strong>interGraecoa</strong></span> <span class='ocrx_word' id='word_1_364' title='bbox 938 4429 1151 4496; x_wconf 89' lang='lat' dir='ltr'><strong>bibliothecae</strong></span> <span class='ocrx_word' id='word_1_365' title='bbox 1165 4429 1295 4513; x_wconf 83' lang='lat' dir='ltr'><strong>Regiae</strong></span> <span class='ocrx_word' id='word_1_366' title='bbox 1318 4427 1520 4494; x_wconf 88' lang='lat' dir='ltr'><strong>Parisieosis</strong></span> <span class='ocrx_word' id='word_1_367' title='bbox 1543 4428 1641 4495; x_wconf 87' lang='lat' dir='ltr'><strong>libros</strong></span> <span class='ocrx_word' id='word_1_368' title='bbox 1662 4429 1759 4496; x_wconf 92' lang='lat' dir='ltr'><strong>hodie</strong></span> <span class='ocrx_word' id='word_1_369' title='bbox 1773 4447 1939 4496; x_wconf 87' lang='lat' dir='ltr'><strong>numerum</strong></span> <span class='ocrx_word' id='word_1_370' title='bbox 1958 4425 2076 4496; x_wconf 79' lang='lat'><strong>1349.</strong></span> <span class='ocrx_word' id='word_1_371' title='bbox 2090 4431 2250 4518; x_wconf 78' lang='lat' dir='ltr'><strong>praefert,</strong></span> 
     </span>
     <span class='ocr_line' id='line_1_33' title="bbox 364 4529 2251 4620; baseline 0.002 -24"><span class='ocrx_word' id='word_1_372' title='bbox 364 4531 440 4596; x_wconf 93' lang='lat' dir='ltr'><strong>olim</strong></span> <span class='ocrx_word' id='word_1_373' title='bbox 465 4529 582 4598; x_wconf 76' lang='lat'><strong>1840.</strong></span> <span class='ocrx_word' id='word_1_374' title='bbox 605 4532 754 4616; x_wconf 90' lang='lat' dir='ltr'><strong>signatus</strong></span> <span class='ocrx_word' id='word_1_375' title='bbox 776 4539 856 4598; x_wconf 83' lang='lat' dir='ltr'><strong>erat.</strong></span> <span class='ocrx_word' id='word_1_376' title='bbox 901 4529 967 4597; x_wconf 80' lang='lat' dir='ltr'><strong>Est</strong></span> <span class='ocrx_word' id='word_1_377' title='bbox 987 4532 1308 4620; x_wconf 60' lang='lat' dir='ltr'><strong>membranaceum),</strong></span> <span class='ocrx_word' id='word_1_378' title='bbox 1330 4530 1470 4614; x_wconf 89' lang='lat' dir='ltr'><strong>saeculi,</strong></span> <span class='ocrx_word' id='word_1_379' title='bbox 1495 4537 1530 4595; x_wconf 91' lang='lat' dir='ltr'><strong>ut</strong></span> <span class='ocrx_word' id='word_1_380' title='bbox 1551 4535 1586 4597; x_wconf 90' lang='lat' dir='ltr'><strong>et</strong></span> <span class='ocrx_word' id='word_1_381' title='bbox 1607 4531 1828 4618; x_wconf 89' lang='lat' dir='ltr'><strong>catalogorum</strong></span> <span class='ocrx_word' id='word_1_382' title='bbox 1855 4531 2096 4598; x_wconf 84' lang='lat' dir='ltr'><strong>conlectoribus</strong></span> <span class='ocrx_word' id='word_1_383' title='bbox 2121 4533 2251 4620; x_wconf 86' lang='lat' dir='ltr'><strong>placet,</strong></span> 
     </span>
    </p>
   </div>
   <div class='ocr_carea' id='block_1_11' title="bbox 363 4629 2255 4923">
    <p class='ocr_par' dir='ltr' id='par_1_11' title="bbox 363 4629 2255 4923">
     <span class='ocr_line' id='line_1_34' title="bbox 364 4629 2248 4720; baseline 0.001 -23"><span class='ocrx_word' id='word_1_384' title='bbox 364 4631 523 4700; x_wconf 88' lang='lat' dir='ltr'><strong>undecimi</strong></span> <span class='ocrx_word' id='word_1_385' title='bbox 545 4635 714 4714; x_wconf 62' lang='lat' dir='ltr'><strong>exennia,</strong></span> <span class='ocrx_word' id='word_1_386' title='bbox 738 4633 886 4720; x_wconf 78' lang='lat' dir='ltr'><strong>foliisque</strong></span> <span class='ocrx_word' id='word_1_387' title='bbox 909 4629 999 4698; x_wconf 77' lang='lat'><strong>238.</strong></span> <span class='ocrx_word' id='word_1_388' title='bbox 1024 4637 1162 4697; x_wconf 88' lang='lat' dir='ltr'><strong>constat.</strong></span> <span class='ocrx_word' id='word_1_389' title='bbox 1212 4630 1447 4718; x_wconf 84' lang='lat' dir='ltr'><strong>Complectitur</strong></span> <span class='ocrx_word' id='word_1_390' title='bbox 1475 4631 1553 4697; x_wconf 90' lang='lat' dir='ltr'><strong>inde</strong></span> <span class='ocrx_word' id='word_1_391' title='bbox 1583 4651 1604 4698; x_wconf 88' lang='lat' dir='ltr'><strong>a</strong></span> <span class='ocrx_word' id='word_1_392' title='bbox 1632 4631 1709 4697; x_wconf 83' lang='lat' dir='ltr'><strong>lolio</strong></span> <span class='ocrx_word' id='word_1_393' title='bbox 1742 4630 1775 4697; x_wconf 86' lang='lat' dir='ltr'><strong>l.</strong></span> <span class='ocrx_word' id='word_1_394' title='bbox 1808 4650 1911 4718; x_wconf 90' lang='lat' dir='ltr'><strong>usque</strong></span> <span class='ocrx_word' id='word_1_395' title='bbox 1939 4631 1981 4698; x_wconf 85' lang='lat' dir='ltr'><strong>od</strong></span> <span class='ocrx_word' id='word_1_396' title='bbox 2009 4631 2118 4700; x_wconf 82' lang='lat' dir='ltr'><strong>lolium</strong></span> <span class='ocrx_word' id='word_1_397' title='bbox 2144 4629 2186 4701; x_wconf 85' lang='grc'><strong>6.</strong></span> <span class='ocrx_word' id='word_1_398' title='bbox 2208 4631 2248 4698; x_wconf 85' lang='lat' dir='ltr'><strong>R.</strong></span> 
     </span>
     <span class='ocr_line' id='line_1_35' title="bbox 363 4731 2255 4822; baseline 0.001 -24"><span class='ocrx_word' id='word_1_399' title='bbox 363 4733 504 4799; x_wconf 90' lang='lat' dir='ltr'><strong>iudicem</strong></span> <span class='ocrx_word' id='word_1_400' title='bbox 526 4734 676 4800; x_wconf 89' lang='lat' dir='ltr'><strong>librorum</strong></span> <span class='ocrx_word' id='word_1_401' title='bbox 698 4732 812 4812; x_wconf 73' lang='lat' dir='ltr'><strong>XLV,</strong></span> <span class='ocrx_word' id='word_1_402' title='bbox 836 4732 1332 4816; x_wconf 76' lang='lat' dir='ltr'><strong>xnv1.,xnv11.,xnv111.,</strong></span> <span class='ocrx_word' id='word_1_403' title='bbox 1355 4732 1492 4820; x_wconf 78' lang='lat' dir='ltr'><strong>xnlx,</strong></span> <span class='ocrx_word' id='word_1_404' title='bbox 1516 4733 1555 4797; x_wconf 73' lang='lat'><strong>1..</strong></span> <span class='ocrx_word' id='word_1_405' title='bbox 1579 4753 1622 4800; x_wconf 86' lang='lat' dir='ltr'><strong>ex</strong></span> <span class='ocrx_word' id='word_1_406' title='bbox 1645 4732 1768 4800; x_wconf 90' lang='lat' dir='ltr'><strong>nostris</strong></span> <span class='ocrx_word' id='word_1_407' title='bbox 1790 4731 1961 4815; x_wconf 89' lang='lat' dir='ltr'><strong>Basilicis,</strong></span> <span class='ocrx_word' id='word_1_408' title='bbox 1984 4733 2025 4799; x_wconf 86' lang='lat' dir='ltr'><strong>ab</strong></span> <span class='ocrx_word' id='word_1_409' title='bbox 2048 4734 2120 4822; x_wconf 89' lang='lat' dir='ltr'><strong>illo,</strong></span> <span class='ocrx_word' id='word_1_410' title='bbox 2152 4753 2255 4822; x_wconf 89' lang='lat' dir='ltr'><strong>quem</strong></span> 
     </span>
     <span class='ocr_line' id='line_1_36' title="bbox 363 4831 2253 4923; baseline -0.002 -24"><span class='ocrx_word' id='word_1_411' title='bbox 363 4831 537 4902; x_wconf 67' lang='lat' dir='ltr'><strong>vaureta-o</strong></span> <span class='ocrx_word' id='word_1_412' title='bbox 559 4834 715 4902; x_wconf 86' lang='lat' dir='ltr'><strong>exhibere</strong></span> <span class='ocrx_word' id='word_1_413' title='bbox 736 4833 854 4921; x_wconf 87' lang='lat' dir='ltr'><strong>voluit,</strong></span> <span class='ocrx_word' id='word_1_414' title='bbox 877 4833 975 4920; x_wconf 88' lang='lat' dir='ltr'><strong>plone</strong></span> <span class='ocrx_word' id='word_1_415' title='bbox 996 4833 1172 4918; x_wconf 88' lang='lat' dir='ltr'><strong>diversum,</strong></span> <span class='ocrx_word' id='word_1_416' title='bbox 1194 4840 1293 4922; x_wconf 92' lang='lat' dir='ltr'><strong>atque</strong></span> <span class='ocrx_word' id='word_1_417' title='bbox 1314 4834 1421 4923; x_wconf 85' lang='lat' dir='ltr'><strong>illius,</strong></span> <span class='ocrx_word' id='word_1_418' title='bbox 1448 4853 1541 4921; x_wconf 88' lang='lat' dir='ltr'><strong>quero</strong></span> <span class='ocrx_word' id='word_1_419' title='bbox 1571 4833 1672 4902; x_wconf 87' lang='lat' dir='ltr'><strong>trater</strong></span> <span class='ocrx_word' id='word_1_420' title='bbox 1700 4834 1735 4902; x_wconf 93' lang='lat' dir='ltr'><strong>in</strong></span> <span class='ocrx_word' id='word_1_421' title='bbox 1764 4833 1977 4903; x_wconf 87' lang='lat' dir='ltr'><strong>Basilicorum</strong></span> <span class='ocrx_word' id='word_1_422' title='bbox 2008 4839 2085 4902; x_wconf 87' lang='lat' dir='ltr'><strong>tom.</strong></span> <span class='ocrx_word' id='word_1_423' title='bbox 2112 4831 2144 4900; x_wconf 88' lang='lat'><strong>1.</strong></span> <span class='ocrx_word' id='word_1_424' title='bbox 2177 4854 2253 4922; x_wconf 76' lang='lat' dir='ltr'><strong>pag.</strong></span> 
     </span>
    </p>
   </div>
   <div class='ocr_carea' id='block_1_12' title="bbox 355 5155 2267 5816">
    <p class='ocr_par' dir='ltr' id='par_1_12' title="bbox 355 5155 2267 5816">
     <span class='ocr_line' id='line_1_37' title="bbox 513 5155 2260 5226; baseline 0.001 -16"><span class='ocrx_word' id='word_1_425' title='bbox 513 5157 560 5219; x_wconf 82' lang='lat' dir='ltr'><strong>at)</strong></span> <span class='ocrx_word' id='word_1_426' title='bbox 577 5157 648 5210; x_wconf 76' lang='lat' dir='ltr'><strong>Vtile</strong></span> <span class='ocrx_word' id='word_1_427' title='bbox 670 5155 751 5210; x_wconf 59' lang='lat' dir='ltr'><strong>trfrttt</strong></span> <span class='ocrx_word' id='word_1_428' title='bbox 769 5159 925 5210; x_wconf 87' lang='lat' dir='ltr'><strong>tractatam:</strong></span> <span class='ocrx_word' id='word_1_429' title='bbox 950 5159 1034 5210; x_wconf 69' lang='lat' dir='ltr'><strong>[leber</strong></span> <span class='ocrx_word' id='word_1_430' title='bbox 1050 5159 1094 5210; x_wconf 83' lang='lat' dir='ltr'><strong>dte</strong></span> <span class='ocrx_word' id='word_1_431' title='bbox 1110 5159 1243 5210; x_wconf 79' lang='lat' dir='ltr'><strong>Nooeveo</strong></span> <span class='ocrx_word' id='word_1_432' title='bbox 1260 5159 1311 5209; x_wconf 86' lang='lat' dir='ltr'><strong>der</strong></span> <span class='ocrx_word' id='word_1_433' title='bbox 1328 5157 1564 5222; x_wconf 73' lang='lat' dir='ltr'><strong>npzonunactm</strong></span> <span class='ocrx_word' id='word_1_434' title='bbox 1582 5156 1684 5208; x_wconf 77' lang='lat' dir='ltr'><strong>Kotrer</strong></span> <span class='ocrx_word' id='word_1_435' title='bbox 1701 5158 1729 5206; x_wconf 93' lang='lat' dir='ltr'><strong>ln</strong></span> <span class='ocrx_word' id='word_1_436' title='bbox 1746 5157 1830 5209; x_wconf 91' lang='lat' dir='ltr'><strong>llbro:</strong></span> <span class='ocrx_word' id='word_1_437' title='bbox 1867 5157 2030 5224; x_wconf 75' lang='lat' dir='ltr'><strong>zettsctrttt</strong></span> <span class='ocrx_word' id='word_1_438' title='bbox 2051 5157 2104 5224; x_wconf 77' lang='lat' dir='ltr'><strong>sur</strong></span> <span class='ocrx_word' id='word_1_439' title='bbox 2127 5159 2182 5211; x_wconf 76' lang='lat' dir='ltr'><strong>dic</strong></span> <span class='ocrx_word' id='word_1_440' title='bbox 2208 5173 2260 5226; x_wconf 65' lang='grc' dir='ltr'><strong>ηε-</strong></span> 
     </span>
     <span class='ocr_line' id='line_1_38' title="bbox 359 5235 2261 5310; baseline -0.002 -15"><span class='ocrx_word' id='word_1_441' title='bbox 359 5243 530 5295; x_wconf 79' lang='lat' dir='ltr'><strong>rcltclrtltclre</strong></span> <span class='ocrx_word' id='word_1_442' title='bbox 546 5243 837 5307; x_wconf 77' lang='lat' dir='ltr'><strong>Reclrtsaolaseosctal&#39;t</strong></span> <span class='ocrx_word' id='word_1_443' title='bbox 852 5244 1067 5310; x_wconf 75' lang='lat' dir='ltr'><strong>berauspepebea</strong></span> <span class='ocrx_word' id='word_1_444' title='bbox 1084 5242 1611 5308; x_wconf 73' lang='lat' dir='ltr'><strong>mnsaotpnprom.v111.p.rro.</strong></span> <span class='ocrx_word' id='word_1_445' title='bbox 1675 5241 1722 5300; x_wconf 73' lang='lat'><strong>22)</strong></span> <span class='ocrx_word' id='word_1_446' title='bbox 1746 5256 1771 5304; x_wconf 92' lang='lat' dir='ltr'><strong>p.</strong></span> <span class='ocrx_word' id='word_1_447' title='bbox 1789 5241 1851 5292; x_wconf 70' lang='lat'><strong>2³4.</strong></span> <span class='ocrx_word' id='word_1_448' title='bbox 1878 5237 1911 5292; x_wconf 83' lang='lat' dir='ltr'><strong>od</strong></span> <span class='ocrx_word' id='word_1_449' title='bbox 1928 5235 2100 5310; x_wconf 72' lang='grc' dir='ltr'><strong><em>ιπεεστριλθη</em></strong></span> <span class='ocrx_word' id='word_1_450' title='bbox 2118 5241 2154 5293; x_wconf 68' lang='lat' dir='ltr'><strong>lv</strong></span> <span class='ocrx_word' id='word_1_451' title='bbox 2180 5247 2261 5298; x_wconf 73' lang='grc' dir='ltr'><strong>τοῖς</strong></span> 
     </span>
     <span class='ocr_line' id='line_1_39' title="bbox 359 5315 2264 5396; baseline -0.002 -18"><span class='ocrx_word' id='word_1_452' title='bbox 359 5329 559 5391; x_wconf 72' lang='grc' dir='ltr'><strong><em>λεγομένοις</em></strong></span> <span class='ocrx_word' id='word_1_453' title='bbox 574 5325 756 5390; x_wconf 72' lang='grc' dir='ltr'><strong><em>βασιλικῶν</em></strong></span> <span class='ocrx_word' id='word_1_454' title='bbox 772 5325 926 5391; x_wconf 72' lang='grc' dir='ltr'><strong><em>βιβλίοις.</em></strong></span> <span class='ocrx_word' id='word_1_455' title='bbox 977 5327 1024 5386; x_wconf 73' lang='grc'><strong>23)</strong></span> <span class='ocrx_word' id='word_1_456' title='bbox 1043 5315 1146 5390; x_wconf 55' lang='lat' dir='ltr'><strong>plaut.</strong></span> <span class='ocrx_word' id='word_1_457' title='bbox 1166 5323 1225 5377; x_wconf 73' lang='lat' dir='ltr'><strong>otor</strong></span> <span class='ocrx_word' id='word_1_458' title='bbox 1243 5322 1259 5392; x_wconf 80' lang='grc' dir='ltr'><em>ἡ</em></span> <span class='ocrx_word' id='word_1_459' title='bbox 1277 5323 1337 5396; x_wconf 79' lang='grc' dir='ltr'><strong><em>ρμ’.,</em></strong></span> <span class='ocrx_word' id='word_1_460' title='bbox 1356 5321 1413 5394; x_wconf 79' lang='grc' dir='ltr'><strong><em>ἥτις</em></strong></span> <span class='ocrx_word' id='word_1_461' title='bbox 1430 5324 1622 5396; x_wconf 70' lang='grc' dir='ltr'><strong>ἐπιγέγραπται</strong></span> <span class='ocrx_word' id='word_1_462' title='bbox 1641 5323 1708 5375; x_wconf 73' lang='grc' dir='ltr'><strong>κατὰ</strong></span> <span class='ocrx_word' id='word_1_463' title='bbox 1724 5325 1873 5376; x_wconf 60' lang='lat' dir='ltr'><strong>nordverto</strong></span> <span class='ocrx_word' id='word_1_464' title='bbox 1895 5323 1966 5376; x_wconf 72' lang='grc' dir='ltr'><strong><em>λύειν</em></strong></span> <span class='ocrx_word' id='word_1_465' title='bbox 1989 5321 2037 5376; x_wconf 74' lang='grc' dir='ltr'><strong>τὸν</strong></span> <span class='ocrx_word' id='word_1_466' title='bbox 2054 5321 2157 5390; x_wconf 72' lang='grc' dir='ltr'><strong><em>γάμον,</em></strong></span> <span class='ocrx_word' id='word_1_467' title='bbox 2184 5320 2264 5391; x_wconf 66' lang='grc' dir='ltr'><strong>αὕτη</strong></span> 
     </span>
     <span class='ocr_line' id='line_1_40' title="bbox 358 5397 2264 5482; baseline 0 -22"><span class='ocrx_word' id='word_1_468' title='bbox 358 5411 386 5462; x_wconf 74' lang='grc' dir='ltr'><strong>δὲ</strong></span> <span class='ocrx_word' id='word_1_469' title='bbox 404 5409 464 5462; x_wconf 71' lang='grc' dir='ltr'><strong><em>οὐδὲ</em></strong></span> <span class='ocrx_word' id='word_1_470' title='bbox 481 5408 517 5468; x_wconf 77' lang='grc' dir='ltr'><strong>εἰς</strong></span> <span class='ocrx_word' id='word_1_471' title='bbox 533 5407 564 5461; x_wconf 82' lang='grc' dir='ltr'><strong>τὸ</strong></span> <span class='ocrx_word' id='word_1_472' title='bbox 588 5407 686 5468; x_wconf 77' lang='grc' dir='ltr'><strong><em>πλάτος</em></strong></span> <span class='ocrx_word' id='word_1_473' title='bbox 709 5408 807 5480; x_wconf 74' lang='grc' dir='ltr'><strong><em>ἐγράφη</em></strong></span> <span class='ocrx_word' id='word_1_474' title='bbox 827 5413 879 5460; x_wconf 76' lang='grc' dir='ltr'><strong>τῶν</strong></span> <span class='ocrx_word' id='word_1_475' title='bbox 896 5413 1007 5482; x_wconf 76' lang='grc' dir='ltr'><strong><em>νεαρῶν,</em></strong></span> <span class='ocrx_word' id='word_1_476' title='bbox 1035 5407 1067 5469; x_wconf 73' lang='grc' dir='ltr'><strong>ὥς</strong></span> <span class='ocrx_word' id='word_1_477' title='bbox 1085 5397 1153 5462; x_wconf 70' lang='lat' dir='ltr'><strong>odone</strong></span> <span class='ocrx_word' id='word_1_478' title='bbox 1168 5407 1312 5462; x_wconf 82' lang='grc' dir='ltr'><strong><em>Ἰουστὶιου</em></strong></span> <span class='ocrx_word' id='word_1_479' title='bbox 1335 5407 1467 5472; x_wconf 77' lang='grc' dir='ltr'><strong><em>τοῦμετὰ</em></strong></span> <span class='ocrx_word' id='word_1_480' title='bbox 1490 5407 1539 5460; x_wconf 72' lang='grc' dir='ltr'><strong>τὸν</strong></span> <span class='ocrx_word' id='word_1_481' title='bbox 1553 5405 1741 5460; x_wconf 80' lang='grc' dir='ltr'><strong><em>Ἰσοστεειαιὸε</em></strong></span> <span class='ocrx_word' id='word_1_482' title='bbox 1757 5405 1966 5474; x_wconf 70' lang='grc' dir='ltr'><strong><em>βασιλεύσαντος.</em></strong></span> <span class='ocrx_word' id='word_1_483' title='bbox 2069 5407 2117 5474; x_wconf 69' lang='lat'><strong>81)</strong></span> <span class='ocrx_word' id='word_1_484' title='bbox 2138 5425 2173 5474; x_wconf 75' lang='lat' dir='ltr'><strong>p.</strong></span> <span class='ocrx_word' id='word_1_485' title='bbox 2195 5411 2264 5462; x_wconf 75' lang='lat'><strong>880.</strong></span> 
     </span>
     <span class='ocr_line' id='line_1_41' title="bbox 357 5489 2267 5566; baseline 0.001 -21"><span class='ocrx_word' id='word_1_486' title='bbox 357 5491 417 5545; x_wconf 74' lang='grc' dir='ltr'><strong><em>οὐδὲ</em></strong></span> <span class='ocrx_word' id='word_1_487' title='bbox 435 5491 451 5562; x_wconf 79' lang='grc' dir='ltr'><em>ἦ</em></span> <span class='ocrx_word' id='word_1_488' title='bbox 468 5491 531 5564; x_wconf 68' lang='grc' dir='ltr'><strong><em>ρξοί.</em></strong></span> <span class='ocrx_word' id='word_1_489' title='bbox 550 5493 721 5566; x_wconf 75' lang='grc' dir='ltr'><strong><em>κατεστρώθη</em></strong></span> <span class='ocrx_word' id='word_1_490' title='bbox 739 5495 766 5545; x_wconf 74' lang='lat' dir='ltr'><strong>dv</strong></span> <span class='ocrx_word' id='word_1_491' title='bbox 783 5497 839 5552; x_wconf 77' lang='grc' dir='ltr'><strong><em>τοῖς</em></strong></span> <span class='ocrx_word' id='word_1_492' title='bbox 854 5497 996 5558; x_wconf 78' lang='grc' dir='ltr'><strong><em>βασιλικοῖς</em></strong></span> <span class='ocrx_word' id='word_1_493' title='bbox 1013 5493 1080 5560; x_wconf 75' lang='grc' dir='ltr'><strong><em>(ἔστι</em></strong></span> <span class='ocrx_word' id='word_1_494' title='bbox 1098 5493 1125 5544; x_wconf 74' lang='grc' dir='ltr'><strong><em>δι’</em></strong></span> <span class='ocrx_word' id='word_1_495' title='bbox 1142 5492 1175 5556; x_wconf 74' lang='grc' dir='ltr'><strong>γ’.</strong></span> <span class='ocrx_word' id='word_1_496' title='bbox 1193 5492 1377 5552; x_wconf 59' lang='lat' dir='ltr'><strong>destrueretur</strong></span> <span class='ocrx_word' id='word_1_497' title='bbox 1393 5497 1490 5564; x_wconf 82' lang='grc' dir='ltr'><strong><em>ειαρῶι</em></strong></span> <span class='ocrx_word' id='word_1_498' title='bbox 1506 5493 1556 5542; x_wconf 79' lang='grc' dir='ltr'><strong>τοῦ</strong></span> <span class='ocrx_word' id='word_1_499' title='bbox 1574 5491 1704 5561; x_wconf 63' lang='grc' dir='ltr'><strong><em>Τιβερίου,</em></strong></span> <span class='ocrx_word' id='word_1_500' title='bbox 1723 5489 1755 5544; x_wconf 81' lang='grc' dir='ltr'><strong>οδ</strong></span> <span class='ocrx_word' id='word_1_501' title='bbox 1772 5490 1943 5564; x_wconf 71' lang='grc' dir='ltr'><strong><em>κατεστρώθη</em></strong></span> <span class='ocrx_word' id='word_1_502' title='bbox 1960 5489 2018 5556; x_wconf 82' lang='lat' dir='ltr'><strong>ot).</strong></span> <span class='ocrx_word' id='word_1_503' title='bbox 2102 5491 2165 5560; x_wconf 68' lang='lat'><strong>85)</strong></span> <span class='ocrx_word' id='word_1_504' title='bbox 2185 5495 2267 5550; x_wconf 77' lang='lat' dir='ltr'><strong>vada</strong></span> 
     </span>
     <span class='ocr_line' id='line_1_42' title="bbox 355 5573 2267 5649; baseline -0.002 -21"><span class='ocrx_word' id='word_1_505' title='bbox 355 5577 491 5630; x_wconf 79' lang='grc' dir='ltr'><strong><em>Ἀκλιιδοτα</em></strong></span> <span class='ocrx_word' id='word_1_506' title='bbox 509 5585 572 5630; x_wconf 87' lang='lat' dir='ltr'><strong>tom.</strong></span> <span class='ocrx_word' id='word_1_507' title='bbox 591 5582 611 5630; x_wconf 88' lang='lat'><strong>1.</strong></span> <span class='ocrx_word' id='word_1_508' title='bbox 631 5591 657 5641; x_wconf 81' lang='lat' dir='ltr'><strong>p.</strong></span> <span class='ocrx_word' id='word_1_509' title='bbox 676 5577 778 5630; x_wconf 78' lang='grc' dir='ltr'><strong>ΧΧΧΙ.</strong></span> <span class='ocrx_word' id='word_1_510' title='bbox 883 5576 929 5643; x_wconf 69' lang='lat'><strong>26)</strong></span> <span class='ocrx_word' id='word_1_511' title='bbox 947 5592 973 5640; x_wconf 87' lang='lat' dir='ltr'><strong>p.</strong></span> <span class='ocrx_word' id='word_1_512' title='bbox 994 5580 1054 5629; x_wconf 66' lang='grc'><strong>986.</strong></span> <span class='ocrx_word' id='word_1_513' title='bbox 1073 5573 1090 5644; x_wconf 77' lang='grc' dir='ltr'><strong><em>ἡ</em></strong></span> <span class='ocrx_word' id='word_1_514' title='bbox 1108 5575 1136 5628; x_wconf 71' lang='grc' dir='ltr'><strong>δὲ</strong></span> <span class='ocrx_word' id='word_1_515' title='bbox 1154 5573 1214 5649; x_wconf 73' lang='grc' dir='ltr'><strong><em>ρξε’.</em></strong></span> <span class='ocrx_word' id='word_1_516' title='bbox 1232 5575 1248 5644; x_wconf 78' lang='grc' dir='ltr'><strong><em>ἡ</em></strong></span> <span class='ocrx_word' id='word_1_517' title='bbox 1266 5577 1327 5648; x_wconf 80' lang='grc' dir='ltr'><strong><em>περὶ</em></strong></span> <span class='ocrx_word' id='word_1_518' title='bbox 1343 5575 1469 5639; x_wconf 61' lang='lat' dir='ltr'><strong>dadacum</strong></span> <span class='ocrx_word' id='word_1_519' title='bbox 1487 5573 1623 5641; x_wconf 75' lang='grc' dir='ltr'><strong><em>θαλάσσης</em></strong></span> <span class='ocrx_word' id='word_1_520' title='bbox 1640 5575 1812 5646; x_wconf 72' lang='grc' dir='ltr'><strong><em>κατεστρώθη</em></strong></span> <span class='ocrx_word' id='word_1_521' title='bbox 1828 5575 1876 5638; x_wconf 70' lang='grc' dir='ltr'><strong>μὲν</strong></span> <span class='ocrx_word' id='word_1_522' title='bbox 1892 5573 1921 5626; x_wconf 73' lang='grc' dir='ltr'><strong><em>λι</em></strong></span> <span class='ocrx_word' id='word_1_523' title='bbox 1936 5575 2026 5644; x_wconf 79' lang='grc' dir='ltr'><strong><em>βιβλληι</em></strong></span> <span class='ocrx_word' id='word_1_524' title='bbox 2043 5573 2092 5642; x_wconf 69' lang='grc' dir='ltr'><strong><em>ιη’.</em></strong></span> <span class='ocrx_word' id='word_1_525' title='bbox 2114 5580 2184 5630; x_wconf 63' lang='grc' dir='ltr'><strong>ταῖς</strong></span> <span class='ocrx_word' id='word_1_526' title='bbox 2210 5583 2267 5644; x_wconf 73' lang='grc' dir='ltr'><strong>βπ-</strong></span> 
     </span>
     <span class='ocr_line' id='line_1_43' title="bbox 356 5657 2267 5732; baseline 0.002 -20"><span class='ocrx_word' id='word_1_527' title='bbox 356 5663 467 5725; x_wconf 59' lang='lat' dir='ltr'><strong>odam,</strong></span> <span class='ocrx_word' id='word_1_528' title='bbox 484 5662 512 5714; x_wconf 71' lang='grc' dir='ltr'><strong>ἐν</strong></span> <span class='ocrx_word' id='word_1_529' title='bbox 527 5663 555 5714; x_wconf 73' lang='grc' dir='ltr'><strong>δὲ</strong></span> <span class='ocrx_word' id='word_1_530' title='bbox 571 5666 609 5730; x_wconf 74' lang='grc' dir='ltr'><strong>τῷ</strong></span> <span class='ocrx_word' id='word_1_531' title='bbox 625 5661 723 5728; x_wconf 78' lang='grc' dir='ltr'><strong><em>γύματι</em></strong></span> <span class='ocrx_word' id='word_1_532' title='bbox 740 5659 772 5712; x_wconf 78' lang='grc' dir='ltr'><strong>οὗ</strong></span> <span class='ocrx_word' id='word_1_533' title='bbox 789 5665 881 5724; x_wconf 79' lang='grc' dir='ltr'><strong><em>κεῖται,</em></strong></span> <span class='ocrx_word' id='word_1_534' title='bbox 898 5659 959 5712; x_wconf 78' lang='lat' dir='ltr'><strong>oddt</strong></span> <span class='ocrx_word' id='word_1_535' title='bbox 976 5658 1091 5732; x_wconf 69' lang='grc' dir='ltr'><strong><em>εὑρέθη,</em></strong></span> <span class='ocrx_word' id='word_1_536' title='bbox 1125 5659 1195 5718; x_wconf 67' lang='lat' dir='ltr'><strong>atros</strong></span> <span class='ocrx_word' id='word_1_537' title='bbox 1212 5660 1291 5712; x_wconf 67' lang='lat' dir='ltr'><strong>toris.</strong></span> <span class='ocrx_word' id='word_1_538' title='bbox 1410 5661 1439 5720; x_wconf 85' lang='lat' dir='ltr'><strong>l)</strong></span> <span class='ocrx_word' id='word_1_539' title='bbox 1458 5661 1500 5712; x_wconf 76' lang='lat' dir='ltr'><strong>Do</strong></span> <span class='ocrx_word' id='word_1_540' title='bbox 1524 5662 1575 5712; x_wconf 78' lang='lat' dir='ltr'><strong>hoo</strong></span> <span class='ocrx_word' id='word_1_541' title='bbox 1590 5657 1661 5713; x_wconf 79' lang='lat' dir='ltr'><strong>llbl&#39;o</strong></span> <span class='ocrx_word' id='word_1_542' title='bbox 1679 5657 1740 5710; x_wconf 70' lang='lat' dir='ltr'><strong>vide</strong></span> <span class='ocrx_word' id='word_1_543' title='bbox 1758 5659 1919 5726; x_wconf 69' lang='lat' dir='ltr'><strong>catalogum</strong></span> <span class='ocrx_word' id='word_1_544' title='bbox 1934 5661 2039 5726; x_wconf 54' lang='lat' dir='ltr'><strong>Regino</strong></span> <span class='ocrx_word' id='word_1_545' title='bbox 2056 5661 2267 5716; x_wconf 63' lang='lat' dir='ltr'><strong>bibliothecae</strong></span> 
     </span>
     <span class='ocr_line' id='line_1_44' title="bbox 356 5743 1509 5816; baseline -0.001 -20"><span class='ocrx_word' id='word_1_546' title='bbox 356 5747 518 5797; x_wconf 83' lang='lat' dir='ltr'><strong>Parisiensts</strong></span> <span class='ocrx_word' id='word_1_547' title='bbox 535 5753 598 5797; x_wconf 87' lang='lat' dir='ltr'><strong>tom.</strong></span> <span class='ocrx_word' id='word_1_548' title='bbox 617 5749 651 5798; x_wconf 92' lang='lat' dir='ltr'><strong>ll.</strong></span> <span class='ocrx_word' id='word_1_549' title='bbox 669 5761 695 5810; x_wconf 91' lang='lat' dir='ltr'><strong>p.</strong></span> <span class='ocrx_word' id='word_1_550' title='bbox 713 5745 774 5796; x_wconf 86' lang='lat' dir='ltr'><strong>aot.</strong></span> <span class='ocrx_word' id='word_1_551' title='bbox 793 5755 821 5797; x_wconf 86' lang='lat' dir='ltr'><strong>et</strong></span> <span class='ocrx_word' id='word_1_552' title='bbox 838 5747 1039 5798; x_wconf 76' lang='lat' dir='ltr'><strong>zaetartueura</strong></span> <span class='ocrx_word' id='word_1_553' title='bbox 1056 5747 1084 5796; x_wconf 91' lang='lat' dir='ltr'><strong>ln</strong></span> <span class='ocrx_word' id='word_1_554' title='bbox 1102 5745 1172 5797; x_wconf 86' lang='lat' dir='ltr'><strong>libro</strong></span> <span class='ocrx_word' id='word_1_555' title='bbox 1190 5743 1221 5797; x_wconf 79' lang='grc' dir='ltr'><strong><em>αι’</em></strong></span> <span class='ocrx_word' id='word_1_556' title='bbox 1236 5745 1317 5816; x_wconf 68' lang='grc' dir='ltr'><strong><em>ῥοιαὶ</em></strong></span> <span class='ocrx_word' id='word_1_557' title='bbox 1342 5760 1367 5809; x_wconf 87' lang='lat' dir='ltr'><strong>p.</strong></span> <span class='ocrx_word' id='word_1_558' title='bbox 1386 5743 1509 5796; x_wconf 76' lang='lat' dir='ltr'><strong>to—ctt.</strong></span> 
     </span>
    </p>
   </div>
   <div class='ocr_carea' id='block_1_13' title="bbox 0 0 2409 7060">
    <p class='ocr_par' dir='ltr' id='par_1_13' title="bbox 0 0 2409 7060">
     <span class='ocr_line' id='line_1_45' title="bbox 0 0 2409 7060; baseline 0 0"><span class='ocrx_word' id='word_1_559' title='bbox 0 0 2409 7060; x_wconf 95' lang='lat' dir='ltr'><strong> </strong></span> 
     </span>
    </p>
   </div>
  </div>
 </body>
</html>
