4748 7074
203 590 207 597 .
320 632 328 649 1
363 531 443 605 aas
539 505 547 519 '
1087 526 1506 599 aaunasonnun

362 718 513 806 nemque
534 723 570 784 et
590 716 652 782 boc
671 716 800 784 nomina
822 715 924 784 virum
945 715 978 782 in
999 721 1147 784 veterum
1175 713 1372 784 Graecorum
1401 715 1493 782 libris
1522 714 1743 801 contingendis
1769 713 1925 782 mmmm
1951 713 1985 780 in
2012 714 2064 781 ius
2083 717 2204 782 vocabi·
2301 791 2302 810 ρ

361 840 452 908 mus,
489 817 574 905 quod
609 815 822 884 Constantini
854 817 1099 904 Hurnceuopuli
1137 817 1179 884 ad
1216 816 1386 884 Iustiniani
1420 815 1561 901 Digesta
1586 814 1802 902 codicemque
1830 815 2014 882 laudaverit
2040 812 2204 908 scholiaq.
2301 833 2302 904 l

362 918 535 1004 Quaeres
562 923 597 986 et
624 915 767 984 inaudita
795 923 866 1005 est,
899 937 1005 1004 neque
1035 937 1095 1004 per
1122 917 1367 1003 chronologicas
1394 917 1540 983 rationes
1567 917 1630 983 ullo
1661 915 1755 982 modo
1776 917 1848 983 lieri
1868 917 1984 1003 potuit.
2034 912 2114 982 Cum
2135 920 2205 986 enin
2301 909 2302 1002 1

362 1023 443 1088 iuris
464 1020 631 1086 lastiniani
652 1017 723 1083 libri
744 1019 807 1084 iarn
835 1019 967 1084 sacculo
994 1025 1071 1105 post
1092 1017 1255 1085 Christum
1276 1025 1386 1086 natum
1411 1017 1578 1084 undecimo
1599 1015 1848 1104 duodecimoqne
1876 1016 2019 1103 neglecti
2039 1017 2206 1105 abiectiquc
2301 1063 2302 1112 ,

363 1143 423 1212 per
444 1129 545 1189 totam
567 1118 737 1186 Graeciam
757 1119 921 1208 iacerent,
956 1119 1030 1205 quid
1051 1118 1129 1186 milri
1149 1117 1307 1186 bominem
1328 1137 1461 1206 narras,
1492 1118 1547 1205 qui
1574 1118 1733 1186 trecentis
1754 1118 1849 1185 annm
1869 1125 1946 1206 post
1967 1117 2099 1187 cosdem
2120 1120 2205 1188 libros
2301 1131 2302 1158 ¹

365 1223 499 1291 scholiis
519 1219 733 1288 illustraverit
754 1211 848 1284 suis?

492 1388 548 1457 bix
575 1389 645 1478 bis,
678 1406 760 1474 quae
781 1387 885 1453 adbuc'
904 1387 939 1454 in
958 1387 1095 1454 medium
1115 1387 1318 1476 promimus,
1352 1385 1550 1472 argumentis
1571 1387 1675 1475 satis,
1700 1387 1830 1474 opinor,
1856 1387 1976 1474 liquet,
1999 1385 2208 1456 Coamerwin

368 1493 420 1562 bis
441 1493 538 1560 rebus
559 1488 738 1556 referendis
765 1486 861 1556 tidem
887 1507 951 1554 non
977 1494 1139 1554 constare.
1189 1488 1345 1574 Accedit,
1365 1488 1449 1574 quod
1471 1487 1554 1554 idem
1575 1489 1797 1554 concessoris
1817 1508 1949 1580 nomeu,
1977 1487 2063 1577 quod
2083 1489 2125 1554 iis
2146 1495 2209 1554 un-
2302 1539 2303 1564 .

367 1602 434 1662 tum
466 1589 710 1674 iureconsultis,
731 1588 784 1675 qui
805 1588 983 1655 Iustiniana
1005 1590 1159 1676 aequales
1187 1590 1314 1656 luerunt
1333 1590 1374 1656 ab
1396 1608 1480 1656 eave
1508 1593 1617 1654 aetate
1643 1609 1708 1656 non
1729 1590 1776 1656 ita
1796 1591 1926 1677 remoti,
1957 1589 2089 1656 attribui
2109 1589 2209 1656 meni·

365 1689 536 1785 rimosa),
571 1689 767 1776 temporibus
794 1689 907 1754 Basilii
934 1687 1170 1780 Macedonas)
1198 1691 1346 1778 adeoque
1369 1688 1575 1760 Constantini
1600 1686 1875 1781 llarmeuopuli4)
1905 1690 2083 1758 obtinuisse
2111 1697 2233 1777 auctor,

365 1797 427 1887 sitq
448 1793 594 1883 quodque
615 1790 820 1856 Balsamonis
841 1789 875 1856 in
897 1789 1042 1858 Basilica
1065 1792 1201 1880 scholia,
1222 1812 1304 1878 quae
1325 1792 1413 1858 nulla
1434 1793 1573 1877 luerunt,
1593 1786 1843 1880 audoveo-imp
1864 1791 2012 1879 quodque
2035 1791 2211 1858 Aristenun
2303 1783 2304 1830 l

365 1902 451 1962 inter
472 1893 682 1960 Basilicarum
704 1891 898 1958 scholiastes
919 1891 1067 1958 retulerit
1075 1888 1132 1982 ⁶);
1155 1893 1302 1979 quodque
1324 1888 1550 1983 lllodestini⁷J
1571 1887 1831 1983 Domninique⁸J
1852 1893 1978 1960 scholia
1998 1891 2039 1958 ad
2060 1892 2211 1960 Novello
2303 1909 2304 1948 l

366 1994 574 2066 constantini
600 1992 786 2077 lucanisque
814 1990 938 2077 scripta
965 1995 1281 2085 commemoraverit,
1314 1993 1397 2080 quod
1429 1993 1568 2080 denique
1595 1991 1781 2060 Simeonem
1808 1993 2017 2070 Attollatann,
2043 1993 2212 2062 Attulistae

365 2099 470 2186 illius,
490 2097 544 2182 qui
563 2094 671 2178 legum
692 2093 848 2179 synopsin
870 2093 1018 2182 scripsit,
1048 2100 1276 2180 pronepotem,
1305 2094 1510 2162 Constantini
1531 2093 1762 2179 Harmenopuli
1783 2099 2028 2181 praeceptorem
2049 2091 2209 2185 fecerim).

365 2195 456 2280 Quae
484 2195 609 2274 quidem
639 2195 744 2260 omnia
770 2212 840 2259 cum
861 2201 918 2260 aut
939 2194 1064 2260 omnino
1087 2194 1171 2260 falsa
1191 2195 1279 2277 sint,
1312 2203 1369 2262 aut
1394 2201 1484 2262 certe
1511 2193 1560 2260 ita
1585 2201 1788 2281 comparata,
1823 2199 1859 2260 ut
1880 2195 1960 2260 viris
1981 2214 2046 2260 non
2067 2215 2151 2264 sane
2169 2197 2211 2262 in·

366 2296 581 2365 consideratis
609 2294 738 2382 probari
758 2313 822 2360 non
844 2296 989 2383 possint,
1023 2295 1064 2364 de
1085 2296 1147 2364 hoc
1167 2296 1328 2383 scriptore
1349 2294 1541 2384 praedicare
1561 2293 1689 2382 licebit,
1723 2292 1808 2381 quod
1832 2300 1886 2362 est
1906 2293 1992 2381 apud
2013 2297 2211 2383 sapientissi-

366 2420 450 2470 auum
471 2398 687 2465 Romanorum
707 2401 852 2482 poetam:

881 2561 950 2630 Hic
970 2563 1065 2650 uiper
1085 2561 1159 2644 eat,¹
1179 2563 1270 2632 bunc
1291 2566 1344 2654 tu,
1373 2563 1544 2651 Bonane,
1573 2565 1698 2630 caneto.

369 2734 592 2801 Veruntamen
613 2751 655 2800 ne
678 2731 841 2799 Theodori
862 2728 1118 2818 Hermopolitani
1139 2731 1265 2819 quidem
1286 2751 1307 2799 a
1327 2735 1455 2801 nornine
1476 2733 1509 2800 in
1530 2751 1597 2800 rem
1618 2751 1709 2798 suam
1729 2733 1890 2800 vertendo
1911 2733 2052 2820 scriptor
2077 2733 2141 2800 istc
2163 2735 2212 2800 in·

323 2876 327 2882 ,
365 2835 617 2922 pudentissimos
644 2833 868 2901 abstinendum
894 2833 955 2898 sibi
987 2834 1123 2919 putavit.
1168 2833 1331 2901 Laudavit
1352 2837 1437 2900 euim
1458 2853 1546 2919 resp.
1567 2830 1600 2898 o.
1623 2839 1705 2900 sect.
1728 2831 1764 2900 ⁷.
1781 2825 1818 2920 'p.
1841 2831 1933 2900 400.
1956 2836 1999 2899 Α.
2022 2834 2213 2901 Theodorum

367 2935 611 3019 Hermopoliten
625 2935 676 3001 bis
696 2936 822 3002 verbisr
845 2936 909 3012 „ul
926 2937 1027 3020 aciae,
1050 2936 1158 3021 iuquit
1180 2930 1378 3002 Tuscana
1391 2935 1637 3020 Hermopolites
1651 2934 1777 3026 (schol.
1792 2931 1828 3000 3.
1842 2937 1873 3001 in
1888 2935 1920 3000 d.
1934 2936 1984 3001 tic
1997 2935 2039 3002 de
2052 2933 2214 3027 testibus),

366 3083 387 3115 „
396 3031 446 3100 ὅτι
467 3039 535 3100 ἔστι
555 3031 628 3099 πότ’
653 3034 704 3114 ἄν,
728 3033 777 3101 ὅτι
799 3038 855 3100 καὶ
877 3043 1061 3116 συγγενέσιν
1082 3033 1201 3114 ἔξεστιν
1221 3032 1298 3118 ὑπὲρ
1320 3037 1384 3100 τῶν
1405 3036 1567 3118 συγγενῶν
1579 3045 1762 3124 μαρτυρεῖν,
1785 3033 1934 3102 οὐδέποτε
1952 3037 1986 3101 δὲ
2002 3034 2079 3100 κατ’
2104 3036 2210 3102 αὐτον.

366 3145 462 3214 „acio
482 3137 516 3200 al
537 3133 662 3212 δούλοις
689 3141 745 3202 καὶ
774 3133 1003 3220 ἀπελευθέροις
1031 3131 1205 3220 οὐδέτερον.
1214 3143 1235 3174 “
1278 3135 1381 3202 Porro
1402 3155 1491 3222 resp.
1514 3133 1549 3202 6.
1570 3141 1650 3202 sect.
1674 3133 1710 3200 3.
1732 3157 1764 3222 p.
1788 3134 1880 3202 374.
1902 3137 1952 3202 lna
1979 3131 2212 3224 „Theodoram
2306 3165 2307 3220 ς

366 3235 514 3323 ‚,inquit,
542 3233 784 3320 Hermopolites
812 3233 872 3324 (ia
893 3235 1003 3320 eclope
1028 3233 1250 3300 Noueuonrm
1277 3234 1443 3324 ar.11.).·
1485 3231 1573 3302 κατὰ
1599 3239 1657 3318 μὲν
1686 3239 1750 3302 τῶν
1777 3238 1937 3304 δικαστῶν
1963 3241 2013 3304 ἐπὶ
2043 3240 2214 3325 δωροδοκίᾳ
2306 3229 2307 3240 ’

367 3383 388 3414 ,,
396 3336 542 3424 φανερῶς
568 3331 765 3401 ἀδικούντων
791 3335 913 3416 διέταξε
939 3333 1022 3418 μετὰ
1042 3333 1118 3412 τοὺς
1143 3334 1302 3412 παλαιοὺς
1328 3333 1582 3414 Κωνσταντῖνος
1602 3341 1659 3402 καὶ
1680 3340 1774 3404 Λέων
1795 3336 1977 3428 αὐστηρῶς,
1996 3337 2085 3404 κατὰ
2105 3341 2138 3404 δὲ
2158 3339 2214 3402 τῶν

367 3441 427 3513 ,,ἐν
448 3437 563 3521 ἱερεῦσι
583 3440 640 3501 καὶ
661 3430 842 3522 ἀρχιερεῦσι
871 3437 1019 3525 φοβερῶν
1047 3437 1295 3521 αἰσχροκερὸιῶν
1322 3435 1377 3502 διὰ
1398 3439 1452 3515 τῆς
1478 3440 1598 3524 μιαρᾶς
1630 3443 1800 3519 σιμῶνείοις
1821 3435 1839 3503 ὁ
1861 3439 1955 3515 θεῖος
1975 3442 2032 3506 καὶ
2054 3439 2213 3522 ι’σιὶγγιλος

367 3583 387 3614 ,,
402 3533 567 3622 Ταράσιος
609 3534 690 3618 μετὰ
724 3533 799 3614 τούς
834 3534 975 3613 κανόνας
1009 3539 1066 3602 καὶ
1106 3534 1182 3613 τοὺς
1216 3533 1319 3603 πάλαι
1352 3536 1465 3620 ἁγίους
1501 3547 1657 3628 πατέρας,
1698 3533 1774 3603 ἀλλ’
1815 3535 1905 3604 οὐδὲν
1939 3537 2017 3622 πρὸς
2051 3538 2212 3626 ὠφέλειαν.

365 3633 612 3730 „acaprioaovcr
630 3635 693 3721 γὰρ
715 3634 854 3713 ἅπαντες
875 3635 913 3702 τὸ
935 3631 1098 3724 ἁῴνητον,
1126 3635 1200 3703 ἀλλ’
1225 3643 1258 3704 σι’
1283 3639 1340 3720 μὲν
1362 3635 1495 3726 λάθρα,
1523 3643 1556 3704 οἱ
1576 3639 1610 3703 dt
1630 3641 1785 3734 φανερῶς.
1796 3643 1816 3675 “
1874 3638 1927 3705 De
1956 3638 2007 3705 bis
2035 3639 2116 3706 lacis
2146 3635 2212 3726 quid
2307 3719 2308 3730 ρ

367 3733 570 3800 iudicandum
592 3738 653 3824 sit,
679 3756 722 3802 ex
743 3739 800 3824 iis,
831 3757 913 3825 qnae
934 3758 1033 3826 supra
1058 3739 1240 3826 attulimus,
1275 3738 1359 3805 satis
1386 3744 1536 3826 apparet.
1594 3737 1730 3827 ltaque,
1758 3758 1800 3807 ne
1825 3739 1915 3807 multi
1941 3759 2018 3810 esse
2044 3741 2214 3826 videamur,

367 3835 412 3904 sit
433 3835 495 3900 iana
517 3833 568 3899 bic
589 3835 681 3904 buius
703 3837 930 3925 disputationis
950 3838 1030 3908 uus.
1702 3847 1705 3852 '

518 4193 547 4256 1)
565 4195 646 4258 ncsp.
669 4194 694 4242 3.
716 4198 783 4244 sect.
805 4194 830 4244 1.
855 4209 881 4260 p.
904 4195 964 4246 143.
982 4195 1023 4248 la:
1049 4197 1181 4260 quantam
1198 4193 1273 4244 nobis
1289 4193 1387 4259 ubique
1403 4196 1534 4258 taperunt
1549 4199 1606 4247 ctrrc
1622 4199 1650 4247 tn
1670 4198 1811 4263 llipeamm
1826 4211 1861 4250 ac
1879 4197 2002 4249 odonem
2017 4201 2218 4251 luculentiscind

365 4279 561 4329 commentarii.
578 4303 613 4312 -
646 4279 729 4340 Besp.
745 4278 771 4327 4.
788 4285 855 4330 sect.
872 4279 897 4328 4.
915 4294 941 4342 p.
958 4281 1018 4328 238.
1037 4280 1061 4329 b.
1080 4278 1232 4343 Confirmat
1248 4279 1314 4328 iaec
1331 4281 1359 4328 ct
1375 4281 1539 4332 luculentius
1556 4283 1584 4332 et
1599 4281 1706 4332 doctius
1720 4283 1940 4347 Harmenopuluc
1956 4285 2049 4334 noster
2065 4285 2110 4344 (tn
2125 4285 2215 4333 adnot

366 4363 404 4412 ard
420 4362 481 4411 libr.
500 4361 630 4412 Puudcct.
648 4362 686 4410 ad
703 4363 745 4412 tu.
763 4363 883 4412 deluat
901 4365 998 4412 attur.
1016 4363 1103 4414 cabul.
1122 4361 1190 4423 dl.)
1213 4363 1318 4412 dicens:
1341 4360 1414 4430 adop
1429 4363 1464 4430 τῇ
1480 4363 1598 4429 βασιλείᾳ
1615 4371 1643 4414 et
1660 4370 1728 4415 caet.
1745 4391 1780 4402 -
1813 4367 1880 4417 lbid.
1897 4381 1922 4429 p.
1939 4366 1999 4417 280.
2017 4368 2055 4417 la:
2073 4369 2156 4418 aaa
2171 4369 2218 4418 duc

366 4447 453 4509 iprum
470 4445 690 4508 Harmcrrupulus
707 4447 799 4496 noster
816 4443 862 4507 (tn
879 4447 905 4496 d.
924 4449 966 4498 tit.
985 4447 1018 4496 dc
1034 4447 1099 4496 tuat.
1115 4449 1143 4498 et
1158 4449 1213 4498 tur.
1230 4448 1313 4496 sebui.
1332 4443 1409 4507 79).
1427 4471 1463 4482 ·-
1496 4447 1562 4498 lbid.
1578 4455 1645 4498 sect.
1662 4451 1687 4498 5.
1705 4464 1730 4513 p.
1742 4449 1802 4500 341.
1820 4451 1860 4500 b.:
1878 4453 1923 4500 cui
1939 4452 2126 4515 adstipulatur
2140 4452 2216 4500 llar-

366 4531 526 4593 ιιιιιγιιιε
542 4528 588 4591 (ιι
605 4528 649 4578 ru.
670 4525 696 4578 ι.
713 4526 744 4592 ff.
763 4531 804 4578 ιιι.
824 4527 879 4592 a).
896 4555 931 4566 -
964 4527 1031 4577 rard.
1048 4534 1114 4580 secr.
1131 4531 1157 4580 s.
1172 4511 1200 4593 ὶι.
1218 4531 1277 4579 aas.
1295 4532 1320 4580 o.
1342 4530 1503 4580 dorostro
1525 4545 1586 4582 cnm
1604 4533 1807 4598 aarmmopao
1824 4534 1879 4596 (ιι
1895 4535 1936 4584 ιιι.
1955 4533 2085 4584 nasone
2103 4537 2134 4585 ιι
2150 4535 2217 4584 rust.

366 4615 393 4662 rt
409 4611 489 4673 lar.)
506 4614 579 4662 ratio
596 4613 736 4662 naturalis
752 4614 813 4676 ipsa
828 4611 962 4678 probabit.
980 4637 1013 4647 -
1038 4613 1105 4662 lbid.
1123 4628 1148 4676 p.
1165 4615 1224 4662 373.
1244 4615 1282 4662 b.:
1307 4615 1386 4663 imaro
1406 4615 1501 4677 protam
1525 4615 1553 4664 ld
1568 4616 1657 4678 ipsum
1679 4617 1773 4667 testati
1788 4621 1902 4682 praeter
1920 4617 2148 4683 Harmenopulum
2165 4619 2219 4677 (ad

366 4697 408 4745 tit.
427 4695 557 4747 Paadcct.
575 4697 609 4747 de
625 4696 745 4758 Adnuit).
763 4721 797 4731 -
830 4697 911 4757 Resp.
927 4699 953 4744 3.
976 4701 1043 4746 sect.
1066 4696 1090 4746 1.
1108 4711 1133 4761 p.
1156 4699 1215 4748 283.
1240 4697 1278 4746 b.:
1302 4699 1330 4748 et
1352 4698 1572 4760 Hameuopulus
1596 4701 1641 4762 (in
1659 4703 1701 4750 tit.
1719 4701 1850 4752 Paadcct.
1868 4703 1901 4752 dc
1917 4701 1964 4767 off.
1984 4703 2075 4766 dud).
2090 4728 2124 4739 -
2154 4702 2218 4752 lbid.

365 4783 433 4828 sect.
450 4781 476 4827 3.
493 4793 519 4842 p.
536 4780 595 4830 300.
613 4781 652 4830 b.:
677 4781 768 4842 Quare
783 4780 810 4830 ct
828 4781 1049 4845 Harmcaupulua
1071 4783 1164 4831 noster
1190 4781 1235 4844 (d.
1254 4783 1296 4831 ttt.
1314 4781 1442 4832 Pandect.
1460 4781 1579 4832 deluat.
1598 4785 1626 4832 ct
1641 4785 1728 4849 tun),
1754 4781 1811 4834 odd'
1839 4784 2051 4854 ἐπιχειρήμασιν,
2072 4789 2168 4852 unqua,
2192 4793 2219 4834 et

367 4867 435 4912 caat.
453 4889 487 4898 -
521 4864 720 4928 Harmenopult
736 4865 943 4914 commentarios
959 4866 988 4914 in
1007 4863 1129 4916 vorticem
1145 4866 1263 4916 laudavit
1278 4865 1429 4916 Gomncnua
1447 4875 1517 4926 resp.
1534 4867 1560 4914 a.
1577 4871 1644 4916 sect.
1662 4871 1689 4916 d.
1707 4883 1732 4930 p.
1749 4868 1809 4918 331.
1827 4869 1852 4918 b.
1870 4869 1943 4920 Nam
1960 4873 1989 4920 ct
2004 4870 2217 4933 llarmcnapmlus

366 4947 465 5006 (relat.
486 4944 555 5000 108.
576 4950 604 5004 in
623 4947 764 5008 codicem)
787 4949 829 4997 ait
852 4943 899 4996 τὸν
922 4949 1051 5006 σφαλέντα
1074 4951 1101 4996 et
1124 4953 1193 4998 caet.
1324 4949 1354 5008 2)
1371 4948 1440 4997 Vide
1457 4945 1605 5000 arenarum
1633 4952 1661 4999 lu
1685 4952 1769 5002 libro:
1800 4953 1931 5016 Bcitrri'pc
1953 4967 2007 5004 aar
2030 4953 2150 5003 naraon
2172 4953 2219 4999 dra

365 5031 439 5081 Just.
460 5029 560 5081 Codea.
578 5046 603 5093 p.
621 5031 663 5082 31.
764 5033 794 5091 3)
811 5033 891 5094 Resp.
909 5032 935 5081 0.
952 5037 1018 5081 sect.
1035 5033 1061 5080 ’1.
1078 5045 1105 5094 p.
1121 5031 1180 5080 400.
1197 5032 1238 5080 la:
1258 5031 1422 5082 Tbatclacas
1435 5031 1597 5083 Antecrraar
1614 5031 1662 5095 (in
1680 5033 1786 5085 Novati.
1806 5037 1902 5086 Basilii
1921 5037 2046 5088 Macedo.
2065 5038 2143 5101 incip.
2157 5049 2217 5084 αισι

366 5115 496 5166 bonoratur
512 5119 629 5164 oninium
646 5129 716 5164 uera.
735 5111 776 5164 διὸ
794 5111 989 5177 devastanda).
1006 5143 1039 5154 -
1074 5117 1154 5177 Reap.
1171 5117 1197 5163 5.
1214 5109 1281 5164 beat.
1298 5117 1324 5164 3.
1342 5115 1444 5178 11330.
1461 5127 1500 5164 a.:
1519 5115 1682 5166 Erariatbius
1698 5117 1859 5169 Antecesaor
1874 5121 1920 5182 (in
1937 5122 2019 5170 schol.
2037 5122 2076 5170 ad
2093 5121 2156 5170 Nar.
2170 5116 2221 5167 10.

367 5197 476 5259 lacon).
576 5198 606 5256 4)
623 5200 703 5260 Resp.
720 5199 746 5246 3.
762 5203 829 5253 sect.
849 5200 874 5249 1.
892 5212 917 5261 p.
934 5197 993 5247 143.
1015 5199 1054 5248 b:
1077 5201 1110 5249 ut
1129 5199 1367 5262 (llarmcnopulus)
1390 5200 1617 5263 duodetrtpccimo
1637 5204 1739 5252 astutia
1755 5217 1830 5253 anno
1846 5203 2032 5255 Antecesserat
2048 5219 2140 5255 nornen
2157 5217 2217 5253 me·

278 5274 283 5283 '
367 5284 465 5332 ruerit.
582 5283 613 5339 3)
631 5283 710 5344 Resp.
728 5283 754 5329 3.
771 5287 836 5334 sect.
855 5281 879 5332 1.
896 5297 922 5346 p.
938 5282 998 5331 333.
1016 5283 1055 5332 b.:
1079 5282 1153 5332 idem
1172 5283 1249 5333 docet
1264 5286 1291 5334 ct
1308 5283 1457 5334 Butaaaaoa
1474 5283 1529 5345 (ad
1545 5283 1590 5334 ru.
1611 5281 1637 5334 1.
1656 5287 1698 5336 tit.
1715 5287 1742 5336 3.
1764 5285 1927 5350 dammas).
2053 5289 2084 5347 3)
2100 5291 2175 5351 liasp.
2194 5290 2222 5336 5.

269 5409 273 5417 .
366 5368 433 5415 sect.
450 5365 476 5414 1.
493 5380 518 5428 p.
535 5365 594 5414 283.
612 5379 652 5414 aa
677 5366 852 5430 Quapropter
863 5365 1007 5418 Aristaenus
1028 5365 1084 5426 (ad
1106 5367 1146 5416 tlt.
1165 5365 1302 5417 aearum
1319 5367 1352 5417 dc
1367 5367 1493 5432 probat.)
1520 5363 1704 5434 dicacitate,
1730 5373 1777 5432 ait,
1799 5375 1827 5420 et
1851 5375 1919 5421 caet.
2054 5372 2084 5432 7)
2101 5375 2174 5434 amp.
2194 5371 2221 5417 a.

367 5453 434 5497 sect.
450 5449 476 5496 7.
493 5462 520 5512 p.
537 5447 596 5498 403.
614 5461 652 5498 a:
676 5448 847 5499 Modestinus·
864 5447 920 5508 (ad
936 5449 1042 5500 Novati.
1061 5449 1152 5501 aaut.
1171 5451 1198 5500 ct
1212 5450 1295 5500 Ιιιοιι.
1313 5452 1342 5499 iu
1359 5452 1401 5500 tit.
1419 5451 1452 5502 dc
1469 5453 1529 5502 tect.
1547 5465 1574 5502 a.
1593 5449 1645 5512 4.).
1764 5453 1794 5513 8)
1812 5453 1878 5504 lbid.
1895 5469 1922 5519 p.
1939 5451 1998 5505 403.
2016 5466 2055 5506 a:
2074 5455 2221 5509 donnaus

264 5517 269 5529 '
287 5604 295 5617 ι
369 5531 424 5592 (ιι
441 5545 488 5582 ιιι
504 5531 531 5581 o.
551 5531 658 5584 norat.
675 5533 702 5587 a.
720 5535 762 5584 ur.
780 5534 813 5584 ιι
830 5535 890 5586 ιιιι.
908 5536 937 5584 ιι
951 5533 1028 5599 pap
1128 5534 1159 5592 o)
1177 5535 1258 5598 asp.
1274 5534 1299 5582 c.
1317 5538 1384 5582 ιιιι.
1401 5535 1426 5583 a.
1443 5549 1470 5597 p.
1488 5535 1546 5585 rsa.
1564 5536 1590 5586 ο.
