4802 7060
776 1297 1412 1410 PROLEGOMEN
1420 1303 1496 1408 A.

319 1705 441 1835 Quam
464 1755 604 1823 difficilis
625 1757 671 1824 sit
689 1753 865 1827 Ἀνέκδοτιι
880 1759 1044 1828 tractandi
1061 1761 1156 1848 ratio,
1177 1759 1243 1847 nbi,
1264 1777 1390 1846 quoquo
1408 1756 1611 1846 ingrediare,
1637 1757 1711 1845 ipse
1728 1756 1792 1826 iter
1812 1757 1916 1828 iacias
1939 1767 2081 1848 oportet,

198 1860 228 1928 si
249 1878 389 1947 unquam
410 1858 505 1948 alias,
534 1862 566 1924 in
588 1859 649 1926 boc
671 1865 761 1926 certe
783 1863 913 1948 quidem
941 1862 1104 1928 volumine
1133 1859 1329 1928 elaborando
1358 1865 1529 1946 expertum
1557 1879 1609 1928 me
1637 1879 1716 1928 csse
1744 1863 1886 1946 ingenue
1907 1863 2076 1932 confiteor.

198 1963 315 2049 Neque
342 1979 405 2046 ego
426 1960 488 2026 hoo
509 1959 583 2026 ideo
605 1960 691 2045 dixi,
720 1968 755 2028 ut
777 1963 984 2048 arrogantiae
1012 1965 1192 2050 nimiaeque
1222 1961 1286 2028 mei
1313 1961 1416 2046 ipsius
1449 1959 1588 2028 fiduciae
1616 1962 1759 2028 cuminis
1787 1963 2005 2050 suspicionem
2025 1967 2080 2032 ei-

197 2063 351 2149 fugerem,
373 2061 434 2127 sed
456 2069 491 2127 ut
512 2081 666 2150 errorum,
688 2083 770 2149 quos
792 2063 979 2150 imprudens
1000 2063 1149 2150 adeoque
1178 2063 1300 2130 invitus
1329 2063 1560 2148 commiserim,
1584 2062 1669 2151 apud
1699 2065 1841 2130 arbitros
1867 2084 1931 2132 nou
1953 2066 2081 2153 iniquos

195 2169 287 2232 certo
309 2163 447 2248 aliquam
469 2163 645 2250 allegarem
667 2165 924 2231 excusationem.
967 2165 1046 2252 lpse
1068 2165 1142 2232 dum
1163 2167 1276 2232 librum
1295 2165 1369 2249 lego
1392 2163 1581 2253 relegoquc,
1600 2165 1776 2256 quaedam,
1799 2164 1940 2253 quaein
1961 2166 2079 2234 mendo

196 2265 365 2350 cubabant,
385 2263 464 2343 vidi,
487 2267 627 2350 visaque
649 2265 830 2332 emendavi.
860 2266 981 2333 Verum
996 2269 1145 2354 numquis
1161 2267 1194 2333 in
1210 2267 1270 2333 boc
1288 2267 1570 2352 perspicacissimo
1591 2267 1723 2334 saeculo
1746 2265 1904 2333 dubitabit
1925 2267 2077 2352 intumum,

196 2365 260 2454 qni,
282 2383 367 2452 quae
388 2383 451 2450 ego
473 2384 543 2430 cum
565 2386 688 2432 somma
710 2369 871 2433 oculorum
894 2369 1074 2434 intentione
1103 2367 1219 2434 videre
1248 2387 1312 2433 non
1341 2367 1517 2454 potuerim,
1545 2369 1620 2454 ipse
1648 2367 1752 2455 primo
1773 2374 1912 2455 aspectu
1934 2359 2078 2436 cernat?

195 2467 253 2549 Sic
274 2471 383 2533 maren
405 2485 535 2554 semper
556 2467 632 2532 mibi
653 2469 814 2555 persuasi,
836 2477 873 2534 ut
893 2477 946 2535 est
968 2468 1054 2556 apud
1076 2469 1352 2555 sapientissimum
1373 2474 1521 2554 poetam:

641 2567 709 2634 Eat
729 2571 876 2656 quodum
894 2573 1035 2656 prodire
1055 2575 1173 2658 tenua,
1200 2573 1232 2637 ai
1251 2589 1322 2636 aon
1343 2570 1446 2634 datur
1466 2569 1567 2635 ultro.
1910 2653 1915 2664 ι

194 2663 338 2755 Cumque
365 2668 426 2736 boc
455 2669 533 2735 mibi
562 2671 725 2756 negotium
747 2670 858 2737 datum
880 2689 958 2738 esse
986 2671 1152 2760 viderem,
1179 2681 1214 2738 ut
1235 2672 1323 2748 huic,
1353 2687 1448 2756 quem
1469 2669 1543 2758 edo,
1571 2677 1658 2739 tomo
1678 2671 1722 2740 ad
1743 2670 1881 2740 eundem
1902 2669 1981 2758 lere,
2009 2689 2073 2759 quo

193 2770 227 2836 in
256 2771 358 2858 primo
388 2789 467 2836 usus
495 2791 585 2856 snm,
627 2771 753 2838 modum
784 2773 904 2860 aliquid
936 2774 1124 2862 praefarer,
1154 2773 1253 2840 talem
1283 2777 1471 2858 tantumque
1498 2771 1643 2840 laborem
1674 2794 1738 2840 non
1759 2777 1904 2860 'gravate
1931 2773 2077 2860 suscepi,

192 2891 255 2940 nou
278 2890 340 2960 quo
361 2871 499 2959 singula,
520 2891 603 2958 quae
625 2872 686 2938 hoc
707 2873 871 2940 volumine
892 2873 1222 2962 comprehenduntur,
1251 2871 1407 2959 opuscula
1427 2873 1509 2938 viris
1532 2872 1640 2940 doctis
1662 2875 1937 2960 commendarem,
1963 2895 2076 2942 verum

192 2979 227 3054 ut
247 2992 337 3061 eam,
358 2991 452 3059 quam
474 2973 577 3039 semel
600 2991 740 3040 exorsus
762 2994 851 3060 sum,
883 2977 981 3043 telam
1010 2981 1228 3062 pertexerem.
1271 2975 1311 3039 ln
1338 2993 1400 3060 quo
1431 2973 1586 3054 eandem,
1613 2993 1708 3062 quam
1729 2975 1764 3040 in
1793 2977 1972 3063 superioris
2001 2976 2075 3042 libri

190 3075 428 3164 prolegomenis
445 3074 691 3140 conscribendis
704 3076 845 3160 ingrcssi
866 3095 989 3162 sumus,
1012 3078 1099 3144 vium
1114 3093 1298 3162 sequemur,
1321 3083 1356 3140 ut
1369 3083 1486 3161 tamen,
1508 3095 1591 3162 quae
1605 3075 1679 3144 huic
1693 3082 1780 3142 tomo
1801 3077 1981 3162 praefanda
1995 3095 2075 3145 esse

190 3176 360 3264 videntur,
387 3176 515 3241 omnino
544 3177 651 3242 omnia
682 3177 716 3242 in
745 3197 839 3242 unum
871 3176 973 3244 locum
1005 3178 1224 3244 coniiciamns.
1276 3180 1328 3241 lta
1355 3195 1399 3242 ex
1428 3177 1486 3242 tali
1512 3183 1669 3264 tantaque
1697 3179 1879 3262 argumenti
1906 3179 2073 3246 varietate

189 3296 251 3345 sex
273 3277 530 3364 prolegomenmo
552 3277 661 3362 capita
682 3277 843 3364 exierunt,
865 3297 996 3364 qnorum
1019 3281 1120 3366 primo
1143 3277 1186 3344 de
1207 3277 1378 3343 lustiuiani
1401 3275 1532 3344 Codicis
1553 3297 1677 3346 summa
1698 3277 1858 3346 Perusina
1879 3279 2074 3367 videbimus,

190 3398 253 3466 qna
272 3379 305 3443 in
328 3384 418 3445 terra
438 3378 618 3465 quibusque
639 3381 840 3465 temporibus
863 3381 988 3464 scripta
1010 3381 1071 3462 sitq
1094 3380 1214 3448 deinde
1229 3382 1326 3448 etiam
1350 3379 1533 3456 utilitatem,
1555 3397 1639 3464 quae
1659 3377 1779 3446 exinde
1792 3379 1835 3446 ad
1855 3381 2073 3448 lastinianum

189 3479 342 3546 Codicem
364 3485 399 3545 et
421 3478 655 3546 emendandum
687 3487 722 3544 ct
748 3479 862 3546 critica
883 3486 956 3546 arte
984 3487 1019 3547 et
1046 3482 1219 3570 disciplina
1244 3481 1489 3569 perpoliendum
1512 3477 1732 3574 redundatura
1753 3481 1816 3568 sit,
1840 3482 1954 3568 paucis
1976 3483 2072 3570 qnasi

187 3581 282 3648 bneis
298 3580 568 3648 adumbrabimus.
598 3580 752 3647 Secundo
766 3589 874 3647 autem
888 3583 997 3668 capite
1015 3582 1057 3650 de
1071 3585 1265 3651 collectione
1278 3583 1375 3650 XXV
1388 3581 1598 3668 capitulorum
1613 3597 1758 3670 agemus,
1779 3583 1894 3669 quibus
1912 3601 1954 3648 ex
1976 3582 2070 3650 libris

187 3683 416 3768 manuscriptis
438 3682 556 3747 bansta
578 3681 638 3759 sit,
667 3681 857 3768 qualemque
885 3684 1054 3750 historiam
1083 3693 1149 3751 tam
1176 3684 1261 3772 apud
1291 3683 1441 3751 Graecos
1468 3683 1685 3770 interpretes,
1719 3702 1812 3769 quam
1842 3682 1927 3770 apud
1950 3703 2072 3752 recen-

187 3785 302 3852 tiorum
325 3790 504 3869 temporum
526 3782 764 3848 iureconsultus
785 3782 953 3874 babuerit,
973 3787 1205 3853 enarrabimus.
1257 3787 1372 3854 Tertio
1403 3785 1511 3870 capite
1538 3802 1657 3868 corpus
1686 3783 1883 3850 LXXXVII
1910 3786 2072 3871 capitulo-

185 3905 273 3972 rum,
294 3886 335 3952 ab
356 3884 502 3949 lobanne
523 3881 731 3950 Scholastica
754 3885 941 3969 patriarcba
963 3885 1328 3976 Constantinopolitano
1350 3885 1545 3973 coniectum,
1571 3883 1614 3950 ad
1641 3883 1798 3970 cundem,
1826 3885 1974 3972 quentin
1996 3887 2072 3954 ool-

181 3987 327 4054 lectione
349 3985 445 4051 XXV
468 3985 678 4071 capitulorum
706 3983 899 4052 illustranda
928 3987 1163 4072 observamus,
1200 3989 1327 4056 modum
1349 3985 1572 4054 tractabimus.
1617 3982 1740 4066 Quarto
1770 3987 1878 4072 capite
1906 3987 2071 4070 Anonymi

178 4086 357 4173 scriptoris
378 4083 537 4168 σύντομος
556 4087 715 4168 διαίρεσις
743 4087 808 4151 τῶν
829 4089 951 4172 νεαρῶν
978 4091 1040 4154 τοῦ
1064 4087 1300 4156 Ἰουστιιιιαιιοῦ
1328 4088 1414 4155 unde
1444 4085 1563 4153 hausta
1591 4087 1652 4174 sit,
1682 4086 1840 4172 quibusve
1869 4089 2069 4174 temporibus

180 4187 325 4273 scripta,
353 4185 508 4252 dicemus.
553 4184 673 4268 Quinto
701 4185 840 4254 indicem
869 4189 1080 4256 Novellarum
1106 4191 1277 4278 Reginae,
1317 4189 1408 4254 cuius
1435 4197 1561 4274 partem
1589 4185 1727 4252 lacobus
1759 4184 1911 4256 Calauius
1947 4189 2069 4258 Latine

182 4287 309 4374 edidit,
339 4293 463 4353 sartum
486 4293 606 4356 tectum
628 4288 874 4377 praestabimus.
926 4289 1080 4379 Denique
1099 4303 1198 4360 ,sexto
1220 4289 1330 4376 capite
1350 4289 1424 4356 libri
1446 4287 1488 4356 de
1508 4287 1644 4375 peculiis
1664 4287 1779 4357 inediti
1800 4287 1932 4358 codices
1953 4308 2068 4362 manu-

180 4389 329 4478 scriptos
350 4388 579 4457 describemus.
1409 4401 1417 4422 “

941 4747 1221 4828 CAPUT
1272 4747 1302 4824 1.

736 4899 793 4968 De
816 4899 999 4969 durboioui
1021 4899 1157 4969 Callida
1177 4919 1307 4968 saumuro
1327 4897 1508 4968 Perusina.

331 5101 503 5170 iustiniani
525 5099 656 5170 Codicis
677 5121 802 5169 summu
822 5102 961 5170 babetur
983 5104 1014 5170 in
1037 5103 1159 5174 Codice
1182 5103 1397 5172 bibliothecae
1418 5102 1568 5191 capituli,
1598 5097 1683 5188 quod
1704 5096 1864 5166 Perusiae
1886 5105 1958 5188 est,
1985 5119 2066 5188 per·-

133 5253 138 5264 ,
173 5223 339 5292 gameno,
369 5205 423 5290 qui
452 5203 551 5270 bodie
578 5205 692 5270 littera
717 5205 760 5270 Α.
790 5224 923 5271 numero
949 5203 1078 5272 Xlllll.
1101 5207 1252 5293 signatus
1274 5203 1383 5299 est1).
1427 5205 1493 5272 Est
1513 5207 1546 5269 in
1569 5208 1701 5288 quarto,
1722 5205 1757 5267 nt
1777 5207 1914 5290 vocant,
1941 5202 2067 5291 maiori,
2168 5221 2171 5228 ’

169 5310 373 5391 constatque
407 5303 494 5370 soliis
524 5301 630 5389 2⁰4,
667 5323 754 5390 quae
782 5311 891 5372 umen
924 5307 1067 5372 numeris
1095 5305 1251 5374 distincta
1279 5328 1344 5374 nou
1372 5315 1461 5374 suut.
1510 5305 1549 5370 lu
1574 5321 1765 5390 unaquaque
1795 5301 1916 5388 pagina
1943 5321 2063 5371 versus

167 5405 339 5471 habentur
360 5405 432 5472 lere
458 5404 577 5490 viginti
605 5404 757 5492 quinque.
802 5404 1055 5490 Quaternionum
1076 5427 1229 5478 numerus
1249 5410 1282 5476 in
1304 5410 1367 5476 hoc
1394 5408 1474 5473 libro
1496 5409 1628 5471 notatus
1649 5421 1714 5470 non
1736 5407 1801 5470 est.
1836 5403 1962 5472 Lineae
1983 5424 2063 5491 gra·

330 5678 360 5739 1)
378 5678 547 5730 Nielulirtua
564 5679 634 5728 buno
648 5676 776 5732 codicem
786 5692 899 5734 numero
909 5681 971 5734 vn.
982 5681 1061 5734 bodie
1076 5681 1215 5747 dampnari
1225 5681 1307 5732 docet
1319 5683 1348 5730 iu
1364 5680 1480 5730 ancum
1515 5677 1695 5744 „Noctrtctt
1714 5691 1768 5729 oon
1784 5680 1869 5729 etaera
1886 5677 2063 5730 Breolaraoa

163 5767 223 5818 des
243 5763 496 5816 Justtataaetacbm
515 5759 635 5813 Codca“
661 5766 691 5814 tu
714 5767 802 5818 libro:
827 5765 992 5833 Zeitaclrrm
1004 5765 1058 5832 sair
1072 5767 1280 5832 perablclrtllclre
1301 5761 1607 5829 Recitawlaseucclroll,
1641 5761 1682 5813 ed.
1701 5763 1826 5830 Sampup
1850 5767 1913 5816 tom.
1936 5763 1984 5814 ill.
2002 5763 2063 5814 aab.

160 5851 255 5902 Enna
267 5859 389 5902 errorem
402 5847 548 5901 Btalrmlua
557 5851 662 5900 notavit
675 5851 703 5900 tn
718 5851 860 5914 praeclaro
875 5861 973 5915 opere,
995 5853 1073 5902 cutus
1087 5852 1131 5904 luc
1146 5855 1188 5904 ert
1201 5849 1313 5902 titulus:
1331 5849 1392 5902 lter
1410 5847 1550 5914 italicum,
1563 5851 1627 5899 tom.
1636 5847 1671 5898 ll.
1681 5863 1707 5912 p.
1720 5847 1781 5898 aba.

237 5935 278 5993 ¹1
1602 6017 1605 6026 ,
1625 5947 1658 6012 Α
