4824 7048
386 560 469 634 234
904 547 1763 625 Auourmisculrrouls

387 749 519 855 τηςθλ)
519 743 595 812 κατὰ
626 741 723 810 πάντα
749 747 934 848 φυλαχθῆναι
962 739 1152 846 προνοησώτῶ
1182 745 1229 806 καλ
1257 747 1296 818 είς
1345 760 1398 819 per
1425 744 1522 804 omnis
1549 741 1702 802 observari
1729 747 1813 802 curet
1840 741 1878 799 οδ
1905 743 2093 815 omniumque
2122 744 2248 804 notitiam

385 861 438 918 την
458 831 592 897 ἁπάντων
621 839 722 910 ςνῶσιν
748 829 823 894 κατὰ
844 829 949 912 ταύτην
975 829 1028 912 τὴν
1053 832 1187 910 βασιλίδα
1213 823 1297 890 πόλιν
1348 831 1454 887 edictis
1487 829 1518 886 iu
1546 830 1603 886 hec
1636 829 1721 904 regio
1750 829 1873 886 civitate
1907 830 2068 901 propositis
2104 829 2249 900 perducat.

385 912 766 1014 προτιθεμίνην95)ώηιληαι
784 918 880 1012 W
903 920 975 978 cor
988 918 1071 976 Μᾶι.
1083 917 1129 988 σ’ρ.
1138 912 1184 993 ⁹⁶)
1204 917 1297 976 IMP.
1348 917 1420 973 Dot
1454 916 1517 975 Col.
1547 895 1623 970 orat.
1653 917 1706 988 Cp.
1733 915 1804 988 imp.
1832 915 1909 972 dom.
1932 915 2099 970 ίιιείὶαἱαολ
2116 907 2181 991 (i)
2207 911 2250 987 ηῖρ,

386 1023 482 1083 oon.
503 1003 720 1080 roris-mnu.
742 1017 904 1092 ενυεντ)
925 1019 1021 1080 τινα.
1042 1018 1161 1076 τινα
1180 1017 1297 1077 νοντ’.
1348 1016 1432 1060 amo
1455 991 1584 1078 xm)
1604 1005 1673 1074 νυν
1698 1013 1778 1060 νυν
1803 999 1910 1058 Boioi
1930 1013 2012 1056 εσυ
2032 999 2067 1056 V

387 1107 425 1184 ξς.
446 1105 671 1184 casterno)
691 1107 778 1166 ινα.
803 1101 926 1186 uo)

1034 1319 1487 1333 m

1034 1335 1487 1350 m

494 1627 822 1694 Σοασοσοοτ
861 1624 1184 1693 Διειτοτντ
1448 1621 1769 1702 ouuvls
1819 1617 2172 1698 DIVISIO

397 1777 740 1860 ΤΩΝΝΕΑΡΩΝ
761 1776 870 1855 ΤΟΥ
889 1775 1299 1854 ΙΟΥΣΤΙΝΙΑΝΟΥ.
1351 1777 1821 1866 ΝΟΝΕΒΙΑΒΗΜ
1862 1775 2250 1889 IUS'HNIANI.

744 1979 947 1996 ἡ
1706 1987 1908 2003 m

470 2119 617 2216 Εδεὴθης
640 2141 749 2214 μαθεῖν
775 2131 851 2214 παρ’
874 2129 955 2214 ἡμῶν
982 2143 1063 2195 παίειν
1083 2135 1134 2213 μὲν
1161 2139 1219 2198 τῶν
1239 2159 1299 2198 νεα-
1420 2134 1554 2208 petiisti,
1583 2140 1616 2192 ut
1642 2133 1767 2191 anobis
1789 2133 1940 2206 disceres,
1963 2147 2038 2204 qrme
2066 2147 2107 2190 ex
2128 2129 2251 2189 Noveiiis

391 2227 450 2306 ρῶν
474 2221 672 2285 ίαυστινιαιναύ
705 2223 885 2298 νομοθεσιῶν
906 2216 959 2280 ούιι
978 2215 1206 2300 κατεστρώθη
1191 2243 1219 2282 εν
1240 2233 1300 2294 ταῖς
1350 2222 1469 2296 legibus
1490 2219 1649 2278 IustInInui
1670 2219 1701 2276 ln
1722 2219 1929 2292 Basilicarum,
1950 2233 2026 2288 quoe
2049 2217 2198 2288 dicuntur,
2216 2216 2251 2272 li-

391 2311 546 2388 λεγομένοις
566 2308 719 2384 βασιλειῶν
735 2305 871 2405 βιβλίοις·
898 2315 980 2365 παλαι
1000 2303 1030 2363 oi
1050 2301 1299 2396 κατεστρώθησαν
1351 2308 1412 2364 bris
1441 2321 1498 2363 non
1525 2305 1586 2360 sint
1613 2305 1743 2376 ραελλοος
1776 2319 1853 2374 quae
1879 2318 1950 2360 vero
1983 2303 2026 2358 ibi
2060 2301 2178 2374 positae
2202 2301 2252 2357 sint
2366 2303 2367 2306 ’

390 2397 450 2474 μίν,
471 2386 648 2494 μεμενήκασιν
674 2388 705 2448 δλ
726 2410 872 2469 αηρησται,
894 2388 942 2448 καλ
962 2399 1045 2450 παϊαι
1071 2393 1101 2448 ἐκ
1120 2393 1224 2470 μίρους
1251 2414 1300 2453 κα-
1350 2391 1484 2463 quidem,
1513 2389 1635 2446 inutiles
1675 2394 1772 2444 eutem
1808 2390 1908 2444 tectae
1935 2392 2020 2461 sunt,
2057 2400 2191 2458 quaeque
2220 2401 2252 2441 ex

391 2472 624 2579 τεστρώθησαν,
656 2477 686 2534 ἐκ
715 2476 823 2576 μέρους
848 2471 879 2533 ob
907 2469 959 2533 αύκ
987 2467 1152 2575 ίηριλφησαν
1185 2471 1231 2536 δια
1266 2471 1300 2538 τὸ
1352 2481 1436 2549 perte
1466 2475 1583 2574 quidem
1611 2473 1653 2530 ibi
1680 2473 1797 2544 positae
1825 2473 1904 2544 siut,
1940 2486 1979 2528 ex
2000 2479 2085 2544 porte
2114 2486 2172 2527 non
2191 2469 2251 2537 siut,

390 2557 430 2624 ταὶ
459 2562 547 2622 πλείω
574 2553 682 2620 τούτων
698 2553 762 2658 ύφ’
785 2559 886 2636 ίτίρανν
906 2563 1016 2660 νεαρῶν
1042 2552 1059 2636 ἢ
1088 2555 1302 2660 inprecor*
1285 2585 1302 2662 η
1354 2576 1389 2617 eo
1420 2560 1496 2630 quod
1524 2559 1617 2616 maior
1645 2573 1712 2630 ροσε
1742 2559 1846 2616 berum
1876 2559 1914 2614 nb
1950 2555 2019 2612 sitis
2052 2555 2185 2614 Noveliis
2212 2553 2251 2610 tei

391 2641 571 2724 πλατύτερον
590 2636 804 2746 ἑρμηνεύεσθαι.
838 2673 881 2685 -
921 2633 1141 2720 Ἀρξαμαισυν
1167 2639 1300 2706 ἀπὸτοῦ
1351 2645 1469 2702 subluto
1490 2645 1539 2717 sit,
1560 2645 1609 2702 uel
1631 2643 1722 2699 latius
1739 2643 1982 2715 explicetur.-
2009 2641 2151 2713 Incipiam
2166 2640 2252 2736 igitur

391 2732 563 2793 τελευταίαν.
611 2723 765 2788 αύτίνια’
749 2750 767 2805 η
800 2727 918 2804 δευτέρα
954 2723 987 2786 ού
1022 2732 1107 2788 πᾶσα
1133 2723 1300 2831 κατεστρώ
1352 2731 1389 2786 nb
1418 2745 1469 2798 eo,
1498 2686 1575 2800 qu'or
1603 2728 1735 2786 ultimum
1763 2731 1819 2784 eet.
1865 2727 1973 2785 Stntim
1992 2727 2032 2783 II
2057 2741 2114 2783 non
2139 2728 2196 2780 totu
2221 2725 2249 2779 in
2366 2755 2367 2790 η

382 2823 436 2894 ,θη
457 2818 486 2875 ἐν
505 2823 566 2885 τοις
586 2813 758 2894 βασιλειαίς,
788 2809 864 2872 ἀλλὰ
890 2811 925 2871 τὸ
947 2814 1084 2890 τέταρτον
1104 2809 1194 2892 αὐτῆς
1215 2808 1301 2892 κεφώ·
1351 2814 1492 2872 IlosiiicIs
1514 2814 1612 2886 postte
1634 2817 1696 2884 est,
1718 2812 1774 2868 sed
1795 2815 1931 2884 quartum
1960 2811 2026 2868 eius
2048 2813 2150 2882 ceput,
2179 2809 2250 2880 quod
2366 2799 2367 2832 1

392 2901 472 2962 λαιον
500 2893 533 2959 τύ
560 2894 739 2996 προστεθὲν
748 2898 789 2971 τῷ
816 2899 868 2972 τῆς
893 2888 949 2971 td.
975 2896 1115 2998 νεαραςί)
1151 2900 1301 3000 τελευταίῳ
1353 2899 1390 2955 nd
1411 2899 1543 2955 ultimum
1563 2853 1709 2956 ΝανοΙλώε
1729 2898 1808 2955 XCI.
1829 2902 1919 2970 ceput
1939 2895 2109 2967 oppositum
2130 2896 2185 2964 εελς
2203 2907 2249 2948 re-

392 2983 554 3084 κεηαλαίςν·
596 2975 635 3042 τά
661 2978 690 3040 δλ
719 2971 795 3040 ἄλλοι
823 2973 929 3058 ταύτης
959 2986 1064 3060 νεαρᾶς
1091 2978 1305 3061 παρεσιαπὴθη
1355 2984 1439 3054 iique
1459 2989 1556 3039 cutem
1583 2982 1673 3039 buius
1694 2982 1840 3040 Novelloc
1863 2981 1962 3053 ααρίλο
1988 2980 2109 3036 silentio
2131 2983 2252 3050 prseter-

394 3065 440 3130 διὰ
462 3063 497 3129 τύ
519 3060 558 3127 τὰ
577 3063 628 3166 μλν
648 3061 738 3142 αύτῆς
760 3059 817 3125 ύπό
839 3067 891 3144 τῆς
910 3058 964 3144 νβ’.
985 3069 1087 3145 νεαρᾶς
1109 3063 1304 3171 αλναιρεῑσθαι(Ι
1355 3069 1448 3124 missa
1468 3073 1555 3141 sunt,
1582 3068 1652 3139 quin
1678 3082 1747 3139 ροσε
1777 3067 1843 3124 eine
1874 3081 1893 3122 ο
1924 3065 2053 3122 Novello
2083 3065 2183 3124 XXII.
2200 3062 2256 3118 toi-

393 3149 433 3215 ταὶ
460 3150 489 3212 δλ
517 3143 736 3253 πλατύτερον’
721 3145 775 3210 υπ’
805 3151 908 3226 ἐκείνης
932 3157 1167 3228 νομοθετεῖσθαι.
1210 3148 1301 3212 καλ
1285 3175 1302 3230 η
1355 3151 1442 3224 iitur,
1468 3168 1538 3225 ροσε
1570 3150 1658 3208 istius
1685 3153 1723 3208 ab
1752 3151 1806 3208 iiis
1832 3149 1978 3208 sancitur.
2018 3151 2070 3208 Ao
2090 3150 2131 3206 V.
2152 3161 2257 3220 quoque

394 3232 429 3299 ε’.
448 3235 479 3296 δλ
499 3229 602 3316 νεαροὶ,
630 3229 692 3313 ἥτις
717 3235 783 3336 περὶ
804 3237 943 3332 μαναχῶν
956 3235 1005 3293 καί
1024 3239 1224 3340 μαναστηρίαν
1244 3239 1303 3297 δια-
1353 3197 1497 3312 Νονύλλο,
1533 3252 1592 3310 quo
1621 3237 1659 3294 de
1685 3236 1839 3294 monachis
1872 3239 1903 3292 et
1938 3233 2127 3293 monasteriis
2156 3231 2259 3306 egitur,
2366 3247 2367 3274 ι

394 3314 548 3420 λαμβάνει,
574 3311 819 3422 παρεσιανπὴθη,
834 3311 879 3378 ὅτι
905 3311 944 3378 τού
965 3316 1072 3396 μλν
1036 3323 1126 3398 αντῆς
1147 3319 1305 3400 ἀναιρεῖται
1356 3321 1476 3378 silentio
1509 3321 1719 3393 praetermisso
1754 3324 1818 3392 est,
1849 3319 1927 3392 quod
1954 3335 2025 3392 ροσε
2054 3317 2119 3374 eius
2146 3334 2166 3372 ο
2198 3316 2258 3372 No·

395 3401 452 3467 ini
475 3409 527 3484 τῆς
548 3398 616 3510 ρκβ.
637 3405 756 3481 νεαρᾶς,
786 3396 825 3462 ταὶ
852 3398 925 3462 oi‘
910 3404 1016 3481 ομοίως
1045 3399 1265 3466 διατάττεται’
1249 3401 1304 3467 υπ’
1356 3405 1437 3463 velie
1458 3408 1597 3465 cxxlu.
1618 3407 1746 3480 tollitur,
1789 3421 1858 3478 pers
1879 3403 2018 3462 similiter
2045 3405 2083 3460 ob
2111 3402 2172 3458 hoc
2193 3417 2260 3456 snu-

396 3487 500 3567 αύτῆς·
522 3487 610 3568 μόνον
631 3485 660 3548 δλ
679 3481 774 3565 τύβ.
790 3481 949 3586 κεφάλαιον
969 3482 1075 3567 ταύτης
1095 3494 1199 3567 νεαρᾶς
1219 3493 1305 3570 ἐτίθη
1356 3493 1450 3562 citur3
1471 3492 1567 3550 solum
1588 3489 1738 3548 sutem&
1759 3490 1849 3548 buius
1870 3489 2017 3548 Noveiise
2038 3493 2130 3560 ceput
2153 3485 2193 3544 ibi
2211 3500 2261 3557 po·

396 3578 493 3634 λκεῑσε.
534 3563 800 3672 ἡδλπεντηκαστὴ
811 3565 910 3672 νεαροὶ
936 3568 1041 3673 ηπερλ
1060 3568 1232 3654 λκκλὴταυλ)
1255 3571 1307 3635 αύκ
1356 3577 1446 3632 sltum
1459 3583 1513 3632 est
1533 3577 1706 3634 Noveileir.
1688 3589 1799 3646 ivero,
1821 3590 1880 3648 qne
1893 3573 1931 3629 rie
1944 3573 2199 3646 appellatione
2161 3569 2262 3632 entur

397 3659 486 3758 ἐτίθη
510 3659 550 3728 είς
570 3651 608 3718 τύ
628 3649 777 3734 βασιλικά,
798 3651 838 3726 ώς
857 3653 896 3716 τὰ
915 3651 992 3728 αύτὰ
1011 3659 1133 3737 λίηαυσα
1153 3663 1188 3736 τῇ
1208 3653 1268 3737 μα’.
1276 3659 1304 3736 ³)
1356 3661 1387 3718 in
1405 3661 1544 3718 besiitcis
1565 3662 1662 3733 posito
1684 3675 1742 3718 non
1762 3665 1819 3734 est,
1840 3664 1942 3731 utpote
1964 3671 2041 3730 quse
2063 3657 2171 3714 endem
2189 3655 2261 3710 ucat

396 3763 498 3821 νεαρα,
536 3733 599 3820 ἥτις
627 3735 818 3818 κατεστρώθη
846 3743 885 3811 είς
907 3722 1032 3840 τὸνβ.
1058 3743 1152 3804 τίτλον
1179 3749 1289 3805 ταῦθ
1297 3787 1305 3805 .
1356 3751 1446 3816 etque
1468 3741 1600 3804 Novello
1620 3746 1711 3820 Χ11.,
1732 3760 1809 3816 quine
1811 3701 1915 3802 ’λαὶ
1937 3743 2024 3800 titulo
2043 3741 2116 3799 libri
2139 3739 2260 3796 tibosi·

394 3827 506 3928 βιβλίου
534 3829 592 3886 τῶν
612 3823 773 3902 βασιλικῶν.
815 3820 914 3883 αύδλ’
900 3847 916 3902 η
939 3819 990 3885 οδ.
1011 3821 1101 3926 νεαρὰ
1120 3825 1138 3908 ἡ
1159 3830 1224 3907 περλ
1244 3851 1304 3930 ηνη·
1356 3831 1478 3887 iicorum
1506 3831 1604 3902 posIte
1632 3834 1689 3886 est
1731 3830 1837 3901 Neque
1865 3842 1937 3885 vero
1966 3827 2096 3886 Noveiis
2120 3824 2261 3892 um„

397 3906 529 3988 σεύτητας
561 3910 672 3970 παίδων
700 3909 747 3968 καὶ
769 3901 867 3987 26pcr
888 3904 1122 3989 διαλαμβάνουσα
1142 3933 1304 3992 κατεστρω-
1356 3929 1414 3985 quo
1435 3914 1472 3971 de
1493 3914 1709 3990 legitimatione
1729 3913 1890 3972 liberorum
1918 3917 1947 3970 et
1969 3911 2083 3984 nuptiis
2107 3910 2216 3986 agitor,
2234 3907 2261 3962 in

395 4001 439 4096 θη
460 3998 487 4054 ἐν
510 4004 578 4094 τρῖς
590 3989 805 4095 βασιλικαις,’
784 4014 824 4064 αις
844 3996 901 4054 τών
920 3993 971 4072 μλν
992 3992 1081 4073 αύτης
1101 3993 1158 4058 oni
1181 4002 1232 4076 τῆς
1254 3993 1305 4076 αρ’.
1354 3999 1495 4056 Βοελλλολε
1517 3998 1615 4071 posite
1636 4003 1692 4072 est,
1714 3999 1821 4072 quippe
1844 4013 1909 4054 eum
1932 4011 2001 4069 ροσε
2024 3996 2091 4054 eius
2116 4013 2136 4052 ο
2158 3992 2264 4052 Norei-

396 4083 454 4140 τῶν
475 4075 539 4138 δί’
525 4073 582 4139 vni
602 4099 655 4156 της
674 4071 751 4150 πθ’.,
771 4081 829 4138 τῶν
849 4074 914 4137 δὲ’
900 4073 958 4140 υπό
980 4084 1032 4158 τῆς
1052 4075 1117 4158 ριζ’.
1139 4077 1304 4181 ύναιραυμί-
1354 4084 1385 4140 Ie
1414 4085 1603 4155 bxxvul„
1633 4099 1701 4158 ροσε
1729 4099 1747 4138 ο
1775 4083 1958 4145 LXXXIX..
1996 4095 2066 4153 ροσε
2096 4097 2118 4136 α
2146 4077 2264 4138 Novello

396 4183 459 4224 νων.
480 4155 687 4319 ἡζβλπβ.
671 4185 690 4241 η
716 4161 782 4242 περί
802 4165 860 4222 τῶν
881 4165 1022 4224 δικαστῶν
1042 4160 1234 4268 κατεστρώθη
1254 4165 1304 4244 μλν
1356 4169 1480 4226 CXVII.
1501 4129 1631 4226 toliettir.
1672 4167 1801 4225 Noveiis
1830 4181 1902 4224 vero
1924 4167 2099 4238 uxum„
2139 4179 2214 4238 quoe
2235 4161 2268 4216 tle

397 4252 427 4308 ίν
453 4244 539 4322 τῷζ
543 4240 700 4342 ’.βιβλίῳ
717 4249 775 4307 τῶν
800 4247 968 4349 βασιλικῶν,
1001 4246 1070 4310 ἀλλ’
1094 4245 1153 4311 ἀπὸ
1185 4245 1308 4329 τηςδ’.,
1358 4251 1506 4310 iurIIcibus
1529 4257 1644 4328 tractet,
1665 4252 1697 4309 In
1717 4253 1793 4310 libro
1815 4252 1939 4324 septimo
1962 4251 2168 4308 Basilicarum
2189 4248 2268 4321 poei-

398 4333 568 4411 διαιρέσεως.
610 4324 648 4390 τοὶ
669 4324 724 4410 γὰρ
753 4351 811 4409 προ
839 4353 929 4412 αυτης
955 4335 1094 4431 παρείθη,
1119 4335 1166 4395 καλ
1194 4339 1252 4395 τῶν
1280 4339 1308 4395 ἐν
1358 4340 1389 4393 λα
1411 4341 1465 4409 αελ,
1488 4353 1589 4395 verum
1611 4337 1682 4394 iude
1702 4353 1722 4392 α
1742 4341 1849 4408 quarto
1870 4336 2071 4395 distinctione.
2119 4337 2169 4393 Es
2189 4332 2270 4395 snio.

399 4427 459 4487 ταῖς
481 4415 641 4494 βασιλικοῖς
668 4418 933 4495 καταστρωθίντοον
958 4412 996 4479 τοὶ
1025 4418 1114 4479 πλείω
1144 4413 1307 4500 ἐσχόλασεν.
1358 4435 1435 4492 quoe
1464 4433 1534 4479 note
1563 4422 1642 4479 benc
1669 4426 1755 4495 sunt,
1784 4421 1993 4493 praetermisso
2014 4423 2099 4492 suut,
2133 4425 2165 4477 et
2185 4416 2270 4474 msIor

1358 4522 1428 4579 ροσε
1456 4522 1494 4564 ex
1514 4507 1570 4583 iis,
1600 4522 1676 4580 quoe
1697 4507 1729 4565 io
1749 4505 1890 4564 Βαελλλαλε
1911 4505 2010 4578 posito
2031 4509 2124 4579 sont,
2161 4505 2192 4561 iu
2216 4514 2270 4557 uso

403 4621 815 4641 m

550 4779 954 4850 94)Π3115Ρ3115·νῦλθύτη5ο
1039 4787 1801 4860 95)πρατι3εμίνανν1ο.1ὀλ.λίσσ.3θθ.[νεμοίατο
1817 4789 2015 4862 πρατιθιμίνανν
2030 4787 2152 4853 ίδίιτυν,
2178 4793 2208 4837 ut
2225 4788 2276 4836 bs-

398 4870 445 4922 bet
461 4870 605 4921 contextus
620 4869 802 4933 Muellerum,
821 4869 874 4934 vel,
890 4881 960 4920 voce
977 4867 1081 4922 λδικτινν
1099 4877 1207 4940 omissa,
1223 4875 1413 4944 προτιθίμινα.
1486 4876 1533 4936 35)
1550 4875 1604 4926 Pro
1623 4875 1677 4926 GP.
1697 4875 1773 4926 1355.
1789 4876 1847 4928 ΡΡ.
1864 4876 1952 4927 babet.
2038 4875 2090 4934 37)
2109 4876 2163 4925 Pro
2182 4871 2277 4924 Pers

397 4954 476 5005 1555.
493 4954 574 5004 babet
589 4953 647 5005 ΡΡ.
664 4945 733 5025 nub
751 4956 804 5004 boe
819 4959 862 5004 est
876 4953 1004 5018 perpetui
1021 4955 1148 5020 ιλαρνιείί.
1215 4959 1261 5017 33)
1278 4959 1421 5010 uncino
1434 4958 1510 5009 1555
1565 4961 1612 5020 oo)
1630 4958 1739 5010 ΑΝΝθ
1759 4960 1790 5010 11.
1808 4960 1885 5012 1555.
1919 4963 1966 5010 sio
1982 4957 2136 5022 legendnm
2154 4969 2227 5020 esse,
2242 4955 2279 5003 mi

398 5024 429 5074 Iu
446 5025 574 5072 contextu
590 5024 668 5084 posui
684 5025 713 5071 In
732 5023 961 5085 tmnslotioneqne
979 5023 1076 5074 botibe
1092 5028 1223 5088 expressi,
1240 5039 1275 5075 ex
1293 5028 1343 5086 bis,
1360 5039 1428 5090 quse
1445 5029 1575 5077 bienerns
1602 5030 1630 5076 tn
1647 5029 1760 5079 bistorls
1776 5029 1950 5078 Noveiiornm
1968 5041 1993 5090 p
2010 5025 2073 5076 531.
2096 5025 2211 5088 retulit,
2235 5035 2279 5084 op-

398 5091 484 5154 puret.
518 5090 549 5138 In
565 5089 670 5139 Moneo.
686 5089 756 5153 83.,
772 5095 884 5140 auctore
901 5091 1304 5144 paracoemomenum
1321 5096 1392 5145 bion
1411 5100 1474 5146 tom.
1484 5095 1565 5158 {V.p
1566 5093 1650 5145 .158.
1668 5101 1729 5177 ροσε
1746 5097 1798 5146 rino
1815 5095 1928 5178 schotto,
1944 5107 2014 5159 ηιιοα
2030 5101 2202 5156 sequnntur,
2218 5091 2280 5141 boec

400 5158 588 5208 Inveniuntur:
623 5155 709 5239 ίδόθη
723 5158 758 5226 τῇ
774 5157 898 5239 ναυμενιηι
913 5159 1045 5244 βασιλείας
1061 5161 1110 5210 τοῦ
1127 5157 1257 5212 δεσπότου
1273 5162 1380 5213 αίιννίσυ
1396 5164 1449 5214 ἔτει
1466 5109 1572 5228 cinnor}
1592 5158 1723 5214 ύνταιτεύαν
1746 5161 1881 5224 μεταδούτα
1905 5161 2045 5218 καλάνδαις
2065 5181 2109 5221 μιν
2089 5159 2202 5218 (τίως’
2190 5173 2281 5240 ινιτιερῑ

397 5220 544 5285 -δομίναυ’
532 5227 709 5274 ιαυστινιανοῦ
731 5223 895 5310 περπετούαυ
916 5223 951 5276 σιν
952 5243 1000 5288 ναι
1002 5244 1065 5278 στου
1090 5225 1185 5286 σύννους
1201 5229 1264 5279 XX
1277 5228 1397 5282 νύνσουλι
1421 5228 1482 5289 πός.
1493 5231 1684 5315 βασιλεύσοι
1656 5231 1776 5316 βιναρίου
1799 5233 1920 5282 τουτέστι
1944 5227 2035 5314 ίδώβη
2056 5228 2108 5279 καί
2133 5223 2280 5308 ἔξεφτννξθν

402 5293 435 5360 τῇ
451 5291 575 5356 ναυμννίηι
590 5293 639 5343 τοῦ
656 5291 737 5352 μαίου
753 5291 885 5356 βασιλείας
901 5297 951 5345 τοῦ
973 5295 1102 5347 δεσπότου
1129 5293 1308 5350 ιὀυστννιανοῦ
1329 5295 1436 5348 «bruc
1466 5294 1615 5360 αύνσύστου
1636 5298 1689 5350 ἔτει
1714 5295 1819 5364 εἰκαστῷ
1840 5298 1907 5359 μετὰ
1922 5315 1970 5364 την
1986 5292 2127 5348 ὑπατείαν
2152 5291 2284 5362 βασιλείαν

402 5359 595 5428 τσπατηρητα5.
631 5359 715 5422 tinec,
734 5365 807 5410 riter
824 5363 989 5414 iiiecerusl.
1009 5366 1027 5414 1.
1045 5378 1070 5426 ρ.
1090 5363 1151 5416 150.
1171 5371 1225 5415 not.
1243 5367 1285 5415 33.
1304 5369 1416 5427 notavit,
1438 5367 1471 5415 nd
1497 5367 1564 5416 Nov.
1592 5369 1649 5417 135,
1667 5349 1891 5430 subscriptionem
1918 5371 1961 5417 ter
1981 5367 2136 5426 repetitam
2163 5365 2285 5414 vitiemur

404 5429 546 5487 pertinere.
583 5428 660 5489 Apud
678 5395 719 5478 λα’.
736 5427 812 5478 ιίοαελ
830 5434 887 5478 toto
904 5435 1106 5482 constrictionis
1124 5433 1296 5496 subscriptio.
1326 5401 1416 5484 nabet,
1426 5439 1519 5518 putem
1537 5437 1606 5484 banc
1625 5433 1840 5486 adnotationem:
1858 5435 1930 5492 τίλας
1950 5434 2031 5483 τῶνα
2017 5429 2223 5518 κεφαλαίηὲτ
2240 5430 2286 5478 νῦν

403 5495 499 5572 νεαρῶν
516 5494 655 5552 διατάξεων
671 5497 722 5546 τῶν
738 5495 800 5564 περὶ
816 5497 863 5563 τῆς
879 5496 1073 5562 λκκλησιαστικ·
1041 5518 1087 5566 της
1111 5499 1253 5558 διαθίσεονς
1272 5497 1433 5551 Ἰνιώννου’
1416 5501 1623 5568 αρχιεπισκύπου
1653 5501 1855 5553 Κωνσταντὶνου
1880 5501 1976 5560 παλεονς
1992 5500 2041 5551 τοῦ
2061 5497 2131 5552 ἀπὸ
2149 5499 2288 5564 eptam·

404 5559 463 5608 uois.
496 5561 526 5610 In
542 5565 606 5612 vat.
624 5565 706 5613 ettnm
722 5564 884 5627 subscriptio
902 5567 985 5616 deest.
1020 5569 1191 5620 Adiiciuntur
1209 5576 1298 5622 tumen
1315 5571 1383 5618 boec
1400 5569 1447 5618 toi.
1465 5569 1508 5618 51.
1525 5571 1576 5619 Λα
1593 5569 1665 5628 τίλας
1684 5573 1736 5620 τῶν
1753 5567 1789 5624 πῖ
1792 5565 2007 5628 ’τνφαλαίνννίν
2031 5568 2088 5616 τῶν
2083 5569 2217 5652 νααρῦ·
2234 5565 2289 5614 ιλια-

403 5623 499 5683 τάξειεν
514 5631 565 5680 τῶν
581 5647 699 5712 περιτο
632 5630 684 5682 to
686 5631 851 5696 κλησιαστνκ·
821 5651 866 5750 της
882 5631 965 5684 διοιν’
935 5651 1042 5700 κ,ηοεας
1060 5648 1189 5718 νοιτιοηιια
1207 5639 1305 5700 pugion
1322 5635 1709 5718 recompensacionem
1727 5636 1774 5688 σύν
1792 5633 2119 5721 θεῶησυνοραηητῦν
2139 5633 2229 5688 θείαν
2247 5651 2288 5680 να·

403 5690 485 5744 τόνων
501 5691 527 5744 ίν
544 5713 639 5779 πεντηκ
625 5715 704 5748 κοντα
718 5717 745 5749 τι
740 5699 816 5756 ἰτλας
848 5702 990 5783 ιηρημίνινν
1007 5702 1094 5754 καλλι
1080 5706 1162 5754 τιτῶν
1179 5707 1276 5774 νεαρῶν
1293 5702 1411 5761 διατάξαι
1399 5723 1449 5786 orry
1455 5701 1490 5754 τὰ
1505 5701 1562 5760 αἶ’.
1579 5723 1605 5755 κε
1606 5654 1706 5765 cimon
1730 5702 1852 5755 ’ίαιώννου
1873 5723 1924 5787 αρχ
1907 5719 2008 5769 χνεενσισ
1995 5699 2082 5753 τύπου
2111 5703 2291 5754 Καινστιιτσι-

402 5758 548 5821 ναυπύλεανς
571 5765 619 5814 τοῦ
640 5761 695 5816 cut
716 5769 899 5830 σχαλαστικανν.
1050 5770 1080 5830 1)
1102 5772 1155 5822 Ρσο
1177 5775 1270 5842 νεαρᾶς
1293 5772 1384 5824 Codex
1399 5790 1445 5823 νεα
1435 5750 1549 5824 ”λσολισλ.
1685 5773 1715 5832 2)
1738 5773 1791 5824 Pro
1814 5771 1886 5823 innt'
1872 5790 1936 5838 ηταυ
1959 5769 2050 5824 Codex
2079 5759 2188 5840 ὀνελῆἱ
2207 5771 2290 5821 bubei-

403 5831 432 5890 bi
449 5831 504 5882 Pro
520 5827 574 5892 μα’
593 5830 685 5884 Codex
701 5833 868 5889 νια’.1ιολυοσα
886 5836 1001 5890 videtur.
1035 5839 1087 5889 bed
1105 5845 1193 5892 tomen
1209 5843 1302 5893 intere
1317 5859 1332 5892 ν
1348 5840 1382 5892 ολ
1398 5841 1600 5893 simtlitndinem
1615 5841 1725 5894 lttteree
1740 5861 1760 5904 μ
1777 5839 1892 5892 scoeitt.
