4802 7060
370 490 475 542 xxnvr
765 481 770 504 ³
1031 471 1599 546 PROLBGDMBNA

368 661 487 735 Photio
507 659 693 750 patriarcha
714 659 803 728 edito
825 661 986 749 tripartita
1008 663 1270 730 constitutionum
1291 663 1604 752 ecclesiasticarum,
1632 680 1716 750 qnae
1736 661 2092 732 Pseudo-Balsamoni
2120 665 2232 734 tribui-

369 768 432 852 tur,
453 763 603 830 collectio
625 761 736 830 addita
757 762 814 850 sit,
838 771 872 828 ut
893 783 988 828 unum
1010 763 1149 850 aliquod,
1171 766 1254 852 quod
1277 787 1389 834 omnes
1411 766 1503 850 leges
1525 765 1772 831 ecclesiasticas
1794 764 1947 853 haberet,
1975 786 2093 852 corpus
2114 774 2229 835 exsta·

368 871 428 930 ret·
471 865 551 934 Illud
574 872 664 931 certe
691 863 818 952 quidem
840 863 934 928 facile
964 869 1108 948 constat,
1145 868 1340 953 tripartitam
1361 868 1446 934 hanc
1468 867 1692 933 collectionem
1713 865 1831 931 Photio
1853 872 1987 933 anctore
2008 867 2041 932 in
2063 868 2113 932 ins
2135 885 2232 935 σιιιο-

369 965 476 1032 ιιίοοιιι
495 973 661 1052 receptam
682 966 793 1032 sulsse.
838 963 921 1029 Nam
943 972 977 1030 et
999 953 1085 1032 iilum
1107 987 1378 1052 nomocanoncm,
1399 969 1451 1034 cui
1473 967 1555 1033 haec
1576 968 1722 1034 collectio
1744 966 1857 1033 addita
1879 973 1962 1056 erat,
1984 967 2036 1033 vir
2057 975 2231 1054 praestan-

368 1065 512 1132 tissimus
534 1067 567 1132 in
589 1066 701 1131 librum
723 1064 889 1131 transtulit
910 1085 1001 1132 suum
1023 1074 1057 1132 et
1079 1067 1111 1132 in
1133 1069 1261 1152 legibus
1282 1069 1432 1135 civilibus
1463 1088 1534 1135 cnm
1559 1087 1716 1134 canonum
1747 1067 1917 1134 sanctione
1946 1068 2174 1154 comparandIs
2194 1069 2233 1135 ad

369 1165 454 1232 hanc
476 1167 668 1252 tripartitam
690 1165 950 1232 constitutionum
969 1167 1265 1236 ecclesiasticarum
1288 1170 1514 1236 collectionem
1536 1169 1740 1235 descendere
1762 1169 1935 1251 volnus).
1978 1169 2087 1256 Atque
2119 1189 2165 1236 ex
2186 1169 2234 1237 his

369 1272 405 1334 et
426 1266 504 1332 illnd
526 1266 683 1354 explicari
704 1273 825 1353 potest,
848 1287 947 1354 quare
968 1269 1064 1334 trium
1086 1271 1308 1336 collectionum
1330 1273 1511 1338 coniunctio
1534 1277 1599 1337 tam
1622 1272 1654 1336 in
1677 1269 1933 1357 exemplaribus,
1962 1288 2047 1355 quae
2068 1270 2233 1338 collectio-

368 1387 442 1436 nem
464 1387 618 1435 canonum
639 1367 791 1433 Iohannis
814 1365 1010 1434 Scholastici
1033 1370 1166 1459 habent,
1195 1393 1301 1462 quarn,
1322 1393 1406 1460 quae
1430 1373 1537 1438 Photii
1558 1390 1809 1437 nomocanunem
1831 1370 2100 1459 complectuntur,
2133 1390 2234 1457 appa·

367 1475 452 1536 reat.
498 1468 575 1534 Cum
597 1469 681 1534 enim
701 1467 828 1553 priores
850 1465 933 1534 duae
955 1471 1167 1538 collectiones
1189 1491 1261 1538 cum
1282 1474 1473 1540 collectione
1505 1493 1660 1540 canonum
1691 1471 1845 1537 Iohannis
1878 1469 2078 1538 ScholastIci
2104 1472 2234 1536 coniun-

369 1576 445 1637 ctae
466 1575 592 1656 essent,
623 1569 731 1634 Photii
753 1588 971 1637 nomocanuoe
998 1570 1086 1638 edito
1115 1572 1191 1639 illud
1217 1594 1344 1662 quoque
1372 1575 1479 1660 legum
1502 1593 1639 1662 corpus,
1673 1571 1756 1659 quod
1786 1571 1827 1638 ab
1857 1572 1919 1637 hoc
1949 1578 2138 1658 usurpatum
2160 1591 2234 1640 esse

370 1671 552 1760 constabat,
574 1668 616 1736 ad
637 1668 723 1736 illam
742 1683 813 1737 ‘rem
834 1671 994 1739 accedere
1015 1673 1137 1740 debuit.
1172 1675 1279 1740 Anne
1295 1682 1371 1762 post
1388 1675 1582 1763 ecquidem,
1605 1693 1689 1761 qnae
1706 1673 1948 1759 descripsimus,
1970 1679 2117 1759 temporo
2133 1674 2233 1740 nostri

367 1771 443 1837 libri
457 1791 547 1837 nsum
563 1791 623 1858 per
637 1772 802 1858 imperium
813 1772 1010 1839 Graecorum
1024 1776 1212 1841 exolevisse
1226 1777 1427 1863 exemplaria
1439 1798 1532 1844 manu
1549 1785 1687 1845 exarato
1701 1775 1933 1862 posterioribus
1950 1774 2149 1860 temporibus
2162 1775 2233 1840 viu-

368 1871 508 1938 dicanda
538 1871 621 1937 satis
649 1873 843 1957 significant.
891 1873 943 1939 Ac
966 1873 1089 1942 decimo
1113 1879 1210 1942 tertio
1233 1877 1358 1964 quidem
1381 1900 1411 1966 p.
1436 1878 1510 1946 Chr.
1534 1899 1565 1944 n.
1589 1878 1719 1945 saeculo
1734 1873 1949 1942 vindIcandns
1971 1881 2026 1941 est
2047 1874 2164 1964 codex,
2186 1876 2233 1962 qni

366 1975 401 2041 in
422 1975 620 2042 munasterio
642 1975 698 2052 τῆς
719 1977 896 2058 Παναχίας
919 1997 1019 2064 prope
1043 1977 1229 2045 Chalcidem
1251 1987 1322 2070 est,
1360 1979 1483 2045 decimo
1506 1985 1620 2066 quarto
1642 1987 1750 2045 antem
1772 1974 1886 2043 Codex
1907 1975 2108 2042 Bodleianus
2134 1975 2232 2064 185,

366 2076 422 2162 qui
444 2075 593 2140 Baroccii
617 2073 706 2140 185.
729 2078 804 2165 luit,
826 2077 966 2164 denique
989 2077 1111 2145 decimo
1137 2081 1245 2165 quinto
1268 2077 1383 2146 Codex
1408 2079 1555 2147 Graecus
1577 2080 1777 2146 Parisiensis
1803 2075 2232 2164 1355.,u1euicenscan-

365 2177 535 2243 rentianns
556 2175 658 2262 plutei
681 2173 744 2242 56.
765 2197 848 2243 num.
875 2177 946 2266 13,
971 2181 1119 2246 Venetus
1145 2176 1243 2268 169,
1265 2179 1475 2248 Monacensis
1498 2179 1590 2246 389.
1613 2189 1647 2247 et
1670 2177 1760 2247 stt.
1804 2178 1919 2244 Mirum
1942 2184 2069 2264 tamen,
2096 2177 2232 2265 quodin

365 2274 428 2342 hos
449 2277 529 2343 iuris
550 2276 696 2342 canonici
718 2277 830 2365 libros,
853 2280 907 2365 qui
929 2287 1004 2366 post
1028 2279 1187 2346 l'hotiana
1215 2286 1361 2368 tempora
1393 2283 1554 2368 compilati
1584 2295 1677 2370 sont,
1717 2281 1792 2347 nibil
1820 2299 1864 2347 ex
1886 2284 2001 2346 nostra
2022 2278 2129 2364 legum
2151 2280 2230 2346 civi·

364 2376 443 2442 lium
465 2376 655 2443 collectione
677 2377 967 2447 translatumesse
989 2383 1180 2468 reperiatur.
1226 2380 1326 2448 Cuius
1348 2383 1395 2448 rei
1418 2402 1567 2450 caussam
1590 2382 1815 2464 caenosus)
1846 2381 1930 2448 hanc
1960 2379 2101 2447 reddere
2123 2380 2233 2476 voluit,

366 2477 452 2564 qnod
473 2479 566 2562 ipsae
588 2479 838 2546 constitutiones
860 2481 945 2567 apud
967 2489 1109 2548 nostrum
1130 2484 1323 2570 scriptorem
1351 2485 1478 2551 relatae
1508 2485 1658 2570 integrae
1680 2484 1857 2569 habentur,
1889 2501 1972 2570 quae
2000 2501 2056 2549 res
2086 2481 2232 2548 Graecos

364 2577 567 2664 interpretes
587 2579 766 2668 induxerit,
789 2587 824 2646 ut
845 2581 908 2647 hoc
929 2582 1035 2666 legum
1056 2585 1136 2650 libro
1158 2584 1392 2670 praetermisso
1414 2587 1573 2671 epitomas
1595 2585 1857 2652 constitutionum
1879 2583 2105 2671 sequerentur.
2128 2619 2173 2632 —-
2197 2587 2232 2648 In

365 2679 436 2746 iure
460 2679 657 2747 Graecorum
680 2680 767 2746 civili
785 2681 923 2768 aliquem
945 2685 1048 2750 nostri
1068 2685 1140 2750 libri
1163 2705 1254 2752 usum
1276 2687 1379 2752 fuisse
1408 2686 1524 2752 Codex
1546 2685 1746 2752 BodleIanns
1774 2704 1905 2752 numero
1935 2681 2055 2751 3399.
2086 2683 2233 2770 signatus

366 2783 452 2849 satis
473 2782 689 2862 declarato).
720 2782 767 2848 lbi
782 2783 816 2847 iu
833 2784 926 2874 libro,
947 2804 1041 2870 quem
1057 2785 1293 2852 Zacborioetrs
1316 2789 1476 2874 epitomes
1498 2788 1606 2872 legum
1627 2789 1755 2854 nomine
1777 2786 1951 2874 significat,
1972 2786 2096 2872 aliquot
2111 2785 2234 2852 consti-

318 2907 320 2912 ·
366 2883 520 2970 tationes,
542 2899 625 2969 quae
647 2881 733 2969 apud
754 2890 899 2950 nostrum
920 2886 1112 2972 scriptorem
1134 2887 1310 2976 habentur,
1342 2889 1467 2954 relatae
1489 2895 1576 2954 sunt.
1629 2889 1716 2957 Sunt
1737 2894 1844 2956 autem
1865 2887 1938 2954 hae.
1982 2887 2055 2953 uol.
2083 2883 2172 2952 149.
2193 2887 2233 2953 Α.

362 2979 594 3048 Ἰονστινιανού
628 2981 737 3066 νόμος.
789 2982 1039 3070 Αότοιιράτορες
1075 2985 1248 3064 Θεοδόσιος
1285 2991 1342 3054 καὶ
1373 2985 1640 3067 Οὐαλεντινιανός
1673 3013 1729 3055 οισι.
1770 2986 1924 3078 ‘opacos
1954 2987 2085 3076 ἐπάρχῳ
2109 2976 2233 3055 iffi

365 3084 483 3170 IncipIt
509 3085 707 3168 θεσπιζομεν
736 3081 844 3150 πάντα
873 3082 946 3152 ὅσα.
1000 3087 1134 3154 Desinit
1162 3087 1338 3156 διδάσκειν.
1380 3089 1447 3157 Bst
1474 3096 1572 3179 caput
1602 3091 1634 3156 1.
1658 3091 1857 3158 collectionis
1885 3089 1982 3156 XXV
2009 3089 2232 3176 capitulorum.

364 3183 624 3272 Subscriptionis
645 3187 678 3252 in
701 3185 822 3253 Codice
844 3186 1023 3255 Bodleiano
1045 3189 1219 3274 vestigium
1241 3210 1306 3256 non
1328 3197 1390 3257 est.
1419 3231 1452 3241 -
1499 3193 1568 3260 unt
1593 3188 1899 3258 91.’1ουστινιανσῠ
1919 3193 1979 3257 τοῦ
2000 3187 2234 3310 εὐσεβεστάτου

364 3288 520 3371 βασιλέως
547 3288 616 3372 περὶ
642 3287 850 3364 τελευτῶντος
877 3291 934 3354 καὶ
962 3287 1240 3373 &solinaricense
1266 3289 1468 3379 κληρονόμον
1494 3295 1667 3372 ἐκκλησίαν
1696 3289 1897 3371 οἱανδήποτε.
1940 3288 1973 3358 0
2002 3290 2103 3370 αὐτὸς
2135 3295 2235 3380 βασι-

363 3384 437 3462 λεὺς
457 3382 623 3469 Ἰουλιανῳ
651 3384 782 3471 ἐπάρχῳ
803 3393 1007 3475 πραιτοράον.
1051 3393 1169 3479 Incipit
1189 3391 1362 3481 ἐπειδήπερ.
1406 3393 1539 3460 Desinit
1560 3395 1726 3480 πρέσβειον
1747 3391 1853 3484 [sic.
1899 3391 1965 3458 Est
1986 3392 2238 3481 συρυ19.υο1-

364 3487 517 3555 lectIonis
546 3487 643 3553 XXV
666 3489 884 3575 capitulorum.
929 3490 1171 3579 Subscriptio
1162 3514 1196 3560 ιιι
1224 3494 1346 3561 Codice
1374 3493 1554 3563 Bodleiano
1576 3497 1659 3562 haec
1680 3501 1751 3562 est:
1833 3480 2022 3562 .ΠῙ1
2041 3482 2159 3564 W
2086 3495 2239 3564 OCB

362 3575 508 3656 W
529 3586 562 3654 F
567 3585 599 3652 Τ
621 3585 717 3656 OBG
735 3577 798 3680 00
823 3589 956 3657 SS-
978 3593 1049 3658 Boi.
1075 3589 1138 3659 97.
1167 3592 1312 3672 Λέοντος
1331 3593 1429 3677 νόμος
1450 3599 1521 3681 περὶ
1547 3599 1606 3662 τοῦ
1633 3594 1676 3680 μὴ
1703 3595 1819 3679 ἐξεῖναι
1849 3593 1997 3678 μοναχὸν
2023 3595 2176 3678 ἐξελθεῖν
2204 3606 2240 3664 ἐν

363 3692 424 3757 τοῦ
457 3695 675 3774 μοναστηριον
701 3689 805 3757 αὐτοῦ
840 3697 898 3760 καὶ
931 3690 1092 3782 περιάγειν
1122 3702 1155 3761 ἐν
1188 3694 1289 3762 πόλει.
1343 3695 1593 3784 Αὐτοκράτορος
1627 3702 1723 3766 Λέων
1756 3699 1814 3764 καὶ
1844 3693 2021 3781 Ἁνθὲμιος
2055 3697 2241 3782 σάγουστοι

363 3789 488 3870 Ζήνωνι
509 3791 687 3874 στρατηγῷ.
729 3792 847 3878 Incipit
868 3799 901 3859 ot
920 3801 955 3859 ἐν
975 3805 1054 3871 τοῖς.
1099 3795 1234 3863 Desinit
1254 3794 1424 3880 αὐστηρίᾳ.
1469 3795 1534 3864 Bst
1560 3817 1632 3886 cap.
1663 3796 1698 3863 3.
1729 3798 1930 3867 collectionis
1951 3799 2048 3866 XXV
2071 3801 2243 3888 capitulo-

361 3913 442 3960 rum.
486 3889 690 3975 Subscriptio
712 3891 744 3957 in
767 3891 888 3961 Codice
910 3895 1091 3962 Bodleiano
1112 3917 1177 3964 uon
1199 3904 1261 3964 est.
1289 3935 1322 3948 —
1350 3899 1420 3964 ool.
1445 3896 1509 3965 96.
1542 3896 1775 3966 ’1ουστινιανοῦ
1800 3898 1900 3982 νόμος
1920 3901 1991 4019 περὶ
2012 3901 2074 3966 τοῦ
2099 3899 2149 3983 μὴ
2173 3903 2242 3968 δεῖν

362 3989 451 4059 κατά
471 3988 600 4071 τάξιν
582 4014 602 4068 τι
622 3989 761 4075 βαθμὸν
781 4000 941 4082 πρωτείων
961 3999 1119 4079 γενέσθαι
1141 3996 1217 4115 τοόρ
1238 3996 1473 4083 ηχουμένους’
1455 4025 1475 4078 ιχ
1496 3997 1555 4076 τάς
1575 3997 1767 4088 ἡγουμένοις,
1793 3998 1879 4068 citri
1900 3999 1974 4066 κατ’
1999 4001 2140 4085 ἐκλογὴν
2162 4001 2244 4068 ἐνά-

362 4115 455 4182 ρετον
476 4093 532 4157 καὶ
554 4088 668 4156 ἱκανόν
689 4089 890 4172 ἀντέχεσθαι
912 4099 1041 4182 ψυχάν.
1082 4094 1116 4164 O
1137 4095 1237 4175 αὐτὸς
1256 4096 1409 4185 βασιλεὺς
1426 4097 1594 4184 Ἰουλινινῷ
1616 4100 1747 4190 ἐπάρχῳ
1768 4107 1978 4218 πραιτωρίρυ.
2022 4105 2147 4190 Incipit
2171 4113 2246 4180 τοῖς

361 4199 470 4278 ἐεροις.
514 4189 702 4259 Desinit
666 4217 776 4276 νομον.
820 4193 887 4263 uso
909 4217 980 4286 cap.
1003 4196 1039 4264 9.
1069 4199 1272 4266 collectionis
1299 4200 1397 4267 XXV
1425 4201 1645 4288 capitulorum.
1693 4203 1937 4290 Subscriptio
1927 4223 1961 4270 ιιι
1991 4201 2118 4272 CodIce
2146 4204 2248 4272 Bod-

359 4293 468 4360 leiano
497 4291 603 4360 deest.
649 4329 683 4342 -
741 4297 813 4363 unt.
836 4296 900 4364 46.
932 4297 1163 4366 Ἰουστινιανοῐι
1190 4297 1289 4382 νόμος
1313 4300 1533 4385 βουλευτάς“
1515 4327 1535 4381 η
1563 4301 1722 4384 ταξεάτσις
1748 4302 1793 4388 μὴ
1821 4305 1978 4387 γίνεσθαι
1999 4305 2248 4386 ἐπισκόπουςῆ

360 4392 541 4518 ιιλρριιιοός,
563 4399 592 4458 εἰ
611 4416 703 4477 μηποι
725 4396 889 4464 currictico
909 4397 1074 4482 cccccccccc
1093 4403 1171 4482 μηδὲ
1192 4398 1363 4486 stupescis
1384 4399 1575 4480 οιουδὴποτε
1596 4404 1764 4487 τάγματος
1793 4403 2010 4505 ἀφίστασθαι
2030 4407 2091 4472 τοῦ
2114 4408 2249 4494 κλήρου

360 4497 418 4560 και
438 4493 677 4582 στρατεύεσθαι
698 4498 753 4561 καὶ
775 4498 869 4584 ἕτερά
889 4523 963 4564 τινα
983 4509 1144 4588 περιέχων.
1185 4497 1337 4579 Οαόνός
1356 4499 1508 4586 βασιλεὺς
1534 4501 1668 4592 Ιοιάννῃ
1697 4504 1827 4596 ἐπάρχῳ
1854 4528 1977 4574 aaron.
2020 4509 2147 4595 Incipit
2178 4511 2252 4578 aa·

359 4596 519 4677 σπίζομεν.
563 4594 696 4662 Desinit
717 4597 974 4682 φυλαττομένου.
1017 4600 1082 4668 Bst
1103 4622 1175 4690 cap.
1205 4603 1264 4668 11.
1286 4603 1489 4670 collectionis
1510 4605 1608 4672 XXV
1630 4608 1851 4695 capitulorum.
1879 4605 2118 4694 SubscriptIo
2107 4630 2147 4678 ιιι
2175 4612 2252 4678 Co-

360 4693 433 4762 dice
455 4695 633 4764 Bodleiano
654 4717 719 4764 non
741 4701 803 4763 est.
847 4699 989 4768 Praeter
1008 4703 1109 4789 haec,
1145 4722 1229 4790 qnae
1255 4704 1289 4770 iu
1320 4709 1475 4771 contextu
1498 4703 1629 4774 Codicis
1651 4708 1823 4776 Bodleiani
1845 4709 2015 4798 habentur,
2043 4707 2134 4778 idem
2160 4711 2254 4781 liber

357 4798 597 4884 manuscriptus
619 4800 706 4867 aliud
727 4800 822 4866 huius
843 4801 892 4866 rei
913 4803 1087 4889 vestigium
1108 4803 1218 4872 habet.
1260 4804 1315 4870 Ad
1336 4806 1512 4891 margInem
1529 4807 1660 4878 Codicis
1688 4811 1773 4878 enirn
1794 4809 1848 4877 Iol.
1872 4806 1936 4877 96.
1958 4809 2042 4878 haec
2065 4811 2255 4896 leguntur·

355 4891 644 4964 Ἰονστινιανοῡ
608 4925 716 4983 νομος,
749 4897 801 4966 ὅτι
833 4899 873 4966 σά
898 4901 962 4990 χρὴ
983 4910 1157 4971 ἐπίσκοπον
1185 4908 1305 4983 ἔχοντα
1331 4915 1475 4990 γυναῖκα
1502 4907 1522 4988 ἢ
1549 4918 1648 4976 τέκνα
1673 4908 1842 4994 γενέσθαι.
1890 4908 1924 4978 0
1951 4909 2053 4988 αὐτὸς
2079 4913 2256 4996 βασιλεὺς

354 4992 485 5082 Ιοιάννρ
505 4998 635 5087 ἐπάρχῳ
657 5007 866 5092 πραιτοιρίοιν.
910 5005 1029 5092 Incipit
1050 5007 1246 5088 θεσπιζομεν
1266 5009 1396 5102 podera.
1441 5007 1614 5076 Desinit’
1594 5009 1804 5095 αρεσκοάσης.
1855 5009 1921 5078 uso
1949 5030 2021 5099 cop.
2048 5011 2109 5078 19.
2134 5016 2256 5083 colle-

358 5101 475 5167 ctionis
496 5100 592 5167 XXV
615 5105 835 5190 capitulorum.
880 5101 1125 5195 Subscriptio
1116 5129 1149 5176 ιιι
1178 5106 1300 5174 Codice
1329 5107 1511 5180 Bodleiano
1542 5111 1624 5179 haec
1652 5119 1723 5180 est.
1758 5134 1792 5178 n.
1814 5133 1841 5179 r.
1862 5133 1897 5201 ιχ.
1920 5113 1952 5179 h.
1973 5133 2054 5178 aas.
2077 5131 2137 5180 ον.
2166 5136 2255 5182 νον.

356 5217 410 5267 os.
434 5205 537 5266 caron.
560 5223 615 5268 nr.
638 5223 692 5270 cn.
737 5210 775 5270 ln
798 5203 920 5271 Codice
944 5207 1157 5276 bibliothecae
1178 5207 1258 5274 Divi
1279 5211 1400 5298 Marci,
1437 5231 1521 5299 quae
1544 5213 1694 5281 Venetiis
1722 5221 1792 5304 est,
1822 5233 1955 5282 numero
1984 5209 2260 5303 marignano

357 5301 482 5390 cadem,
505 5321 588 5390 quae
609 5307 644 5376 iu
664 5304 841 5376 Bodleiano
864 5304 994 5394 3399,
1018 5309 1160 5402 epitome
1182 5309 1291 5402 legum
1312 5313 1493 5404 reperitur,
1515 5313 1625 5404 ibique
1646 5315 1691 5406 id,
1718 5313 1802 5404 qnod
1824 5315 1934 5384 uitium
1955 5314 2029 5384 loeo
2050 5317 2262 5406 retulimus,

505 5556 792 5616 sauromatarum
810 5567 872 5617 tom.
891 5569 912 5617 1.
930 5582 956 5631 p.
975 5569 1021 5619 Li.
1155 5567 1354 5628 91)1ο111ιιοι
1379 5571 1431 5624 Dte
1449 5573 1609 5625 Geschtchtc
1625 5573 1676 5625 der
1693 5571 1873 5637 Novellecp.
1899 5572 1958 5625 too.
2093 5571 2160 5634 25)
2180 5575 2264 5626 Vide

354 5635 491 5693 :rutam
509 5645 572 5692 tom.
590 5643 611 5692 1.
630 5659 655 5706 p.
673 5645 809 5700 bxxli-
817 5651 938 5702 LXXVI.
958 5659 987 5702 eo
1003 5651 1170 5712 zachartaet
1186 5653 1298 5703 librom:
1318 5650 1474 5726 ὅπρόχιιο
1420 5675 1488 5725 ιρις
1504 5655 1583 5719 νόμος
1599 5671 1625 5720 p.
1643 5657 1732 5707 829—
1740 5659 1801 5711 881.
1834 5659 1909 5721 ilos,
1927 5669 1996 5723 quon
2013 5657 2158 5723 deinceps
2179 5661 2262 5714 affa-

355 5735 455 5792 remus,
471 5726 549 5778 locos
567 5729 757 5783 zachariam
772 5745 823 5800 pro
841 5746 883 5800 ea,
901 5747 952 5804 qua
969 5747 1036 5802 erga
1052 5749 1096 5790 rue
1113 5741 1164 5803 cot,
1180 5740 1301 5792 amicula
1317 5752 1421 5793 mecum
1440 5743 1640 5793 cummunicare
1657 5741 1751 5796 uoluti.
