4824 7048
377 1685 436 1794 N
437 1679 820 1793 ovuhlrnh
862 1677 1463 1791 IMPERATORUM
1506 1678 1788 1790 BYZAN
1797 1674 2220 1792 Timonem„

1101 1999 1450 2020 -ι--ιιυι-μ--μ-

1265 2316 1295 2385 Ι.

339 2499 459 2582 Νεαρά
480 2521 539 2564 του
524 2497 711 2596 ’βασιλέως
726 2498 827 2585 νεαροῦ
849 2495 1174 2597 Κωνσταντίνοο
1195 2496 1254 2560 τοῦ
1305 2493 1452 2562 Novello
1472 2493 1693 2581 Imperatore}
1713 2513 1756 2560 oo
1777 2491 1919 2560 Domini
1940 2491 2219 2558 Constantini

380 2567 1254 2688 Πορᾘφορογεννήτοοῑηερὶτῶνἀδιαθέτωςτε-
1348 2578 1718 2730 PorphyroAEenili
1744 2577 1836 2646 De
1823 2582 1881 2666 tio,
1912 2581 1970 2665 qui
1998 2575 2041 2642 ab
2063 2578 2215 2641 litteriolo

380 2663 563 2736 λευσσόντων
588 2668 725 2773 χωρὶς
716 2665 883 2732 παῦλαν
859 2690 942 2732 crore
969 2665 1013 2749 99
1041 2663 1079 2731 τὸ
1107 2667 1172 2730 πᾶν
1199 2669 1254 2742 τῆς
1347 2667 1421 2729 aine
1441 2663 1553 2731 liberta
1613 2665 1752 2751 cedunt,
1773 2666 1813 2729 ut
1829 2683 1873 2730 ιιε
1895 2663 2038 2728 solidum
2059 2658 2215 2726 ῦοιιοπιτιι

378 2755 566 2858 περιουσίας
593 2759 662 2826 τοῖς
689 2757 726 2815 ἐκ
753 2748 862 2848 νὸγγονν
883 2753 1111 2848 καλουμένοις,
1140 2772 1254 2831 σογγε-
1347 2748 1532 2834 defituoli
1519 2757 1577 2834 ιιέ,
1629 2751 1666 2815 αἱ
1677 2767 1741 2834 γιον·
1742 2712 1843 2834 loyes
1858 2749 2038 2915 οοεαηίιιι·
2070 2746 2212 2829 οογιιολιίε

380 2843 449 2901 νέσι
475 2835 591 2915 τυχόν,
624 2831 645 2912 ἢ
672 2837 725 2898 καὶ
752 2833 876 2900 τούτων
904 2833 947 2934 μή
974 2831 1170 2930 προςόντων,
1208 2835 1255 2934 r9‘r
1346 2835 1411 2979 vel
1432 2833 1523 2919 forle
1542 2833 1602 2900 loli
1684 2851 1753 2900 non
1773 2793 2038 2915 εαεῦααίἱῦαεΙή
2030 2848 2088 2894 oco
2109 2825 2213 2893 oblitt-

382 2921 526 3002 δημοσίῳ
554 2920 841 3024 προσκοροῡσθαι,
868 2915 954 2984 ἀλλὰ
979 2943 1106 2994 τοοτοις
1131 2921 1189 3000 γοῦν
1216 2915 1254 2982 τὸ
1344 2936 1415 3003 ρο,
1393 2879 1490 2982 laed
1504 2916 1605 2984 utlaio
1619 2915 1999 3017 qm'dombt'naeparlet,
2022 2915 2212 2980 teriiaoero

381 3005 571 3106 δίμοιρον,
572 3001 610 3067 τὸ
639 3004 674 3067 δὲ
700 3007 810 3086 τρίτον
835 3005 881 3087 τῷ
905 3004 978 3086 θεῷ
1006 3000 1256 3104 ἀφοσιοῦσθαι·
1348 2965 1426 3069 Deo
1446 3005 1623 3088 σαοτεῦιιτγ
1608 3021 1714 3152 ,ὥνια
1730 3006 1867 3069 elaea-m
1861 2996 2220 3086 ’,οοαιγινεῦεηιὶιτιιλιιτ

382 3079 410 3191 9
441 3085 690 3186 σονιισάγονται
726 3090 783 3152 καὶ
818 3093 856 3186 σε
897 3089 1026 3166 δοῦλοι,
1060 3083 1254 3170 ἀξιούμενοι,
1349 3103 1433 3174 quoa
1459 3083 1610 3154 libertate
1670 3104 1757 3174 γηοι
1781 3104 1856 3154 ease
1881 3102 2047 3171 praesens
2072 3045 2223 3150 Νοσολλά

382 3152 449 3239 ἀπὸ
470 3174 527 3250 τῆς
499 3167 712 3259 γνιαρούσης
731 3173 857 3256 νεαρᾶς,
879 3172 1076 3256 ἐλεοθοριᾝας
1349 3173 1472 3238 θεατοῦ

428 3293 669 3374 (monentium.)
706 3289 852 3368 Πολλακις
873 3287 1033 3398 ἐθαύμασα
1053 3296 1110 3355 τιῦν
1130 3288 1183 3366 τάς
1202 3288 1255 3356 πό·
1391 3290 1629 3371 (Prooemium)
1680 3298 1777 3368 saepo
1799 3294 1923 3352 miratus
1944 3309 2027 3367 sum,
2052 3292 2140 3365 quod,
2170 3291 2226 3364 qui

342 3383 399 3452 λεις
425 3381 665 3478 συστησαμένων,
678 3382 725 3440 καὶ
747 3374 849 3479 νόμοις
869 3376 939 3439 καθ’
963 3373 1013 3450 οῦς
1039 3372 1176 3458 προσήκει
1195 3380 1254 3439 θια-
1307 3377 1446 3438 civitates
1469 3380 1680 3456 condiderunt,
1709 3381 1867 3456 legesque,
1890 3379 2053 3436 secundum
2075 3393 2152 3449 quas
2171 3379 2227 3434 vi-

343 3464 409 3542 ζῇν
402 3457 665 3565 ὀρισαμένων,
646 3485 692 3524 οτι
713 3474 772 3565 τοῖς
793 3467 850 3524 τῶν
871 3460 1072 3566 ἀποιχομένων
1086 3465 1254 3544 συγγενέσιν,
1305 3479 1378 3522 νοιο
1398 3464 1506 3540 decet,
1528 3422 1756 3540 eonstitue'runt,
1780 3464 1988 3522 detunctorum
2008 3463 2226 3539 cognatis,li-

342 3544 409 3610 ἔσθ’
432 3569 482 3608 ονε
503 3549 550 3608 καλ
571 3546 656 3626 μηδὲν
677 3539 754 3618 εἰς
736 3569 837 3650 σνιγσινἱ
854 3543 952 3618 αὐτοῖς
973 3552 1118 3627 περιοῦσιν
1136 3551 1254 3627 εἰσενιγ·
1306 3553 1355 3606 cet
1373 3549 1433 3606 illis
1455 3549 1525 3606 dnm
1545 3550 1698 3625 viverent,
1724 3553 1758 3606 ut
1779 3549 1901 3621 saepius
1922 3549 2044 3606 evenire
2065 3548 2165 3622 solet,
2189 3562 2227 3604 ne

343 3633 489 3734 ναμένοις,
519 3632 566 3731 καλ
595 3635 652 3692 νῦν
678 3635 791 3693 ἐνθένθε
819 3629 938 3694 ἀπιοῦσι
958 3643 1118 3738 παρασγειν
1139 3635 1254 3736 ‹5999-
1305 3635 1456 3692 minimum
1475 3635 1591 3707 quidem
1604 3633 1742 3692 utilitatis
1756 3633 1908 3690 attulerint
1908 3649 2025 3707 ,nequa
2041 3631 2079 3689 de
2091 3632 2152 3690 hac
2166 3633 2228 3689 vita

342 3738 419 3791 νοις,
449 3712 484 3776 οῦ
514 3711 570 3794 μήν
611 3712 687 3777 ἀλλά
712 3717 760 3777 καὶ
770 3717 970 3819 βασιλεῦσιν,
1000 3711 1043 3788 οἷς
1069 3711 1103 3796 θή
1134 3711 1227 3819 τάγα
1236 3713 1253 3778 ὁ
1306 3718 1518 3776 decedentibus
1546 3719 1704 3793 quidquam
1724 3719 1868 3791 prodesse
1889 3719 2053 3791 potuerint,
2075 3719 2168 3775 immo
2196 3723 2227 3775 et

343 3794 455 3902 θιβιοῦς
480 3796 541 3860 οὐδ’
562 3800 591 3860 έν
612 3792 783 3881 ἐσχάταις
766 3823 800 3901 99
820 3798 986 3902 ὑπηρεσίαις
1006 3803 1181 3902 ἐναρίθμιος,
1209 3793 1255 3863 ὅτι
1306 3805 1552 3878 imperatoribus,
1586 3819 1710 3877 quorum
1738 3803 1903 3860 ministerio
1932 3803 2096 3860 defunctus
2125 3819 2168 3859 ne
2195 3804 2228 3858 in

344 3879 522 3988 θήσοῦτοις,
543 3879 703 3946 ἀῦιαθέτοο
725 3905 801 3956 τινος
821 3879 1060 3964 τελευτήσαντος,
1084 3882 1134 3946 τάν
1153 3886 1257 3965 κλῆρον
1306 3888 1419 3946 ultimis
1443 3889 1560 3961 quidem
1580 3890 1684 3946 forsan
1703 3887 1856 3946 ordinibus
1882 3886 2124 3944 adnumerandus
2155 3892 2229 3958 erat,

342 3973 396 4048 τῆς
425 3969 620 4048 παρανοίας,
627 3965 666 4040 ἀς
696 3964 730 4048 δή
758 3991 785 4030 τι
813 3970 885 4070 γέγα
912 3971 1197 4072 προσκεγσρισμένοις
1208 3969 1257 4048 ²),
1307 3973 1386 4046 qnod
1400 3973 1600 4048 his',1nquam‚
1615 3972 1723 4045 siquis
1739 3975 1776 4030 ab
1790 3973 1933 4028 intestato
1948 3972 2230 4046 decesserit,qnasi

344 4054 536 4154 λγαρίσαντο,
560 4050 627 4154 699
655 4053 685 4113 di
711 4057 753 4156 193
781 4048 896 4114 πάντων
923 4049 1043 4158 πλάστγ
1069 4056 1116 4114 κοιλ
1137 4055 1257 4156 βασιλεῖ,
1307 4057 1432 4116 mirifice
1453 4057 1490 4114 do
1512 4072 1548 4115 eo
1569 4059 1696 4142 meritis,
1722 4057 1820 4115 omnia
1841 4057 1907 4114 eius
1928 4057 2007 4114 bona
2027 4057 2136 4132 largiti
2159 4062 2230 4112 sunt

345 4133 415 4238 παρ’
448 4126 481 4197 οῦ
510 4129 620 4212 σῦν,ὅ
649 4159 677 4198 τι
706 4133 859 4198 κάλλισνον
883 4142 912 4199 εν
941 4133 1124 4240 ἀνθρώποις,
1156 4142 1198 4216 τῷ
1220 4135 1257 4201 τά
1307 4142 1516 4216 legislatores,
1538 4141 1616 4240 quod
1636 4147 1736 4199 autem
1757 4145 1835 4216 ileo,
1865 4141 1993 4198 omniurn
2013 4156 2113 4198 rerum
2139 4157 2231 4198 crea-

345 4215 442 4283 αάντα
483 4217 549 4299 ἡμῖν
582 4215 819 4321 γαριζομέγιγ,”
795 4243 871 4283 ωστε
898 4216 999 4296 καλ,“
982 4246 998 4284 ο
1029 4218 1161 4324 atram)
1190 4227 1259 4284 νοῦν
1309 4227 1368 4284 tori
1389 4242 1425 4283 ac
1446 4227 1528 4302 regi,
1550 4226 1609 4304 cui,
1631 4241 1707 4299 qnae
1728 4225 1807 4300 apud
1828 4226 1964 4283 homines
1992 4225 2232 4298 deprehendun-

345 4303 510 4408 ὑπεραίρει,
541 4300 795 4407 σογκληρονόγγοος
834 4310 979 4385 Χριστοῦ,
1021 4302 1259 4410 29999690999'
1309 4315 1367 4384 tur,
1394 4311 1592 4384 pulcherrima
1619 4327 1754 4385 quaeque
1781 4311 1834 4368 uni
1863 4310 2017 4384 debentur,
2048 4310 2100 4382 qui
2130 4310 2235 4368 omnia

346 4385 437 4452 αὐτοῦ
446 4382 666 4492 ἐνστήσασθαι
695 4385 743 4451 dcci
770 4394 919 4492 Χριστοῦ,
947 4390 1011 4453 οὐδὲ
1036 4388 1071 4454 τὸ
1096 4388 1259 4494 πολλοστὸν
1310 4395 1395 4454 uobis
1416 4395 1544 4472 largitos
1566 4399 1623 4472 est,
1646 4396 1690 4453 ita
1710 4401 1752 4470 ut,
1764 4395 1845 4469 quod
1865 4410 1982 4452 omnem
1996 4395 2120 4452 excedit
2133 4395 2234 4452 ratio-

346 4477 415 4577 γοῦν
435 4468 662 4576 ἀπονενεμήκασι
681 4470 832 4580 μερος,”
807 4496 906 4576 9999
927 4471 1092 4580 999929909
1112 4471 1202 4539 αὐτὸν
1223 4474 1258 4582 99³
1310 4495 1388 4556 ιιοιιι,
1415 4479 1578 4538 coheredes
1599 4480 1726 4556 christi,
1747 4483 1778 4538 et
1805 4495 1859 4553 per
1880 4480 2031 4538 Christum
2052 4479 2100 4536 sul
2133 4480 2233 4554 ipsius

346 4553 546 4657 ἀμνημοσῦνήρ
571 4555 714 4656 ἀφέμενοι.
742 4555 832 4621 Ἀλλὰ
857 4555 891 4622 τὸ
913 4559 963 4661 γάγ
982 4555 1175 4640 ἀνθρώπους,
1204 4561 1259 4664 εἴγε
1309 4563 1437 4623 heredes
1458 4580 1512 4622 nos
1534 4564 1714 4642 instituerit,
1735 4580 1774 4622 no
1795 4564 1971 4638 scriptulum
1992 4564 2114 4636 quidem
2137 4566 2234 4622 here-

347 4645 396 4703 θεν
417 4637 484 4714 τοῦς
508 4636 547 4720 μή
577 4637 630 4702 τὸν
651 4641 797 4744 εανιιῦν4)
819 4639 1011 4723 ἐπεγνακάτας
1032 4641 1153 4724 ποιητήν
1173 4651 1259 4708 τοῦτο
1311 4649 1414 4706 ditatis
1436 4650 1648 4724 attribuerunt,
1676 4654 1841 4724 tamquam,
1871 4649 1938 4707 eius
1965 4649 2069 4724 obliti,
2095 4649 2232 4708 exhere-

347 4729 449 4801 εἰπεῖν,
464 4726 540 4827 περὶ
567 4721 676 4788 τοῦτον
706 4720 798 4824 οὕτως
825 4730 985 4800 ἐκθέσθαι,
1012 4733 1038 4790 al
1056 4731 1104 4789 καλ
1125 4725 1261 4832 μαμγτόν
1312 4733 1467 4794 demeum
1495 4690 1756 4808 praetermiserint.
1802 4735 1850 4792 lta
1878 4738 1977 4792 autem
2005 4733 2158 4808 homines,
2180 4733 2231 4790 si-

292 4824 299 4837 ·
346 4813 396 4873 καλ
418 4805 472 4872 ἀλό
475 4829 587 4890 γιστον,
607 4805 682 4873 ἀλλα
703 4806 801 4872 καινὸν
822 4808 903 4873 οῦδὲν
924 4809 986 4911 οὐδ’
1008 4807 1172 4916 αῦόγγτον,
1181 4811 1261 4916 απαξ
1313 4819 1431 4891 quidem
1458 4820 1615 4894 homines,
1645 4819 1698 4891 qul
1723 4833 1808 4876 suum
1829 4818 1959 4891 ipsorum
1981 4823 2149 4878 creatorem
2168 4831 2235 4874 non

348 4893 570 4974 ἀποσφαλέννσς
598 4900 651 4956 τοῦ
680 4892 865 5000 καθήκοντος
888 4891 963 4978 πρὸς
984 4891 1018 4958 τὸ
1041 4901 1076 4975 τῇ
1097 4894 1172 4978 ἀργῇ
1193 4893 1261 4960 ἀκῦ-
1312 4907 1490 4978 agnoscunt,
1515 4903 1616 4961 dicere
1637 4903 1804 4978 decet,his
1825 4903 1973 4961 derebus
1994 4907 2151 4979 statuere,
2172 4902 2238 4961 etsi

348 4981 459 5082 λονθον
472 4973 648 5081 ἐπιρπιῦθειν
665 4974 827 5084 κατάλυμα.
847 4978 1000 5083 ἀνθρωττοι
1020 4982 1060 5056 dt,
1081 4975 1125 5054 οἷς
1141 4985 1217 5044 ἐστιν
1234 4987 1262 5044 dr
1313 4987 1520 5046 detestandum
1541 4988 1582 5044 sit
1601 4987 1768 5060 rationique
1788 4987 1983 5062 eontrarium,
2008 4991 2111 5045 tamen
2134 5003 2240 5060 nequa

349 5061 491 5143 οὐρανοῖς,
511 5053 530 5144 9
551 5083 652 5166 φήσιν
657 5061 674 5125 ὁ
697 5069 779 5136 θεῖος
799 5060 973 5139 ἀπόστολος,
983 5065 1013 5143 ⁵)
1041 5060 1075 5128 τὸ
1096 5067 1263 5148 πολίτευμα,
1313 5085 1422 5130 novum
1444 5077 1501 5147 est,
1519 5087 1577 5129 nec
1597 5071 1791 5146 inopinatum,
1811 5087 1874 5146 eos,
1895 5073 1947 5145 qul
1961 5088 1980 5127 a
1995 5073 2131 5137 tramite,
2140 5072 2243 5131 oltlcii

349 5151 397 5211 καλ
424 5150 527 5229 κλῆρος
562 5143 580 5226 ή
611 5150 669 5209 νῦν
702 5145 830 5230 οὐρανῶν
862 5145 1028 5231 ἐπήγγελται
1059 5149 1206 5229 βασιλιία,
1236 5151 1266 5215 οἳ
1315 5156 1408 5214 semel
1434 5157 1659 5231 aberraverint,
1692 5157 1821 5230 hospitio
1855 5117 1967 5216 t'alibus
1993 5157 2128 5230 inceptis
2160 5173 2245 5214 con-

1314 5241 1447 5298 venienti
1472 5241 1679 5315 adproperare.
1722 5243 1863 5300 Homines
1882 5257 1974 5316 vero,
2000 5255 2132 5314 qnorum
2156 5242 2245 5299 cint-

1315 5330 1374 5398 tas,
1394 5329 1429 5384 ut
1448 5326 1545 5384 Divus
1566 5327 1609 5384 ait
1628 5326 1810 5400 Apostolus,
1838 5326 1870 5384 in
1891 5326 1985 5384 coelis
2006 5333 2069 5398 est,
2098 5327 2245 5399 quibus-

1316 5423 1375 5484 que
1393 5425 1519 5488 regnum
1540 5411 1690 5471 coelorum
1710 5411 1744 5473 in
1764 5411 1960 5472 hereditatem
1979 5411 2171 5486 promissum
2185 5417 2246 5486 ast,

505 5689 535 5745 1)
552 5687 593 5737 De
611 5691 718 5738 nomine
735 5687 967 5754 Ροτγνιιγνογειιθι
983 5691 1019 5740 of.
1037 5690 1176 5743 districtam
1194 5695 1222 5742 in
1240 5689 1447 5744 Commentariis
1464 5693 1497 5744 ad
1515 5693 1720 5750 commntrnum
1737 5695 1870 5761 Porphyr.
1904 5695 1946 5746 De
1963 5696 2148 5748 caerimoniis
2157 5699 2249 5748 aulae

354 5755 520 5817 synanticae
536 5755 585 5806 Ed.
603 5757 795 5817 Bonnensisp
811 5756 871 5806 25³.
890 5755 934 5808 ol.
993 5757 1581 5848 2)Οοᾱ.Ριιι·ίο.18θ1.νιροοκεχσρσγιάνοι
1638 5764 1833 5822 8)God.1’ltr
1849 5761 1960 5821 πάντως
2012 5763 2045 5821 4)
2062 5763 2136 5814 cnm
2157 5767 2249 5818 lazur.

354 5821 427 5874 θεῶν.
493 5825 523 5881 ³)
546 5823 567 5873 l
584 5823 656 5873 Petr.
676 5824 699 5873 1.
724 5834 796 5872 vers.
821 5825 847 5874 4.
890 5823 957 5875 cod
984 5825 1046 5876 Par
1064 5823 1091 5875 ἐν
1108 5823 1166 5894 οῦρ.
1184 5823 1215 5877 τὸ
1232 5829 1293 5880 πολ.
1286 5861 1310 5894 .,
1328 5824 1348 5895 9
1363 5845 1424 5895 φηο.
1443 5827 1500 5880 ὅθ
1475 5827 1576 5881 «Mar.
