4790 7064
399 532 425 602 o
1107 532 1534 604 A'rriANAsli

398 728 523 786 λείπεται
548 727 604 784 τεῦι
631 719 714 804 τριῶν
742 725 843 802 λιτρῶν
871 722 888 803 ν)
916 717 1125 801 ἐκελησναστνκὴ
1151 719 1302 803 πρόσωδος
1343 725 1455 782 reditus
1483 725 1629 784 ecclesiae
1655 723 1693 782 ad
1719 730 1780 782 tres
1800 725 1891 783 libras
1918 740 1976 784 non
1996 725 2163 800 adscendit,
2191 741 2247 784 ne·

399 821 441 880 (v.
463 803 614 889 πρόςοδος)
629 807 690 886 55),
712 805 763 870 οὐκ
783 810 947 870 ἐλαττοῦται
966 809 994 868 δὲ
1011 812 1068 870 τοῦτ
1087 803 1124 887 β,
1142 805 1147 887 Ι
1167 807 1214 885 55)
1247 831 1301 870 πα·
1344 826 1400 882 qne
1420 825 1491 867 vero
1512 811 1635 868 interior
1662 815 1708 868 est
1729 809 1858 886 duabus,
1886 809 1990 866 dantor
2011 811 2157 868 ordinanti
2178 813 2247 884 qni-

399 883 529 973 ρεχέσθιι
544 891 589 969 55)
611 895 653 967 τῷ
669 892 715 970 55)
736 889 786 971 μὲν
804 893 1004 972 χειροτονοῦντι
1017 893 1177 970 νομίσματα
1196 889 1228 966 ἕξ
1244 891 1301 968 55),
1344 895 1409 952 dem
1430 894 1517 951 solidi
1538 910 1607 970 sex,
1628 895 1667 950 iis
1689 899 1803 968 autem,
1831 896 1881 965 qni
1902 895 1981 952 eirca
2002 911 2068 952 enm
2089 901 2174 969 sunt,
2195 911 2247 954 so-

398 988 458 1048 τοῖς
485 977 516 1038 δὲ
535 973 609 1056 ἀμφὶ
636 973 724 1040 αὐτὸν
744 976 789 1052 55)
811 965 840 1038 ό.
861 963 889 1036 ό.
911 970 953 1054 νβ.
978 973 1022 1052 5’5)
1053 977 1097 1038 tui
1116 972 1242 1038 ἐλάττονι
1255 977 1300 1051 55)
1342 979 1396 1038 1161
1417 978 1578 1036 duodecim.
1620 981 1664 1036 lie
1685 978 1795 1052 reditu,
1817 980 1867 1051 qni
1889 977 2002 1036 duabus
2023 980 2106 1036 libris
2125 980 2248 1037 inferior

232 1118 239 1142 χ
277 1065 295 1110 1⁴
399 1055 541 1141 προσόδῳ
565 1062 607 1138 (v.
627 1056 773 1140 προςόδῳ)
796 1065 852 1122 ταῦτ
870 1054 906 1137 pl.
922 1059 968 1138 55)
987 1061 1087 1137 λιτρῶν
1106 1061 1190 1140 μηδὲν
1211 1056 1301 1122 καθό-
1344 1068 1399 1136 est,
1420 1063 1494 1127 nihil
1515 1062 1631 1120 omnino
1652 1067 1822 1134 praestator.
1864 1063 1897 1120 Si
1919 1065 1984 1134 quis
2004 1064 2071 1136 plus
2093 1065 2249 1139 acceperit,

96 1173 101 1184 ·
243 1189 253 1242 '.
399 1149 452 1207 λον
473 1148 652 1225 παρεχέσθω.
690 1143 756 1214 εἴτις
778 1145 823 1218 55)
845 1145 941 1204 πλεῖον
960 1145 1007 1219 55)
1028 1137 1100 1223 λάβη
1120 1150 1171 1206 τοῦ
1192 1143 1303 1224 όρισμδ-
1344 1162 1431 1218 qnam
1452 1146 1529 1218 quod
1549 1147 1699 1204 dednitnm
1720 1151 1780 1219 est,
1808 1146 1838 1201 16
1846 1187 1855 1218 ,
1881 1147 1959 1220 qnod
1980 1148 2079 1204 datum
2100 1154 2164 1220 est,
2192 1149 2248 1204 tri·-

398 1251 463 1301 νου,
485 1231 527 1298 (v.
547 1227 715 1307 ὡρισμένου)
734 1229 779 1305 55)
799 1227 932 1304 τριπλοῦν
951 1223 985 1288 τό
1001 1227 1088 1288 δοθὲν
1105 1224 1240 1290 ἀναδόσει
1262 1227 1305 1300 (v.
1344 1231 1425 1303 plum
1451 1231 1552 1288 reddet
1579 1225 1734 1288 eeclesiae.
1779 1233 1881 1288 Potest
1907 1236 2003 1288 autern
2025 1232 2068 1304 is,
2096 1233 2147 1303 qni
2168 1233 2261 1304 ordi·-¹

397 1310 553 1388 ἀιαδόσει)
570 1313 616 1391 55)
651 1318 686 1390 τῇ
717 1312 853 1388 ἐκκλησία.
885 1305 1002 1372 δόναται
1035 1311 1064 1371 ni
1094 1308 1110 1372 ὁ
1136 1315 1236 1392 μέλλοι
1257 1312 1303 1390 55)
1345 1315 1459 1372 nendos
1487 1319 1548 1389 est,
1582 1319 1613 1371 et
1638 1320 1707 1370 ante
1728 1315 1928 1386 episcopatum
1949 1321 1979 1372 et
1999 1321 2066 1388 post
2085 1317 2248 1373 ordinatio-

400 1400 444 1478 (ι.
465 1399 591 1494 μίλλχινν).
608 1401 829 1476 χειροτονεῖσθαι
855 1395 902 1454 καλ
929 1392 987 1474 πρὸ
1015 1400 1065 1474 τῆς
1085 1395 1130 1471 55)
1152 1399 1305 1474 ἐπισκοπῆς
1345 1415 1412 1456 nem
1439 1397 1521 1474 (res)
1549 1399 1681 1472 proprias
1708 1399 1867 1472 ecelesiae,
1894 1399 1933 1456 ad
1959 1415 2046 1471 quam
2072 1401 2249 1458 ordinandus

301 1518 309 1532 .
400 1485 448 1544 καὶ
467 1503 540 1561 μετα
560 1502 611 1559 την
631 1480 799 1560 χειροτονίαν
820 1474 876 1538 ἴδια
897 1481 1061 1559 προςφέρειν
1082 1483 1128 1560 55)
1149 1475 1305 1560 πράγματα
1345 1489 1407 1557 est,
1440 1486 1553 1540 afferre.
1608 1483 1687 1542 Nota
1719 1488 1750 1538 et
1781 1484 1951 1554 episcopum
1982 1485 2249 1556 Hierosolymorum

400 1572 435 1644 τη
463 1567 606 1644 ἐναλησίιμ,
636 1568 672 1632 εές
698 1556 732 1640 ἢν
752 1565 798 1640 55)
827 1563 918 1640 μεθλει
937 1570 1166 1641 χειροτονεῖσθαι.
1188 1567 1304 1642 σημαίαν
1347 1569 1384 1624 ab
1418 1565 1509 1641 (hac)
1543 1567 1750 1624 constitutione
1787 1567 1897 1624 dictum
1938 1583 2006 1624 esse
2046 1569 2249 1640 patriarcham.

377 1711 381 1716 .
402 1651 515 1728 σαν55),
537 1643 581 1712 ὅτι
597 1649 641 1707 καὶ
661 1641 709 1708 τὸν
721 1649 873 1706 ἐπίσκοπον
889 1641 1088 1724 Ἱεροσολύμων
1102 1648 1148 1725 55)
1166 1644 1304 1726 πατριάρ-
1348 1652 1448 1709 Omnis
1469 1652 1656 1722 episcopatus
1682 1651 1777 1723 patria
1796 1656 1941 1722 potestate
1968 1656 1999 1708 et
2019 1653 2121 1710 seruili
2143 1658 2172 1710 et
2194 1653 2250 1708 ad-

401 1757 451 1816 χην
471 1731 610 1811 ὀνόμασιν
629 1733 674 1807 55)
706 1728 750 1808 (v.
771 1725 930 1808 ὠνόμασεν)
952 1727 969 1808 η’
991 1727 1116 1802 διάταξις
1139 1732 1200 1809 55),
1221 1737 1304 1792 πᾶσα
1346 1735 1497 1806 scripticia
1538 1734 1705 1792 conditione
1745 1736 1859 1792 liberat.
1922 1735 1979 1803 oui
2021 1737 2141 1792 curialis
2184 1742 2251 1794 ante

402 1814 541 1880 ἐπισκοπνλ
562 1819 606 1889 55)
642 1810 880 1892 ὑπεξουσιώτητος
922 1817 964 1892 (v.
985 1811 1230 1894 όπεξουσιότητος)
1258 1817 1304 1874 καὶ
1346 1818 1456 1894 (hanc)
1477 1819 1712 1878 constitutionem
1732 1819 1882 1876 ordinatus
1904 1825 1950 1876 est
1970 1820 2143 1895 episcopus,
2177 1837 2250 1878 eon-

402 1905 527 1980 δονλονῆς
547 1903 592 1961 νεά
614 1894 810 1979 ἐναποχράρου
831 1897 875 1974 55)
898 1893 1071 1959 ἀπαλλάττει
1091 1893 1181 1979 τύχης-
1203 1897 1219 1960 ό
1241 1901 1304 1979 βιν-
1347 1904 1457 1960 ditione
1484 1903 1601 1975 quidem
1621 1903 1759 1980 (curiali)
1779 1904 1934 1974 liberatur,
1964 1906 2125 1976 portionem
2145 1905 2250 1979 legiti-

402 1982 499 2065 λευτης
515 1985 560 2064 55)
588 1979 645 2064 πρὸ
674 1988 726 2062 τῆς
751 1977 901 2054 διατάξεως
925 1984 1128 2061 χειροτονηθεὶς
1154 1985 1306 2054 ἐπίσκοπος
1346 2003 1422 2044 mam
1444 1988 1519 2060 eius,
1539 2003 1625 2058 qnam
1646 1988 1781 2060 habebat,
1805 1989 1986 2044 substantiae
2008 1987 2108 2046 curiae
2130 1994 2160 2044 et
2181 1993 2250 2046 tisco

405 2069 473 2148 [καλ]
498 2067 544 2150 55)
573 2073 623 2147 τῆς
643 2066 693 2146 μὴ
713 2061 796 2146 τόχης
824 2068 1037 2144 ἐλευθεροῦται,
1069 2061 1102 2128 τό
1125 2062 1241 2146 νόμιμον
1261 2070 1306 2146 μέν
1349 2071 1431 2128 dans.
1472 2073 1518 2130 lla
1545 2087 1631 2144 vero,
1664 2087 1739 2143 quae
1765 2079 1832 2144 post
1859 2073 2056 2144 episcopatum
2085 2074 2252 2148 acquisivit,

403 2177 452 2236 ρος
478 2145 512 2232 ἧς
539 2149 609 2233 εἶχεν
637 2147 824 2222 ὑποστάσεως
850 2153 884 2226 τῇ
910 2151 996 2229 βουλῇ
1017 2149 1063 2229 55)
1094 2153 1202 2226 καὶτῷ
1223 2154 1307 2230 δημο-
1349 2155 1476 2212 ecelesia
1493 2156 1559 2212 eius
1579 2156 1637 2212 loci
1658 2155 1792 2228 accipiet.
1833 2145 1999 2228 Episcopus
2020 2161 2071 2212 ant
2090 2159 2251 2216 monachus

403 2241 456 2314 σίεμ
482 2239 618 2316 ταρίχων.
639 2230 660 2296 ἀ
680 2235 710 2296 ei
730 2229 802 2314 μετὰ
827 2229 878 2312 τὴν
904 2229 1057 2312 αιιοκοπὴν
1083 2230 1306 2314 προσεκτήσατο,
1347 2256 1387 2296 no
1412 2245 1532 2296 vocator
1559 2240 1597 2296 ad
1624 2255 1723 2296 curam
1744 2240 1911 2296 intelamve.
1952 2241 2072 2312 Reliqui
2092 2257 2164 2298 vero
2186 2242 2251 2298 cle-

403 2321 420 2401 η
447 2319 507 2382 κατ’
535 2315 622 2380 αὐτὸν
650 2321 778 2398 ἐκκλησία
806 2315 961 2395 διαδέξηται
982 2317 1026 2393 55)
1068 2319 1110 2394 (v.
1132 2319 1306 2394 διαδέξεται).
1347 2323 1418 2398 rici,
1440 2325 1467 2380 si
1487 2323 1600 2398 velint,
1628 2329 1817 2398 cognatorum
1844 2324 2027 2396 suscipiunto
2048 2325 2174 2400 (tutelas
2195 2342 2252 2384 ou-

403 2409 555 2475 ἐπίσκοπος
573 2405 618 2480 55)
647 2397 807 2483 ἢμοναχός
832 2397 871 2481 μὴ
897 2403 1043 2462 καλείσθω
1064 2403 1108 2482 55)
1137 2399 1210 2483 πρὸς
1230 2406 1306 2481 κηδε-
1348 2407 1471 2482 resve),
1504 2408 1547 2464 ita
1574 2413 1607 2464 nt
1634 2409 1712 2464 intra
1746 2412 1881 2480 quattuor
1908 2425 2025 2466 menses
2052 2426 2136 2467 suam
2163 2411 2253 2468 animi

402 2493 501 2568 μανίαι
515 2491 569 2566 55).
591 2493 620 2550 ον’
637 2487 667 2548 oi
686 2489 778 2548 λοιποί
796 2488 926 2565 κληρικοί,
945 2481 950 2566 Ι
970 2487 1017 2564 55)
1040 2490 1067 2546 εί
1083 2481 1237 2566 βούλωνται
1251 2488 1307 2564 8²),
1349 2491 1571 2548 destinationem
1592 2493 1777 2568 magistratui
1798 2493 2002 2564 manifestentq
2035 2493 2073 2550 ad
2094 2499 2279 2559 extraneo,

404 2570 456 2645 τάς
488 2577 545 2633 τῶν
578 2577 714 2652 συχηενοῦν
734 2571 781 2646 55)
816 2571 1074 2649 καταδεχέσθωσαν
1093 2571 1139 2646 55)
1173 2570 1240 2634 ειλνω
1259 2571 1306 2647 55)
1348 2592 1412 2634 rnm
1433 2581 1529 2632 autem
1550 2577 1666 2651 (curam
1690 2575 1865 2650 tutelnmvc)
1886 2593 1924 2633 ne
1945 2579 2104 2636 trahuntor.
2145 2579 2253 2636 Nullus

403 2652 552 2736 τεσσάρων
571 2661 665 2735 μηνῶν
677 2657 724 2731 55)
753 2651 803 2733 τὴν
824 2655 925 2716 οἰκείαν
947 2659 987 2728 τῷ
1007 2646 1122 2734 άρχοντι
1140 2657 1187 2733 55)
1209 2676 1307 2734 φάναι·
1349 2661 1505 2733 episcopus
1533 2667 1585 2717 ant
1611 2662 1771 2718 monachus
1799 2667 1850 2718 ant
1876 2661 2002 2718 clericus
2029 2663 2080 2718 ilat
2101 2669 2254 2733 susceptor

405 2748 518 2824 ροῦντες
539 2741 587 2815 ⁸⁸)
624 2743 666 2814 (v.
687 2736 882 2818 ρανεροῦντες)
905 2733 1027 2818 χνάμην,
1053 2735 1128 2820 πρὸς
1161 2739 1191 2800 δὲ
1217 2738 1308 2810 ἐξωτι-
1348 2745 1398 2800 vel
1431 2745 1648 2802 administrator
1680 2761 1777 2802 rernm
1810 2746 1971 2817 fiscalium,
2012 2746 2061 2802 vel
2095 2747 2254 2803 conductor

405 2823 470 2898 τοὺς
489 2825 534 2902 55)
563 2819 602 2904 με)
623 2824 668 2902 55)
704 2825 893 2884 έλκέσθωσιιν.
927 2824 1021 2901 μηδεὶς
1053 2825 1203 2894 ἐπίσκοπος
1221 2819 1307 2902 55)ιή“
1350 2829 1557 2904 vectigalium,
1583 2829 1666 2903 (vel)
1687 2830 1845 2886 alienorum
1866 2829 2049 2901 praediorum
2068 2831 2117 2886 vel
2138 2836 2255 2887 curator

406 2905 528 2992 μοναχὸς
549 2909 594 2986 55)
622 2904 640 2988 ν)
668 2903 797 2987 κληρικός
825 2901 968 2986 ἐκλὴπτωρ
997 2901 1014 2985 ἢ
1036 2903 1173 2986 διοικητὴς
1194 2908 1240 2982 55.)
1263 2910 1308 2986 δη-
1351 2912 1469 2986 domus,
1496 2913 1545 2968 vel
1564 2919 1734 2984 procurator
1760 2913 1822 2969 litis
1843 2913 1892 2968 vel
1912 2913 2066 2970 fideiussor
2086 2931 2124 2971 ex
2145 2916 2254 2972 talibus

405 2997 513 3074 μοσίοον
526 2987 544 3072 ἢ
557 2989 820 3069 μισθωτὴςτελλσῦν
841 2990 884 3066 (v.
901 2991 1002 3069 τελιῦν)
1018 2991 1078 3064 55),
1093 2989 1246 3072 ἀλλοτρίων
1261 2991 1308 3067 55)
1352 2998 1483 3070 caussis,
1516 2997 1543 3052 si
1569 2997 1798 3069 qualemcunque
1824 2998 1911 3054 habet
1939 2998 2094 3054 sacerdotii
2121 2999 2254 3073 gradum.

405 3075 530 3157 κτήσεων
550 3101 567 3156 η
595 3071 741 3156 κουράτωρ
763 3074 809 3152 55)
841 3073 918 3134 οάιου
944 3069 962 3152 τ’)
990 3071 1114 3146 ἐντολιλνς
1135 3079 1211 3153 δίκης
1231 3071 1249 3154 ἢ
1270 3079 1309 3156 ἐχ
1351 3082 1428 3138 Nam
1449 3079 1539 3155 (hoc)
1564 3086 1677 3138 tantum
1697 3083 1736 3138 iis
1756 3083 1842 3152 licet,
1869 3097 1965 3138 rerum
1986 3083 2254 3140 ecclesiasticarum

406 3157 508 3246 χυητὴς
535 3158 605 3240 ὑπὲρ
631 3153 1023 3237 concapacitatem)
1045 3163 1167 3238 χινέσθω
1181 3161 1237 3236 55),
1252 3155 1310 3222 οἷον
1352 3165 1460 3222 habere
1488 3166 1666 3222 curationem
1694 3167 1854 3223 secundnm
1875 3165 1997 3239 (huius)
2019 3171 2117 3222 textus
2138 3168 2255 3224 consti-

407 3243 512 3326 δήποτε
531 3243 576 3322 55)
605 3249 632 3306 εί
651 3245 678 3320 5)
710 3240 764 3323 ἔχει
790 3239 907 3322 βαθμὸν
928 3239 1084 3321 ιἐρσιοόνης.
1105 3239 1191 3322 μόνον
1204 3248 1233 3322 55)
1255 3239 1309 3324 χάρ
1352 3249 1501 3306 tutionem.
1542 3251 1671 3306 Possunt
1689 3255 1894 3306 sacrosanctae
1915 3250 2060 3306 ecclesiae
2074 3255 2103 3307 ct
2122 3251 2255 3322 reliquae
2367 3287 2368 3290 =

301 3355 304 3363 ⁴
406 3328 511 3404 ι’ξεστιν
526 3329 557 3408 5)
584 3327 680 3398 αὐτοῖς
707 3329 939 3406 ἐκκλησιαστικοῦι
955 3329 984 3404 5)
1007 3327 1161 3405 φροντίζειν
1180 3325 1307 3408 πραχμά-
1351 3334 1535 3388 venerabiles
1562 3333 1664 3390 domns
1693 3335 1750 3390 sibi
1777 3335 1854 3390 inter
1882 3349 1915 3390 se
1943 3335 2062 3390 ansuis
2084 3335 2201 3392 clericis
2225 3336 2255 3391 in
2367 3339 2368 3380 i

406 3436 463 3476 των
482 3409 556 3474 κατά
576 3409 627 3492 τὴν
645 3407 769 3483 διάταξιν
789 3417 840 3473 τοῦ
853 3415 945 3490 ῥητοῦ.
979 3410 1122 3472 Δόνανται
1139 3417 1171 3472 αἱ
1188 3407 1265 3492 άχιονι
1279 3412 1308 3491 5)
1350 3417 1522 3474 locationem
1548 3423 1578 3474 et
1599 3419 1802 3490 emphyteusin
1836 3417 1905 3473 dare
1933 3417 2099 3499 (praedia),
2120 3422 2256 3491 exceptis

407 3501 548 3577 ελανλησίιι
580 3499 627 3560 καλ
654 3502 683 3558 οἱ
705 3497 797 3558 λοιποί
826 3493 931 3574 εῦιιχεῑς
956 3492 1027 3556 οἶκοι
1049 3499 1078 3574 5)
1105 3491 1235 3571 ἀλληλοις
1262 3499 1309 3558 καλ
1350 3501 1631 3558 administratoribus
1658 3503 1785 3574 ipsarum
1813 3509 1842 3558 et
1862 3503 2048 3560 chanulariis
2069 3509 2099 3560 et
2119 3505 2256 3578 cognatis

407 3594 467 3653 τοῖς
500 3584 578 3653 ἰδίοις
605 3583 741 3660 κληροιοῑς
767 3574 926 3660 μισθώσεις
949 3581 976 3655 5)
1005 3581 1052 3639 καὶ
1080 3575 1258 3658 ἐμαυτιόσεις
1279 3579 1308 3662 ⁸)
1351 3601 1449 3642 eornm
1471 3590 1502 3642 et
1521 3587 1700 3658 propinquis.
1742 3587 1798 3654 Qui
1825 3602 1894 3642 vern
1921 3586 2064 3642 adversus
2086 3588 2160 3644 haec
2181 3590 2256 3644 lacit

409 3661 544 3727 ἐνδιδόναι
564 3668 648 3744 χωρὶς
675 3670 731 3725 τοῦν
759 3667 901 3743 διοικητῶν
921 3661 1015 3723 αὐτῶν
1037 3663 1066 3741 5)
1088 3667 1134 3724 καὶ
1155 3667 1309 3745 χαρτουλα-
1351 3671 1523 3744 episcopus,
1545 3671 1663 3742 propria
1683 3686 1738 3728 sna
1758 3670 1922 3726 substantia
1938 3671 2070 3744 excidit,
2096 3688 2172 3744 qnae
2198 3689 2255 3728 ec-

409 3754 476 3829 ρίων
502 3750 548 3808 καλ
575 3753 713 3828 συγγενῶν
732 3747 827 3812 adenis
846 3749 893 3807 uni
913 3744 1051 3826 ἀγχίστων
1069 3747 1122 3824 ¹⁰).
1141 3747 1157 3809 ό
1179 3749 1208 3808 ei
1228 3745 1309 3829 παρά
1351 3755 1460 3810 clesiae
1487 3755 1659 3826 applicatur.
1707 3753 1799 3828 (Qui)
1827 3769 1897 3811 vero
1932 3755 2073 3826 clemens,
2109 3758 2257 3814 ecelesiam

409 3837 502 3895 ταῦτα
526 3836 615 3894 ποιιῦι
641 3836 792 3902 ἐπίσκοπος
819 3838 869 3910 τῆς
896 3834 997 3901 οίκείας
1017 3829 1062 3906 55)
1089 3835 1213 3894 ἐκπίπτει
1233 3855 1308 3914 περι·
1351 3853 1430 3912 eam,
1460 3854 1545 3910 qnam
1566 3841 1721 3910 episcopus
1742 3839 1892 3910 statuerit,
1922 3855 2046 3910 poenam
2067 3839 2156 3898 dabit.
2198 3841 2257 3909 Qui
2366 3859 2367 3878 ν

409 3919 520 3987 ουσίας,
549 3919 584 3994 τῇ
612 3918 741 3995 ἐκκλησίην
764 3913 807 3992 55)
838 3910 942 3993 ταύτης
962 3920 1199 3995 προςκυρουμῦνης
1217 3915 1308 3998 55).ό
1350 3937 1420 3979 vero
1442 3921 1570 3998 (rerum)
1599 3921 1740 3980 oscaonm
1768 3923 1971 3995 susceptiones
1999 3924 2048 3981 vel
2075 3925 2256 3998 privatarum

393 3999 440 4068 ‚oi
466 3997 593 4078 κληρικὸς
621 3996 718 4079 ποινὴν
745 3993 829 4059 δάσει
856 4005 891 4076 τῇ
917 3999 1060 4077 eatpolt),
1088 3994 1122 4080 ἣν
1141 4002 1186 4078 55)
1215 3999 1231 4062 ὁ
1254 4004 1309 4062 ἐπί-

411 4105 515 4156 σκοπος
532 4081 538 4162 Ι
561 4083 603 4163 55)
624 4081 718 4162 όρίσοι
739 4083 792 4160 55).
818 4083 892 4144 nidi
913 4078 1041 4161 ἐκλήψεις
1058 4083 1103 4163 55)
1132 4081 1309 4165 δημοσίωνῆ

477 4367 766 4437 61)1”οσι·.πρόςοδος.
816 4366 862 4430 dil)
880 4369 933 4418 Pro
948 4366 983 4434 μ’.
1001 4369 1091 4420 Codex
1108 4370 1185 4420 lrabet
1202 4366 1256 4420 δύο.
1274 4370 1368 4433 lnclptt
1388 4371 1433 4422 tol.
1452 4371 1495 4422 16.
1514 4374 1545 4424 Δ.
1597 4369 1647 4436 oo)
1663 4372 1753 4424 Codex
1770 4376 1934 4442 παριχνσθνν.
1968 4375 2075 4426 Lcrrnci.
2094 4376 2200 4424 videtur
2214 4377 2255 4426 le·

410 4439 483 4500 pisse
500 4435 640 4505 παρεχέτω.
692 4433 738 4496 ot)
755 4435 807 4484 Pro
824 4437 860 4499 τι)
878 4437 969 4488 Codex
986 4437 1063 4488 trahet
1079 4439 1117 4486 τό.
1153 4436 1201 4499 eo)
1219 4439 1271 4488 Pro
1295 4438 1322 4499 ἓξ
1339 4439 1468 4488 l'abrotus
1493 4441 1571 4490 natet
1587 4438 1618 4496 τ’.
1670 4445 1715 4498 66)
1732 4443 1810 4492 Febr.
1829 4439 1887 4499 ἅμα·
1909 4439 1998 4491 αὐτόν.
2050 4444 2096 4503 67)
2113 4442 2166 4492 Ρεο
2183 4429 2209 4490 νο
2225 4432 2256 4492 ⁹⁰.

338 4513 340 4520 ’
411 4501 454 4568 ιβ’.
472 4505 601 4554 linoroliis
615 4501 762 4565 νομίσματα
786 4501 819 4568 ιβ’
837 4505 922 4554 tabet.
973 4509 1019 4565 66)
1044 4506 1096 4554 Pro
1114 4503 1157 4554 ἐπὶ
1174 4502 1291 4554 ἐλάττονι
1309 4505 1386 4555 Febr.
1405 4508 1483 4556 natet
1498 4505 1538 4556 ἐπ’
1557 4507 1664 4558 ἔλαττον
1684 4509 1721 4560 δέ.
1772 4507 1818 4569 oo)
1836 4509 1888 4558 Pro
1905 4507 1938 4572 ηί.
1956 4510 2086 4560 l'abrntus
2104 4511 2180 4558 labet
2198 4509 2256 4562 δύο.

411 4571 457 4633 60)
474 4572 539 4624 Post
561 4570 623 4626 εἴτις
646 4571 774 4620 l'airrotns
798 4569 825 4618 δι’
849 4575 997 4633 interponit
1049 4571 1294 4634 eunomiane.
1344 4571 1389 4634 62)
1412 4573 1502 4624 Codex
1524 4570 1673 4643 ἀριομίνου.
1725 4575 1771 4636 66)
1797 4577 1872 4625 l'abr.
1895 4574 2030 4638 ἀνναιλιλσει.
2087 4576 2134 4638 ol)
2157 4578 2257 4635 μέλλων

411 4639 489 4690 Fabr.
541 4635 587 4700 66)
604 4638 656 4687 Pro
667 4637 724 4710 ριρὸ
741 4639 787 4702 τῆς
803 4638 893 4687 Codex
911 4641 988 4688 tanet
1002 4642 1113 4708 πρωτην.
1163 4636 1207 4700 66)
1225 4639 1316 4689 Codex
1332 4642 1497 4708 προσφέρειν,
1515 4643 1645 4692 Fabrotus
1661 4645 1806 4712 προφέρειν.
1859 4641 1904 4706 et)
1921 4645 2011 4693 Codex
2028 4641 2094 4693 εἰσὶν
2111 4645 2188 4693 nabet
2207 4658 2258 4706 pro

411 4703 447 4762 είς
464 4701 504 4770 ἦν.
555 4701 600 4765 68)
616 4705 707 4754 Codex
723 4705 775 4772 εῖηῐ,
793 4707 815 4754 Δ
835 4707 917 4756 verbo
934 4706 988 4760 λ’,ῑ
1004 4709 1037 4758 ad
1061 4702 1077 4770 ν)
1104 4703 1172 4754 διατ.
1190 4709 1284 4756 desunt
1306 4711 1394 4756 omnia
1416 4711 1483 4770 apud
1499 4710 1642 4760 omnnium
1659 4719 1686 4760 et
1704 4711 1900 4762 heuneiavlnnr.
1951 4713 1996 4769 66)
2014 4711 2105 4761 Codex
2122 4709 2256 4779 λιροσολυ-

410 4790 472 4833 μων.
523 4771 570 4830 70)
587 4772 666 4822 Febr.
683 4761 819 4831 ὠνόμασεν.
871 4757 1108 4833 71)(11166κδνοιτ.
1159 4774 1206 4834 76)
1223 4776 1263 4824 Ad
1280 4788 1362 4837 marg.
1380 4771 1414 4823 α’.
1432 4775 1493 4855 περὶ
1510 4775 1636 4845 διαφόρου
1652 4776 1740 4843 τύχης.
1792 4775 1838 4840 76)
1857 4779 1935 4828 onir.
1953 4779 2031 4828 haiiet
2048 4779 2091 4828 κοιλ
2108 4776 2257 4848 ι’κοιπυμρό·
2364 4813 2365 4828 .

411 4857 462 4898 σου
478 4838 521 4888 καὶ
538 4837 664 4904 δουλνκῆς.
698 4842 741 4888 Sic
757 4847 785 4891 et
801 4841 907 4889 166661.
948 4840 994 4904 71)
1011 4841 1049 4889 Ad
1068 4853 1151 4903 marg.
1169 4840 1212 4903 νηί.
1230 4841 1291 4910 περὶ
1308 4839 1432 4912 διαφόρου
1450 4859 1537 4907 τυχης.
1571 4845 1666 4895 'l'otum
1682 4848 1733 4896 hoo
1750 4851 1827 4908 caput
1843 4858 1859 4893 a
1878 4847 1967 4895 vernis
1985 4845 1999 4896 ό
2016 4841 2154 4909 βουλευτὴς
2171 4860 2257 4911 nsque

411 4909 445 4958 nd
466 4908 574 4958 verbnm
598 4904 746 4970 διαδέξηται
769 4907 842 4956 deest
864 4907 930 4969 apnd
953 4908 1140 4957 beunciavium
1164 4916 1190 4958 at
1207 4909 1358 4958 Faorntum.
1409 4907 1456 4974 76)
1475 4911 1534 4960 Vox
1551 4910 1594 4960 καί
1610 4919 1672 4962 ante
1689 4915 1735 4978 τῆς
1757 4925 1810 4962 non
1828 4917 1901 4962 recte
1923 4926 1954 4962 se
1971 4914 2055 4974 latet,
2072 4919 2100 4962 ci
2116 4913 2193 4962 deest
2211 4919 2258 4964 ενι.

411 4977 437 5024 6.
454 4981 538 5037 parat.
558 4973 583 5034 S.
600 4975 626 5022 2.
660 4974 774 5036 ideoque
792 4977 866 5024 uncis
883 4974 983 5024 inclusi.
1035 4974 1080 5037 76)
1098 4974 1190 5024 Codex
1205 4973 1296 5040 βουλε).
1347 4971 1562 5038 massaritiam
1585 4980 1680 5030 habent
1703 4983 1885 5042 ntepnmt.
1905 4979 1930 5035 S.
1949 4980 1974 5028 2.
1993 4979 2256 5038 Fabrotusdtadr'ta-

410 5057 465 5092 ται.
499 5039 545 5103 78)
563 5040 652 5090 Codex
669 5038 814 5096 λανοκοπός.
865 5037 909 5102 70)
932 5042 1061 5092 Fabrotos
1082 5042 1287 5110 προσκαλείσθω.
1321 5041 1362 5094 Ar
1380 5049 1524 5107 marginem
1541 5042 1584 5106 ιμ’.
1602 5063 1635 5097 πτ
1652 5047 1662 5096 1
1678 5045 1834 5111 κηδεμονίας.
1885 5045 1932 5108 80)
1948 5047 2000 5096 Pro
2019 5049 2108 5096 verbis
2124 5047 2190 5116 πρὸς
2206 5067 2254 5112 κη-

411 5106 531 5168 δεμονίαν
555 5111 593 5158 tit
613 5109 656 5158 16.
680 5113 761 5170 parat
784 5109 810 5168 S.
828 5107 854 5158 1.
878 5109 955 5158 habet·
977 5095 1013 5166 τός
1036 5107 1189 5178 ἐπιτροπήν.
1229 5111 1292 5160 lnde
1315 5123 1331 5160 ti
1358 5111 1447 5160 vernis
1469 5110 1608 5170 ἐπίσκοπος
1624 5133 1641 5179 η
1658 5115 1769 5176 μοναχός
1787 5115 1916 5176 usquead
1934 5115 2018 5164 verba
2034 5111 2070 5178 με)
2088 5114 2255 5164 ἱλκίσθονσοιν

412 5177 504 5224 desunt
525 5179 611 5224 omnia
635 5179 661 5224 in
686 5178 812 5224 versione
833 5176 993 5224 Leunclavti.
1045 5175 1092 5234 61)
1111 5178 1200 5239 incipit
1223 5177 1268 5226 iol.
1288 5176 1376 5228 166.
1427 5176 1475 5238 82)
1492 5179 1570 5230 λἀλνε.
1594 5179 1742 5243 βούλονται.
1788 5184 1836 5240 86)
1860 5180 1951 5230 Codex
1972 5177 2089 5242 εῦμτκιῖκ.
2123 5183 2173 5231 Sed
2191 5185 2255 5232 vide

413 5243 481 5290 Nou.
500 5242 560 5292 166.
578 5255 636 5306 orep.
653 5245 680 5291 6.
713 5239 793 5290 'idios
810 5243 936 5303 συγγενῶν
953 5245 1031 5292 habet
1048 5247 1085 5294 itt.
1106 5245 1147 5294 16.
1165 5253 1249 5307 purat.
1267 5244 1294 5302 S.
1314 5247 1337 5296 1.
1378 5242 1425 5307 84)
1442 5245 1535 5296 Codex
1551 5245 1617 5298 κατὰ
1635 5247 1807 5312 δεχίσθινσατ.
1858 5247 1904 5309 86)
1922 5249 1981 5298 τῖσαι
1997 5252 2072 5299 deest
2089 5251 2155 5311 opud
2172 5250 2254 5300 Febr.
2363 5239 2364 5244 ¹

411 5308 526 5388 86)Ρῐο
542 5307 670 5378 τεσσάρων
686 5310 771 5390 μηρῶν
796 5307 886 5358 Codex
902 5311 978 5359 habet
996 5307 1018 5358 εί
1036 5309 1080 5370 μ”.
1130 5309 1177 5374 et)
1193 5313 1246 5362 l’ro
1262 5308 1369 5381 ἄρχοντι
1386 5312 1477 5362 Codex
1495 5317 1571 5364 liabeo
1587 5305 1654 5382 cipi.
1704 5315 2254 5396 86)σατεροῦητες15666.066εξφαναι-

414 5392 544 5502 titt..
559 5379 699 5503 litii
708 5379 935 5507 simiel}
948 5381 1009 5500 lt
1017 5377 1060 5494 11·
1085 5378 1922 5509 ’1266λη..61.λθ6ιλῖλθλ566666·
1946 5385 2091 5509 ..tilii
2106 5383 2256 5508 6656λῖ

414 5511 466 5559 dex
483 5512 558 5560 nabet
574 5512 692 5574 μόνοχος.
734 5513 781 5569 66)
798 5509 888 5562 Codex
905 5509 1042 5577 διοικητης.
1056 5463 1136 5571 wod)
1146 5465 1245 5564 neusin
1260 5465 1368 5574 τελ1ιλν,
1386 5515 1464 5564 Febr.
1481 5467 1567 5564 τελῗῦν.
1632 5468 1845 5582 6151566616οῆΙ
1861 5465 2028 5584 66716665
2043 5485 2086 5568 sic
2102 5523 2130 5567 et
2145 5517 2255 5568 Leunoi.

414 5579 460 5635 liii)
477 5579 528 5626 Pro
546 5574 562 5643 ἦ
579 5577 709 5646 κουρότωρ
734 5583 812 5641 (quae
834 5583 896 5628 κενοῦ
911 5579 1031 5636 Fatroti)
1054 5577 1145 5630 Codex
1168 5583 1244 5632 traiiet
1261 5581 1291 5630 N
1297 5583 1367 5640 εῐιῑε,
1419 5582 1465 5640 07)
1482 5583 1612 5632 Fabrotns
1636 5581 1732 5644 ἐγγυῶν
1749 5585 1827 5636 tabet
1849 5599 1898 5646 pro
1915 5583 2014 5635 ιιέτιιῦι.
2049 5587 2101 5634 Sed
2119 5585 2151 5636 ad
2167 5597 2254 5648 marg.

414 5646 492 5694 l'abr.
515 5647 666 5696 οσοοικιυω
689 5653 730 5696 est
750 5647 784 5695 ic.
807 5643 906 5696 αἰτιῶν.
957 5649 1004 5704 66)
1027 5647 1104 5697 l'atr.
1129 5650 1253 5710 γενέσθαι.
1309 5647 1679 5715 66)1·“εεοεοιιειιοι“οκθι)ποτι.
1733 5652 1760 5710 λ)
1783 5648 1808 5702 ιέ
1830 5653 1907 5702 deest
1922 5655 1989 5714 apud
2005 5652 2083 5702 Febr.
2100 5659 2128 5702 et
2143 5653 2255 5702 Lenncl.

413 5713 443 5770 2)
460 5713 547 5772 μόνοις
564 5715 702 5763 Fabrotus.
752 5716 782 5772 6)
809 5715 939 5764 llabrntns
964 5713 1072 5770 ἐξέσται.
1123 5717 1154 5774 4)
1176 5717 1230 5766 Ρτο
1253 5713 1464 5780 ίκιληοιαστιιιιῦκ
1480 5717 1558 5766 Febr.
1582 5719 1660 5768 liutei
1677 5716 1816 5786 ἱερατιιῦν.
1841 5719 1909 5768 Nos.
1927 5721 1988 5770 126.
2012 5731 2068 5782 σσρ.
2086 5723 2110 5768 6.
2133 5719 2177 5768 καὶ
2198 5723 2255 5776 τοῖς
2362 5761 2363 5768 ,

413 5780 538 5848 κληρικσῖς
556 5779 648 5840 όμολως
664 5781 715 5828 τιῖνν
731 5775 828 5830 σι’κελονν
844 5780 978 5846 ίκκλησεολτ
994 5777 1041 5836 τὰς
1058 5779 1158 5847 κτήσεις
1174 5785 1345 5843 μισθοῦσθαι
1361 5782 1404 5832 κοιλ
1421 5781 1526 5832 διοικεῖν
1543 5787 1727 5854 συγχωροῦμεν.
1771 5789 1801 5844 6)
1818 5785 1870 5838 Pro
1887 5782 1961 5846 άμιαι
1978 5785 2056 5834 saba
2074 5787 2152 5836 habet
2168 5781 2253 5848 ολχίαι.

414 5849 443 5904 0)
461 5848 552 5901 Codex
574 5847 648 5896 ολκοι.
704 5847 732 5906 7)
753 5847 806 5896 Pro
828 5847 970 5908 μισθώσεις
990 5849 1120 5898 Faorotus
1151 5852 1229 5900 habet
1248 5847 1449 5908 μισθώσασθαι.
1472 5853 1516 5900 sic
1538 5858 1566 5902 et
1586 5853 1694 5904 [lotroci.
1752 5856 1782 5911 6)
1799 5851 1879 5910 Folli-
1902 5865 1936 5904 ox
1960 5864 2054 5906 errore
2076 5852 2253 5913 ἐμυφτεόσεις.

566 5910 573 5930 l
598 5915 610 5928 ι

414 5917 442 5974 θ)
459 5916 519 5964 Vox
539 5931 625 5977 αοςμν
647 5915 721 5964 deest
744 5916 810 5976 apud
832 5917 981 5966 Fabrotum.
1033 5914 1078 5974 10)
1102 5914 1242 5979 ἀγχιστέινν
1264 5918 1404 5966 l'anrotus.
1455 5915 1501 5974 11)
1519 5919 1608 5970 Codex
1625 5918 1732 5982 οἰκείαις,
1756 5919 1887 5997 λἀρτρραε
1899 5918 1978 6004 getae.
2030 5921 2075 5978 12)
2091 5921 2143 5970 Pro
2160 5922 2194 5988 τῇ
2210 5919 2254 5970 εχ.

414 5982 506 6046 κλησίρι
523 5981 614 6034 Codex
630 5982 707 6030 lrabet
722 5981 769 6046 τῆς
784 5975 851 6042 aoy.
875 5983 1006 6034 Fabroius
1029 5982 1126 6047 ταύτης
1149 5985 1320 6052 κληρουμένης
1341 5984 1374 6048 τῇ
1399 5979 1526 6049 ίκκλησίᾳ.
1561 5987 1608 6046 16)
1625 5988 1717 6038 codex
1739 5991 1945 6055 πρσακιιρμυμλ,
1978 5987 2023 6044 14)
2041 5988 2093 6038 Pro
2111 5984 2143 6057 ἣν
2159 5989 2254 6040 Codex

414 6051 493 6100 habet
508 6045 547 6112 η’τ.
582 6051 721 6112 Admarg.
739 6063 798 6112 σημ.
816 6045 1030 6100 dictatoriam.
1066 6049 1340 6112 16)1661ρ11161.16.
1357 6051 1389 6098 Δ.
1426 6050 1469 6107 161
1483 6053 1612 6106 l'atrotna
1628 6053 1717 6126 ὁρίσαι.
1752 6053 1887 6112 1716667.
1904 6051 2030 6120 ἐκλήισται.
2047 6051 2114 6108 Coth'
2130 6052 2253 6122 dalq'oesr.

552 6377 558 6385 ι
