4784 7068
401 561 478 631 108
783 628 785 636 ,
1136 560 1562 633 inussisti

397 760 444 828 δες
470 751 571 829 nstv)
600 747 634 815 τό
661 756 747 815 πλέον
774 759 802 816 ἐν
823 751 946 818 ἐπιδόσει
973 749 1121 836 γενόμενον
1149 749 1232 830 παρὰ
1257 759 1309 815 τοῦ
1351 757 1421 814 liter
1439 755 1592 811 vindicare
1612 753 1698 812 liberi
1721 758 1750 810 et
1770 755 1841 828 hoc,
1863 755 1939 826 qnod
1962 754 1993 812 in
2014 755 2132 814 datione
2152 758 2191 814 ab
2213 773 2253 830 eo,

396 843 667 920 δευτερογαμοῦντος
687 843 786 916 γονέως
804 847 855 902 τοῦ
865 841 911 916 ³⁸)
930 841 1170 916 καταλειφθέντος
1179 838 1225 912 ³⁹)
1248 841 1309 900 eln-
1352 843 1402 912 qui
1423 841 1460 896 ad
1483 840 1630 896 secundas
1652 841 1768 910 nuptias
1791 843 1912 911 transit,
1946 846 2067 912 parente
2089 845 2170 898 lacta
2191 843 2255 914 plus

395 929 617 1006 χίστουμέρους
637 929 677 998 τῶ
687 922 733 997 ⁴⁰)
757 928 786 984 ἐκ
814 931 871 985 τῶν
892 929 1039 1005 προτέρων
1060 916 1160 1002 γάμων
1180 927 1309 1002 τεχθέντι
1352 931 1408 994 est,
1430 940 1516 995 quam
1538 939 1613 993 qnae
1634 925 1752 983 minima
1773 925 1868 996 portio
1890 925 1950 981 illio
1972 941 2010 982 ex
2029 927 2177 998 prioribus
2198 943 2255 984 nu·

398 1011 486 1071 παιδί.
508 1040 551 1052 -
593 1005 636 1067 Οό
665 1003 751 1087 μόνον
776 1006 989 1088 πρόγματα4ῑ)
1011 1013 1063 1088 τῆς
1083 1001 1208 1085 μητρός,
1236 1005 1310 1067 ἀλλά
1351 1010 1422 1081 ptiis
1444 1014 1512 1064 nato
1533 1009 1636 1066 relicta
1658 1014 1713 1063 est.
1729 1041 1772 1050 -
1793 1011 1860 1065 Non
1882 1010 1976 1066 solum
1998 1025 2046 1066 res
2067 1013 2180 1082 matris,
2201 1027 2254 1066 ve-

398 1096 446 1154 καλ
471 1088 509 1152 τά
534 1097 585 1152 τοῦ
612 1094 743 1169 δευτέρου
771 1089 874 1172 ἀνδρὸς
903 1089 1063 1154 ὑπόκεινται
1087 1102 1148 1161 τοῖς
1169 1097 1309 1168 ἐπιτροπι-
1352 1109 1415 1150 rum
1444 1094 1531 1148 etiam
1559 1107 1608 1148 res
1638 1093 1761 1148 secundi
1786 1093 1884 1149 mariti
1905 1095 1971 1150 eius
1992 1095 2194 1168 (hypothecae
2217 1098 2255 1152 ti·

396 1189 457 1248 κοῑς
477 1172 570 1257 λόγοις
590 1179 641 1236 τοῦ
663 1172 822 1254 clarificant
844 1173 947 1248 παιδός
967 1175 1055 1255 αὐτῆς
1063 1174 1119 1252 ⁴³),
1141 1172 1215 1254 πλὴν
1233 1179 1260 1234 εί
1271 1171 1309 1253 μὴ
1352 1175 1431 1250 tulo]
1461 1178 1622 1234 rationibus
1653 1177 1802 1250 obligatae
1832 1182 1902 1234 sunt
1930 1179 2103 1235 tutelaribus
2123 1181 2177 1236 tilii
2200 1182 2254 1236 iin-

397 1257 457 1340 πρό
479 1265 530 1339 τῆς
551 1262 768 1340 δευτερογαμίας
787 1255 891 1340 ᾔτησεν
912 1267 953 1337 τῷ
974 1264 1053 1324 παιδί
1074 1264 1242 1338 ἐπίτροπον,
1263 1261 1310 1319 καλ
1351 1263 1471 1333 puberis
1493 1263 1575 1334 eius,
1607 1262 1666 1318 nisi
1688 1262 1715 1316 si
1736 1267 1805 1318 ante
1826 1262 1972 1318 secundas
1994 1264 2112 1334 nuptias
2132 1271 2254 1322 tutorem

397 1341 464 1415 τοὺς
491 1341 592 1424 λόγους
619 1343 697 1421 αὐτῷ
725 1354 886 1423 παρέθετο,
913 1349 960 1407 καλ
981 1341 1018 1407 τόι
1040 1341 1109 1406 ἀπό
1129 1351 1180 1422 της
1202 1349 1310 1419 ἐπιτρο·
1352 1347 1412 1402 011ο
1433 1347 1536 1418 petiit,
1565 1351 1595 1401 et
1625 1347 1755 1402 rationes
1778 1347 1806 1402 ei
1827 1346 1971 1422 reddidit,
1999 1352 2030 1403 et
2051 1364 2103 1423 aa,
2125 1365 2201 1420 qnae
2222 1365 2255 1406 et

346 1469 351 1478 ·
398 1436 456 1507 πῆς
482 1431 681 1507 ἐποιγληθέεπα
701 1433 854 1508 κατέβαλεν
862 1429 917 1507 ⁴⁴).
939 1465 977 1474 -
1018 1426 1062 1491 Τά
1083 1429 1127 1489 ἐπὶ
1148 1427 1309 1506 asstanti)
1353 1445 1461 1486 caussa
1482 1430 1600 1486 tutelari
1621 1431 1722 1486 debita
1743 1437 1821 1504 sunt,
1842 1432 1940 1487 solvit.
1961 1464 2003 1476 -
2024 1435 2083 1502 lia,
2106 1448 2181 1504 quae
2203 1436 2254 1490 sub

397 1511 437 1592 μὴ
466 1517 704 1591 δευτερογαμῆσοα
732 1517 931 1594 έποηληθέντα
950 1519 955 1596 t
975 1515 1022 1591 ⁴⁶)
1051 1511 1071 1593 ἤ
1098 1515 1265 1591 δωρηθέντα
1292 1508 1309 1591 ἢ
1353 1515 1531 1596 conditione,
1553 1521 1586 1570 ut
1606 1515 1643 1570 ad
1665 1515 1812 1590 secundas
1839 1517 1957 1588 notitias
1980 1532 2018 1572 ue
2039 1522 2181 1588 transeat,
2203 1518 2255 1573 de-

398 1595 532 1659 ὁπωσοῦν
540 1597 587 1672 ⁴⁷)
602 1599 816 1674 ηιλοτιμιθέντα
832 1600 871 1674 (v.
880 1599 1116 1679 φιλοτιμηθέιτα)
1133 1601 1183 1657 τινὶ
1191 1596 1238 1673 ⁴⁸)
1252 1594 1309 1676 πρὸ
1351 1599 1413 1656 bita
1435 1606 1503 1655 sunt
1531 1605 1582 1654 ant
1603 1600 1710 1656 donata
1732 1605 1784 1655 aut
1805 1616 1979 1672 quocunque
1999 1602 2084 1659 modo
2106 1618 2159 1673 per
2180 1603 2256 1658 libe-

398 1687 450 1743 τοῦ
463 1687 588 1742 ἐνιαυτοῦ
608 1677 647 1759 μὴ
661 1679 852 1756 ἀπαιτείσθω,
880 1681 953 1761 πλὴν
968 1685 1090 1762 sipili.
1102 1677 1156 1760 μὴ)
1174 1677 1309 1760 ἱερωσύνη
1350 1684 1495 1740 ralitatem
1517 1683 1607 1739 alicui
1629 1675 1787 1758 concessa,
1814 1690 1882 1740 ante
1902 1701 2010 1741 annum
2032 1702 2069 1742 ne
2091 1688 2256 1761 exiguntor,

398 1773 608 1846 παρεντεθεῑσα
623 1765 670 1840 49)
685 1764 785 1827 κωλύει
797 1764 847 1828 τόν
863 1764 961 1848 γάμον.
982 1763 1054 1846 μετά
1073 1767 1102 1827 δὲ
1117 1765 1167 1828 τὸν
1181 1763 1309 1826 ἐνιαυτόν
1350 1768 1408 1824 nisi
1437 1769 1465 1824 si
1499 1769 1695 1826 sacerdotium
1723 1770 1754 1825 in
1782 1769 1878 1826 medio
1906 1771 2109 1841 interpositum
2142 1773 2256 1843 nuptias

398 1847 557 1929 ἀσφάλειαν
565 1851 611 1926 ⁵⁰)
625 1847 808 1912 ἀπαιτεῖσθαι
823 1850 838 1912 ό
851 1849 994 1932 λαμβάνον
1006 1847 1220 1930 (νλαμβάνων)
1234 1845 1308 1910 κατά
1350 1853 1479 1924 impedit.
1509 1855 1580 1909 Post
1599 1869 1706 1909 annum
1726 1860 1824 1910 autem
1841 1855 1883 1916 ,ab
1907 1870 1951 1925 eo,
1973 1856 2023 1925 qul
2044 1856 2162 1926 accipit,
2185 1873 2257 1912 eau-

398 1931 448 1997 τόν
469 1930 557 1995 τόπον
578 1940 628 2012 τῆς
650 1931 801 2007 διατάξεως
822 1941 886 2016 περὶ
907 1943 957 2014 τῆς
977 1934 1085 1996 τούτων
1106 1931 1307 1996 ἀποκαταστά-
1349 1939 1391 1993 lio
1414 1938 1543 2011 exigitor
1564 1939 1723 1994 secundum
1753 1941 1873 1995 formam
1895 1939 2018 2014 (huius)
2042 1941 2257 1996 constitutionis

399 2042 479 2090 σεως.
521 2021 568 2079 καλ
590 2018 780 2080 dunecanus
801 2024 846 2081 ἐπὶ
868 2017 955 2098 ταότη
976 2017 1013 2080 τά
1035 2025 1122 2081 οἰκεῖα
1143 2015 1308 2098 πράγματα,
1350 2021 1387 2077 de
1408 2022 1511 2077 barum
1533 2021 1663 2096 [rerum]
1683 2024 1880 2079 restitutione.
1910 2025 1959 2080 Ae
1979 2031 2098 2095 propter
2114 2025 2191 2082 hane
2212 2041 2256 2080 res

398 2110 427 2166 el
450 2105 497 2162 καὶ
517 2099 555 2164 τά
575 2098 718 2182 μάλιστα,
744 2106 790 2164 καί
811 2101 851 2184 μὴ
872 2103 1083 2184 ὑποτιθεμένων
1104 2101 1214 2178 αὐτῶν,
1245 2126 1308 2164 σιω·
1351 2122 1423 2162 suas
1445 2107 1648 2180 oppignerata,
1670 2109 1728 2162 etsi
1748 2108 1797 2163 vel
1817 2109 1958 2184 maxime,
1981 2109 2114 2179 quamvis
2136 2109 2182 2166 illi
2205 2125 2257 2166 non

398 2193 497 2267 πηρῶς
518 2187 725 2266 ἐνέχωνταιῦῑ).
1351 2192 1629 2265 oppigneraverint‚
1651 2193 1741 2248 tacito
1763 2193 1941 2266 obligantur.

266 2279 330 2327 iton.
341 2280 383 2328 01.
486 2273 508 2346 §.
527 2268 573 2335 it.
615 2269 655 2332 ‘H
671 2267 709 2350 γ’.
731 2268 857 2344 διάταξις
877 2279 929 2334 τοῦ
951 2269 984 2334 ι’.
1005 2270 1153 2350 atatam)
1184 2275 1225 2348 τῷ
1255 2295 1309 2332 πα·
1436 2275 1467 2345 ς.
1490 2272 1539 2330 11.
1561 2277 1658 2333 Const.
1681 2275 1710 2331 0.
1731 2277 1809 2334 tituli
1831 2277 1881 2332 1⁰.
1902 2278 1940 2332 ad
1961 2283 2145 2349 praesentem
2167 2278 2257 2352 (titu-

344 2403 348 2417 .
398 2352 478 2436 ρόντι
492 2353 682 2436 διαηέρειὸῧ),
703 2354 853 2417 κωλύουσα
874 2353 911 2418 τά
933 2356 1049 2437 ἀκίνητα
1070 2363 1121 2436 τῆς
1140 2351 1198 2435 πρό
1219 2352 1310 2436 γάμον
1350 2357 1427 2432 lum)
1449 2361 1590 2432 pertinet,
1625 2377 1690 2416 oum
1711 2362 1880 2435 probibeat,
1907 2362 2061 2433 quominus
2083 2379 2132 2419 res
2153 2363 2257 2418 immo-

399 2445 508 2520 δωρεᾶς
536 2445 714 2501 ἐκπονεῖσθαι
744 2437 761 2520 ἢ
789 2440 989 2503 ὑποτίθεσθαι
1016 2438 1098 2521 παρά
1125 2447 1176 2501 τοῦ
1197 2437 1308 2518 ἀνδρός.
1350 2444 1443 2514 biles,
1474 2460 1549 2514 quae
1578 2446 1609 2500 in
1632 2451 1699 2501 ante
1720 2447 1839 2518 nuptias
1867 2447 2023 2503 donatione
2044 2453 2128 2518 sunt,
2155 2463 2175 2501 a
2197 2449 2257 2502 viro

326 2532 346 2590 ,Ι
398 2528 446 2586 καλ
473 2521 619 2604 ἀνάγνωθι
647 2537 682 2584 at:
711 2520 750 2584 d'.
780 2528 851 2585 διατ.
879 2523 935 2605 κβ’.
963 2533 1014 2587 τοῦ
1035 2521 1180 2608 παρόντος
1208 2521 1309 2586 συντά-
1352 2528 1518 2584 alienentur
1538 2535 1590 2584 ant
1610 2531 1849 2604 oppignerentur.
1890 2537 1938 2592 Ac
1959 2529 2028 2605 lege
2049 2529 2143 2587 1111.
2166 2539 2256 2588 const

287 2603 289 2611 ⁴
399 2624 508 2691 γ’ματος
543 2610 608 2688 περὶ
635 2604 762 2687 γυναικός
789 2606 1003 2690 ι’νοχοποωόσης
1032 2606 1134 2690 ἑαυτὴν
1160 2608 1230 2690 όπέρ
1257 2615 1309 2670 τοῦ
1352 2611 1401 2668 22.
1419 2613 1583 2684 praesentis
1605 2616 1702 2686 ulteris
1724 2615 1761 2670 de
1782 2615 1912 2689 muliere,
1940 2631 2016 2686 quae
2037 2631 2071 2672 se
2092 2617 2187 2689 ipsam
2209 2631 2258 2688 pro

390 2692 455 2756 ιάνδ
472 2689 513 2764 ός.
1350 2698 1415 2752 viro
1437 2697 1560 2771 obligat.
2010 2695 2015 2706 “

266 2790 327 2835 aar.
339 2785 380 2832 01.
454 2717 507 2852 ρ).
538 2775 587 2842 15.
614 2777 697 2838 Διατ.
723 2771 760 2838 ε’.
807 2774 874 2839 Ἐάν
901 2773 951 2840 δόο
978 2790 1092 2857 προῖκες
1113 2783 1142 2839 dt
1162 2782 1228 2856 μιᾶς
1252 2774 1308 2854 [mi-
1435 2781 1465 2852 ς).
1489 2779 1537 2836 10.
1560 2777 1660 2838 const.
1680 2778 1710 2837 a.
1740 2783 1774 2840 Si
1795 2783 1852 2839 duo
1874 2782 1958 2840 dotes
1979 2800 2018 2841 ex
2038 2800 2098 2842 una
2118 2784 2259 2842 substan-

400 2864 476 2940 σίας]
499 2857 739 2937 incalescente)
761 2865 968 2942 ἐποφείλονται,
989 2866 1027 2923 τά
1047 2862 1096 2943 μὲν
1111 2858 1250 2942 (γενόμενα
1267 2864 1308 2938 (r.
1350 2865 1393 2921 tia
1414 2865 1573 2940 debentur,
1603 2883 1639 2923 es
1660 2868 1793 2938 quidem,
1815 2883 1891 2938 quae
1912 2883 1950 2924 ex
1971 2869 2010 2925 iis
2031 2874 2160 2940 exstant,
2182 2870 2258 2925 dua-

401 2943 569 3030 φαινόμενα)
592 2945 620 3018 ἐξ
647 2943 741 3007 αὐτῶν
749 2947 795 3022 ⁵⁵)
824 2953 852 3008 ot
877 2952 934 3008 τῶν
960 2944 1010 3008 δόο
1038 2953 1173 3027 γυνααιῶν
1200 2949 1327 3006 ἐκδικεί·
1349 2965 1412 3006 rum
1440 2951 1594 3007 mulierum
1619 2952 1705 3008 liberi
1734 2952 1917 3026 vindicanto‚
1953 2953 1984 3010 in
2012 2954 2059 3010 bis
2085 2953 2166 3011 inter
2195 2969 2259 3009 sese

401 3030 579 3108 mnsavtt)
613 3033 712 3102 παῖδες
745 3027 784 3109 μὴ
818 3028 925 3112 ἔχοντες
952 3037 981 3092 ἐν
1012 3027 1122 3103 τούτοις
1157 3027 1309 3110 προνόμιον
1351 3035 1540 3109 privilegium
1578 3052 1635 3092 non
1668 3037 1821 3094 habentes.
1875 3039 2126 3110 contemplatione
2164 3044 2260 3096 autem

400 3115 467 3179 κατ’
495 3112 690 3194 ἀλλόλωνόῗ),
733 3114 826 3192 adest)
856 3116 884 3175 δὲ
913 3111 949 3176 τά
976 3111 1016 3196 μὴ
1038 3111 1193 3196 φαινόμενα
1213 3137 1308 3193 προτι-
1352 3135 1451 3176 earum
1479 3119 1625 3194 (rerum),
1660 3137 1735 3192 quae
1763 3137 1820 3178 non
1849 3127 1983 3197 exstant,
2013 3123 2163 3180 secundae
2198 3123 2258 3178 doti

402 3198 514 3282 μάσθω
542 3208 592 3280 της
619 3203 750 3278 δευτέρας
769 3195 888 3278 προικός
910 3197 927 3278 ἡ
948 3197 1062 3280 πρώτη,
1095 3199 1150 3262 εἴτε
1171 3200 1200 3274 ἐξ
1221 3199 1310 3277 αὐτῆς
1351 3203 1444 3276 prima
1463 3207 1640 3274 praefertur,
1662 3205 1727 3262 sive
1749 3207 1785 3264 ab
1807 3206 1873 3279 ipsa
1893 3207 2026 3282 muliere,
2047 3209 2113 3264 sive
2134 3209 2172 3264 ab
2194 3209 2261 3264 eius

403 3292 454 3366 τῆς
488 3281 633 3365 γυναικός,
680 3283 735 3345 εἴτε
764 3289 794 3344 ἐκ
827 3290 884 3345 τῶν
913 3281 1067 3346 κατιόντων
1101 3283 1189 3366 αὐτῆς
1221 3292 1309 3364 pado·
1352 3287 1598 3346 descendentibus
1619 3291 1735 3362 petitur.

403 3367 522 3432 δεύεται.

269 3468 331 3509 xor.
343 3463 385 3511 01.
487 3456 510 3530 ᾗ,
544 3451 590 3518 16.
619 3453 702 3514 Διατ.
730 3448 773 3526 ς’.
820 3448 899 3531 Γυνὴ
926 3451 1090 3530 ἀπαιτοῦσα
1127 3449 1178 3533 τὴν
1205 3465 1310 3533 προῖκα
1435 3455 1467 3527 3.
1495 3455 1545 3512 16.
1574 3459 1673 3516 Const.
1701 3458 1731 3515 6.
1786 3460 1912 3533 Mulier,
1949 3475 2025 3532 quae
2054 3462 2150 3518 dotem
2178 3459 2263 3533 petit,

402 3533 516 3602 πάντων
544 3541 588 3599 ἐπὶ
609 3550 672 3608 ταῖς
687 3532 1071 3617 ’όποθὴκαεςπροτιμάσθω
1098 3543 1154 3600 τῶν
1183 3561 1309 3617 προγενε-
1352 3542 1596 3612 contemplatione
1625 3545 1855 3616 hypothecarum
1884 3547 2017 3602 omnibus
2045 3547 2263 3618 antiquioribus

403 3626 511 3701 στέρων
537 3627 588 3682 τοῦ
617 3619 721 3701 ἀνδρὸς
750 3626 908 3682 δανειστῶν.
929 3620 933 3702 Ι
954 3621 1000 3697 ⁶⁹)
1035 3655 1073 3666 -
1113 3619 1178 3684 Ἐάν
1201 3623 1308 3700 [dn]⁶⁰)
1351 3625 1408 3682 viri
1430 3627 1610 3682 debitoribus
1631 3631 1803 3699 praelector.
1824 3659 1865 3673 -
1905 3631 1958 3686 Sin
1979 3631 2010 3686 in
2031 3631 2120 3687 rebus
2140 3632 2264 3688 mobili-

401 3719 522 3786 ντηνιτοΐς
543 3709 728 3784 (υκινητοϊς)
750 3702 914 3785 πράγμασιν
934 3709 1096 3788 γένηταιὸῐ)
1118 3703 1311 3787 προσαόξησις
1352 3709 1407 3766 bus
1429 3713 1538 3768 factum
1568 3713 1608 3767 sit
1630 3713 1707 3768 dotis
1727 3727 1932 3788 augmentum,
1965 3720 2081 3786 tempus
2103 3716 2265 3772 creditori-

402 3788 538 3869 προικός,
576 3786 714 3869 όγρόνος
736 3802 795 3860 τοῖς
816 3793 974 3861 δανεισταῖς
994 3794 1040 3851 καὶ
1062 3797 1096 3870 τη)
1118 3787 1311 3871 προσαυξὴσει
1352 3794 1407 3850 bus
1430 3800 1460 3850 et
1487 3801 1646 3870 augmento
1666 3797 1874 3868 praelationem
1900 3798 2046 3874 (tribuit).
2089 3799 2143 3857 Sin
2164 3807 2266 3856 autem

403 3872 454 3954 τὴν
474 3877 643 3953 προτίμησιν
729 3872 785 3950 ⁶²).
827 3879 854 3935 al
877 3875 907 3936 δὲ
935 3881 964 3936 ἐν
990 3873 1130 3956 ἀκινητοις
1155 3874 1309 3957 γένηταιὴ
1352 3880 1382 3934 ln
1405 3879 1526 3952 (rebus)
1549 3881 1744 3938 immobilibus
1765 3885 1875 3940 sactum
1898 3885 1938 3940 sit
1958 3889 2165 3958 augmentum,
2206 3887 2266 3942 lta-

403 3956 614 4060 προσαόξησις,
644 3961 719 4037 ἐχέτο
748 3958 788 4033 (v.
811 3957 909 4037 ἐχέτω)
931 3955 965 4020 τό
987 3957 1140 4040 προνόμιον
1161 3967 1212 4039 τῆς
1232 3983 1310 4038 προι-
1351 3965 1419 4020 beto
1446 3966 1634 4038 privilegium
1663 3965 1750 4022 dotis.
1798 3963 2034 4040 ln⁸byputhecls
2064 3969 2106 4043 is,
2142 3970 2197 4040 qui
2230 3970 2268 4024 ad

402 4065 460 4114 νιος.
498 4046 526 4102 ἐν
552 4055 615 4113 ταῖς
643 4037 862 4122 sassinatem)
891 4041 907 4106 ό
937 4047 1068 4115 δανείσας
1095 4049 1133 4117 είς
1153 4043 1311 4124 ἀγορασίαν
1353 4049 1502 4104 emendam
1531 4057 1582 4105 aut
1610 4051 1830 4108 restaurandam
1857 4067 1961 4109 navem
1994 4057 2045 4110 aut
2074 4054 2191 4110 domum
2215 4059 2268 4110 aut

402 4123 421 4204 ι)
450 4123 620 4188 ἀναναίωσιν
651 4128 692 4204 (v.
719 4125 885 4198 ἀνανέωσιν)
912 4128 1067 4202 stolone)
1097 4123 1310 4210 ἢοιλιου“5)ἢ
1353 4133 1434 4188 allud
1456 4133 1525 4204 quid
1547 4135 1606 4190 tale
1626 4135 1759 4210 credidit,
1780 4136 1811 4192 in
1833 4137 1907 4193 haec
1928 4138 2049 4209 reliquis
2070 4138 2269 4204 debitoribus,

402 4207 492 4272 ἀλλον
519 4207 594 4282 τινός
620 4207 749 4272 τοιούτου
768 4219 941 4290 προτιμᾶται
951 4213 997 4289 ⁸⁶)
1021 4219 1059 4285 εἰς
1079 4215 1225 4290 ταῦταθῖ)
1255 4218 1312 4274 τῶν
1354 4217 1412 4273 etsi
1442 4223 1511 4276 aunt
1539 4220 1736 4292 antiquiores,
1765 4223 1940 4292 praefertur.
1982 4222 2050 4282 lloti
2077 4229 2177 4280 autem
2209 4224 2269 4278 soli

402 4289 497 4356 ἀλλων
518 4300 683 4370 δανειστῶν,
718 4300 744 4358 εἰ
767 4299 813 4357 καὶ
835 4301 1046 4378 προγενέστεροι
1074 4301 1148 4360 εέσίν.
1191 4293 1312 4378 μόνηδλ
1354 4301 1441 4359 cedit.
1462 4334 1505 4345 -
1547 4306 1592 4375 ls,
1614 4305 1665 4374 qui
1686 4305 1723 4359 ad
1745 4307 1950 4376 acquirendam
1972 4307 2106 4363 militiam
2127 4307 2269 4368 credidit,

402 4392 573 4462 παραχωρεῖ
594 4385 629 4457 τῇ
650 4385 752 4458 προικί.
787 4415 829 4426 -
877 4379 909 4443 ‘0
936 4382 965 4442 dl
993 4388 1032 4454 εἰς
1051 4381 1203 4462 κτησινθθ)
1226 4404 1312 4462 στρα-
1354 4387 1381 4442 ai
1410 4387 1531 4462 lecerit,
1560 4395 1592 4446 ut
1619 4389 1651 4446 in
1680 4389 1871 4448 instrumento
1893 4392 2035 4464 scriptum
2056 4392 2113 4465 sit,
2140 4393 2272 4465 reliquis

402 4467 479 4536 τείας
504 4467 652 4538 δανείσας,
688 4462 737 4526 ἐάν
765 4462 979 4546 παρασκευάσει
991 4467 1037 4548 ⁸⁹)
1066 4472 1094 4529 ἐν
1121 4472 1162 4544 τῷ
1183 4490 1312 4548 γράμμα·
1335 4551 1340 4574 Ἰ

403 4640 803 4672 W*—

502 4767 548 4829 07)
566 4769 620 4818 Pro
638 4782 707 4819 voce
724 4770 766 4820 καὶ
785 4769 876 4822 Codex
893 4771 973 4821 babet
990 4789 1031 4822 κα.
1083 4767 1127 4836 08)
1144 4772 1198 4822 Pro
1215 4783 1283 4822 voce
1300 4773 1349 4822 τοῦ
1367 4771 1458 4824 Codex
1473 4775 1553 4825 babet
1569 4771 1610 4826 τό.
1684 4773 2080 4840 00)(1ο1ωτεαταλειςο1ντος.
2147 4778 2195 4844 10)
2217 4781 2275 4829 Ρτο

402 4847 470 4885 voce
486 4837 523 4902 τῷ
542 4835 634 4886 Codex
651 4839 732 4887 babet
748 4836 788 4888 τό.
863 4839 908 4902 11)
925 4842 997 4889 Ante
1014 4851 1106 4889 vocem
1125 4837 1267 4909 πράγματα
1286 4853 1338 4888 vox
1355 4837 1391 4890 τόν
1408 4843 1541 4892 excidisse
1558 4844 1673 4894 videmr.
1758 4843 1996 4910 10))ίοκσλνήβου
2014 4844 2114 4896 11110.
2133 4855 2227 4896 conat.
2245 4849 2273 4894 2.

400 4905 486 4954 deest.
555 4902 599 4967 10)
616 4906 670 4955 Pro
687 4915 755 4955 eone
772 4904 855 4971 αὐτῆς
872 4907 962 4956 Codex
980 4909 1059 4958 lrabet
1075 4906 1153 4974 αὐτῇ.
1187 4909 1261 4956 llaec
1279 4919 1331 4956 vox
1349 4911 1377 4956 in
1395 4912 1436 4958 tit.
1454 4909 1496 4958 10.
1514 4919 1600 4960 const.
1617 4913 1643 4960 0.
1661 4915 1788 4961 contextu
1806 4913 1891 4962 deest.
1941 4912 1987 4974 11)
2005 4915 2057 4962 Tit.
2075 4914 2117 4963 10.
2136 4921 2231 4963 const.
2246 4915 2273 4961 2.

400 4973 483 5022 ltabet
499 4973 660 5035 κατέβαλλεν.
773 4970 1228 5035 10)’111.0.οουτι.2.1κ1νσ1τὰ
1250 4973 1293 5024 ἐπὶ
1315 4973 1413 5044 αἱρέσει
1436 4975 1667 5043 τοῦμὴειυιιοι.
1702 4981 1798 5029 necte.
1914 4979 1959 5044 10)
1976 4981 2074 5042 incipit
2091 4983 2138 5030 sol.
2156 4983 2224 5030 100.
2244 4983 2275 5029 B.

399 5039 445 5099 17)
462 5039 515 5088 Pro
533 5035 652 5090 ὁποινοῦν
669 5040 760 5090 Codex
779 5043 857 5090 tabet
875 5037 943 5098 ὅπως
961 5031 1015 5093 τόν.
1094 5043 1139 5106 18)
1156 5043 1216 5090 Vox
1233 5041 1285 5091 τινὶ
1302 5043 1376 5092 deest
1394 5047 1435 5093 tit.
1453 5044 1495 5094 10.
1513 5051 1599 5095 const.
1615 5047 1641 5096 0.
1708 5045 1754 5110 10)
1771 5046 1863 5098 Codex
1879 5037 2075 5117 separandique.
2144 5047 2194 5112 00)
2216 5050 2274 5098 co-

400 5107 452 5155 dex
469 5103 620 5163 ἀσφαλείαν.
689 5107 733 5171 01)
751 5109 841 5158 Codex
858 5105 1014 5171 ἀνίχωνται,
1032 5111 1102 5172 qued
1118 5111 1153 5160 ab
1168 5111 1221 5158 boc
1237 5109 1299 5159 loca
1316 5111 1435 5160 alianum
1452 5117 1503 5161 eet.
1536 5115 1628 5164 Verba
1644 5115 1778 5229 otequdt·
1794 5113 1953 5178 ὑπόκεινται,
1972 5128 2040 5180 qnae
2057 5119 2099 5165 111.
2116 5115 2158 5166 10.
2176 5124 2276 5165 const.

399 5175 426 5224 a.
443 5177 623 5236 reperiuntur,
641 5177 757 5239 aliquem
771 5177 948 5238 obligationis
965 5190 1062 5225 nexum
1080 5178 1271 5226 demonstrant.
1362 5178 1407 5242 52)
1425 5181 1478 5230 Pro
1495 5193 1562 5230 voce
1580 5181 1669 5232 τίτλον
1687 5182 1726 5232 Co
1745 5193 1779 5230 ex
1797 5184 1875 5232 babet
1892 5187 1926 5231 εἳ.
2028 5183 2074 5246 00)
2092 5183 2185 5233 Codex
2207 5184 2277 5232 δια-

399 5243 494 5312 φέρειν.
579 5241 624 5306 01)
640 5245 744 5293 Vocem
760 5241 851 5299 οὐσίας
869 5247 945 5291 tineis
962 5245 1069 5292 inclusi.
1103 5245 1218 5294 videtur
1235 5247 1305 5293 eninr
1322 5247 1389 5295 haee
1412 5259 1473 5296 esee
1497 5251 1683 5311 interpretatio
1701 5251 1777 5299 voela
1794 5246 1971 5312 ὑποστάσεως,
1988 5255 2031 5300 cui
2049 5261 2100 5300 nec
2118 5255 2186 5299 satis
2208 5259 2279 5312 apte

400 5312 585 5372 coniungitur.
619 5313 679 5360 Vox
697 5307 862 5366 ὑποστάσεως
880 5313 920 5358 tit.
939 5310 981 5359 10.
999 5316 1084 5360 const.
1103 5315 1129 5360 0.
1147 5312 1268 5360 nabetur.
1335 5311 1381 5376 00)
1400 5313 1490 5364 codex
1506 5314 1594 5365 αι’πιῖν
1611 5319 1699 5366 babet.
1785 5317 1831 5380 00)
1848 5317 1899 5366 'iit
1918 5318 1959 5366 10.
1979 5323 2064 5368 const.
2082 5323 2108 5368 0.
2126 5319 2211 5367 babet
2232 5317 2279 5366 ἐι·

400 5375 558 5426 δικεέτωσαν.
661 5376 706 5442 07)
723 5378 776 5427 Pro
794 5378 884 5426 verbis
902 5374 963 5424 κατ’
982 5373 1107 5441 ἀλλήλοιν,
1123 5391 1192 5440 quae
1210 5383 1238 5427 et
1255 5381 1295 5427 tlt.
1314 5379 1355 5428 10.
1374 5389 1459 5431 const.
1476 5387 1501 5432 0.
1519 5385 1659 5446 habentur,
1684 5384 1774 5433 Codex
1791 5386 1871 5434 babet
1888 5383 2057 5450 κατάλληλον.
2147 5384 2197 5447 00)
2219 5387 2281 5434 Pro

292 5437 307 5503 ⁴,
334 5469 343 5493 ι
401 5455 470 5492 voce
487 5441 523 5500 εἰς
540 5443 633 5494 codex
650 5447 730 5495 babet
746 5441 778 5493 cl.
862 5445 909 5502 00)
928 5445 1026 5506 incipit
1042 5446 1090 5492 iol.
1107 5446 1165 5498 170.
1182 5447 1217 5494 Α.
1301 5447 1346 5510 00)
1369 5450 1431 5497 Vox
1448 5448 1475 5498 ἐν
1492 5453 1521 5500 in
1538 5451 1639 5500 Codice
1656 5452 1740 5512 deest,
1758 5453 1814 5512 sed,
1832 5465 1909 5514 quam
1927 5454 2011 5503 facile
2028 5456 2089 5516 post
2105 5465 2206 5502 vooeru
2229 5453 2282 5502 ἐὰν

401 5511 527 5560 excidere
545 5517 673 5576 posuerit,
690 5515 755 5561 satis
772 5511 865 5572 liquet.
901 5512 991 5572 Neque
1008 5523 1061 5559 vox
1078 5511 1105 5560 ἐν
1122 5515 1164 5561 111.
1182 5512 1327 5563 ideonat.
1345 5516 1370 5562 0.
1389 5516 1473 5566 deest.
1552 5517 1597 5581 01)
1620 5520 1674 5567 Pro
1697 5530 1764 5568 voce
1787 5521 1895 5581 γένηται
1919 5523 1959 5570 111.
1977 5521 2018 5571 10.
2038 5528 2124 5572 const.
2140 5522 2164 5568 0.
2187 5521 2283 5570 babet

289 5621 293 5633 ,
355 5592 360 5603 ·
400 5579 512 5640 γέγονεν.
595 5581 641 5644 02)
657 5583 689 5630 ln
707 5579 805 5628 Codice
824 5577 925 5626 nullum
940 5585 1054 5640 apparet
1071 5581 1148 5628 turtius
1165 5581 1279 5629 lacunae
1296 5585 1448 5646 vestigium.
1483 5585 1532 5644 Tu,
1550 5589 1574 5633 si
1591 5599 1633 5635 me
1650 5586 1736 5646 audis,
1752 5589 1889 5649 supplebis
1907 5589 2024 5657 παρέχει.
2109 5588 2179 5636 Vide
2202 5590 2283 5636 Non.

379 5640 385 5651 “
400 5647 443 5694 07.
462 5659 520 5708 eap.
537 5646 563 5696 1.
597 5649 628 5698 ln
647 5652 687 5697 tit.
706 5647 748 5696 10.
766 5653 852 5694 coast.
870 5647 895 5693 0.
914 5647 980 5699 nibil
997 5649 1070 5709 frugi
1087 5648 1210 5696 babetur.
1267 5649 1311 5713 00)
1329 5653 1375 5699 sie
1389 5651 1601 5714 distinguendam
1619 5654 1739 5702 arbitror
1755 5667 1817 5703 ease
1835 5657 1993 5718 orationem,
2011 5660 2041 5705 ut
2058 5655 2158 5704 11110.
2175 5663 2282 5704 const.

328 5710 344 5756 't
400 5715 426 5762 0.
443 5718 509 5763 satis
525 5714 699 5766 demonstrat.
734 5715 924 5775 impedimento
942 5719 983 5764 est
999 5719 1089 5762 atatem
1106 5715 1173 5763 Nos.
1190 5715 1232 5762 07.
1250 5728 1309 5778 esp.
1326 5718 1352 5764 0.
1375 5719 1448 5774 inin,
1471 5723 1611 5782 quominus
1634 5723 1675 5768 sio
1692 5721 1828 5784 legamus:
1863 5723 2039 5792 προτιμάσθιν
2064 5722 2172 5778 λιταῖς
2202 5719 2285 5771 εἵπο-

400 5778 505 5844 eleon.
540 5779 619 5844 όμέν
636 5782 762 5837 δανείσας.
836 5779 881 5844 0-1)
898 5783 970 5832 Ante
987 5793 1082 5830 vocem
1098 5781 1194 5832 πλοίου
1212 5785 1253 5830 111.
1271 5785 1312 5833 10.
1330 5791 1416 5833 const.
1435 5787 1459 5833 0.
1477 5787 1550 5836 addit
1566 5789 1674 5852 κτήσεως
1692 5784 1717 5852 ἢ.
1753 5788 1844 5837 Codex
1860 5791 1890 5837 Β.
1907 5787 2063 5847 dannatione.
2145 5787 2197 5850 00)
2220 5791 2287 5840 Co·

401 5847 452 5900 dax
468 5853 498 5898 B.
522 5839 604 5900 οιίιοιι.
705 5847 749 5912 60)
767 5849 857 5899 Codex
874 5851 903 5898 Β.
921 5847 1091 5920 προτιμάται.
1194 5847 1238 5913 aa)
1255 5853 1308 5900 Pro
1326 5853 1417 5902 verbis
1434 5851 1470 5910 εἰς
1486 5855 1573 5904 ταῦτα
1590 5856 1680 5904 Codex
1697 5857 1776 5906 babet
1793 5853 1818 5905 εἰ
1833 5858 1926 5907 ταῦτα.
1961 5859 2053 5910 Codex
2069 5859 2099 5906 a.
2117 5855 2151 5914 εἷς
2165 5857 2285 5907 mena.

400 5917 447 5983 00)
464 5917 555 5970 Codex
571 5919 660 5983 κλῆσιν
677 5919 757 5972 babet
773 5930 822 5980 pro
840 5918 939 5984 κτῆσιν.
973 5917 1043 5970 Vide
1061 5923 1089 5967 et
1106 5920 1146 5968 tit.
1164 5917 1206 5968 10.
1224 5925 1309 5969 conat.
1328 5921 1352 5969 0.
1421 5921 1466 5983 00)
1483 5922 1574 5972 Codex
1591 5924 1621 5972 0.
1637 5924 1717 5974 babet
1733 5922 1926 5993 παρασκευάσῃ.
