4864 7070
595 422 618 462 S

368 484 472 602 dvm
1079 519 1503 592 nnounoonnut

335 690 341 701 ¹
364 735 484 786 ouussu
502 711 617 802 negari
635 731 700 780 non
722 717 849 800 potest,
867 707 953 800 quod
974 710 1098 798 prime
1118 707 1334 796 prcctntiouis
1353 707 1495 793 scriptor
1513 704 1597 774 ιινεο
1616 699 1901 797 pronuntiuvit¹Jr
1923 702 1964 771 οτι
1983 702 2050 790 μιν
2066 704 2155 774 eim
2174 712 2233 776 καὶ

365 817 444 894 τοὺς
464 821 663 930 λεγομένους
676 815 741 878 τῶν
768 809 870 896 ἁγίων
889 809 1096 879 Ἀποοτόιων
1116 811 1329 891 (συναγαγεῖν
1347 813 1560 890 ἐνεχειρησα),
1582 812 1611 871 τί
1630 811 1692 870 κατ’
1708 831 1792 883 τινες
1811 805 1933 883 αιίτοός
1952 805 2157 894 ἁμαιβόλους
2176 805 2233 875 διὰ

363 943 455 994 τινας
474 919 585 990 αιτίας
605 911 776 996 ἡγήσαντο.
819 914 919 999 Atqui
941 912 1011 978 eius
1031 908 1156 1032 synodi
1171 928 1275 976 σνιιοιι
1295 908 1352 986 tl„
1374 909 1429 994 qni
1449 914 1504 974 est
1523 907 1609 994 apud
1631 905 1879 992 Bevereginm
1869 929 1903 974 m
1922 905 2082 995 synodici
2104 917 2177 976 tom.
2202 909 2231 976 ι.

295 1066 313 1085 ..
364 1041 397 1108 p.
413 1014 513 1094 158„
532 1011 620 1094 ἔδοξε
641 1017 673 1080 δὲ
695 1019 752 1080 και
773 1037 882 1101 τουτο,
901 1012 1013 1098 inquit,
1032 1033 1067 1074 τ
1053 1037 1075 1094 γ
1095 1007 1177 1092 ἁγία
1195 1005 1300 1092 ταότη
1315 1007 1443 1124 σιαόδῳ
1463 1004 1671 1073 κὰλλιστὰτε
1687 1029 1745 1072 και
1735 1007 2014 1087 σπουδαιότατα,
2034 1005 2234 1092 ὤοτεμένειν

364 1121 423 1186 καὶ
439 1116 505 1184 ἁπό
526 1119 586 1180 τοῦ
606 1117 665 1182 νῦν
684 1117 838 1200 βεβαίους
858 1115 915 1178 καὶ
935 1110 1154 1229 ασφαλτῖς-
1174 1107 1252 1184 τοός
1271 1105 1336 1173 tat
1356 1110 1422 1173 τῶν
1435 1106 1497 1192 πρό
1525 1104 1618 1188 ἡμῶν
1637 1103 1742 1190 ἁγίων
1754 1111 1813 1174 και
1831 1116 2004 1194 μαιαραιν
2019 1119 2164 1197 πωτέρω,
2177 1113 2233 1176 ιιι.

361 1221 511 1300 χθέντας
531 1227 588 1280 και
601 1210 849 1300 κυρωθέντας’
833 1223 910 1294 ημῖν
930 1209 1068 1294 ὀνόματι
1088 1211 1152 1274 τῶν
1173 1205 1276 1291 ἁγίων
1295 1211 1354 1274 καὶ
1374 1205 1511 1287 ἐνδόξων
1530 1205 1722 1273 ἀποστόλων
1742 1206 1947 1290 όγδοόκοντα
1966 1220 2059 1276 πέντε
2078 1207 2232 1287 κανόνας.

362 1321 433 1388 Ιιιιι
463 1337 528 1405 que
553 1319 683 1384 τνιιοοο
710 1332 854 1398 σιιιοιιοε
881 1312 1080 1398 ιμοοιοιιοοε
1106 1309 1225 1378 quoue
1252 1307 1330 1376 tidei
1355 1308 1543 1396 quibusdum
1563 1307 1670 1375 videri
1691 1315 1838 1395 potuere,
1867 1329 1975 1398 quove
1994 1309 2089 1378 modo
2117 1319 2232 1377 noster

362 1419 595 1490 nomocunouis
614 1417 755 1504 scriptor
775 1413 869 1500 quusi
896 1414 1057 1500 quondum
1083 1410 1328 1478 excusationes
1348 1413 1466 1478 nderre
1493 1410 1599 1496 potuit
1626 1409 1754 1476 οοοοιιιι
1779 1430 1802 1476 ι
1821 1430 1863 1478 se
1882 1413 1989 1500 capti,
2014 1413 2078 1480 troc
2106 1419 2160 1479 est
2188 1413 2232 1481 de

362 1520 541 1590 canonibus
568 1517 759 1606 apostolicis
777 1516 820 1580 nd
841 1532 1092 1581 nomornnonem
1112 1509 1323 1600 adiiciendis,
1363 1511 1394 1576 si
1418 1511 1483 1578 ium
1511 1511 1618 1576 tunc
1608 1511 1632 1575 ιι
1652 1529 1797 1578 canones
1816 1533 1877 1599 pro
1903 1514 1978 1598 tege
2003 1514 2150 1600 generati
2168 1514 2233 1580 hn-

363 1624 423 1690 biti
444 1629 559 1690 oesent
579 1633 752 1702 eorumque
772 1613 937 1680 αὐθεντία
957 1614 1154 1681 sbomnitms
1175 1613 1303 1679 omnino
1323 1605 1460 1698 agnitu?
1483 1611 1779 1698 Quumopiniuncn
1800 1621 1835 1679 et
1848 1611 2031 1680 Βοίκαιωπ
2051 1616 2232 1700 confirmat,

363 1725 419 1812 qui
437 1723 481 1790 nd
501 1741 601 1809 supra
621 1719 741 1790 dietum
763 1714 909 1782 Ττιιιιτιιι
927 1715 1053 1782 concilii
1075 1731 1230 1780 cunonem
1250 1713 1319 1779 tt.
1339 1734 1372 1799 p.
1400 1709 1487 1778 rso.
1509 1713 1593 1780 mec
1624 1711 1815 1780 adnotavit:
1853 1715 1914 1778 τοῦ
1939 1712 2100 1798 παρόντος
2125 1715 2231 1782 κανό-

363 1847 418 1902 νος
445 1832 589 1906 μέμνησο
617 1821 784 1898 διηνεκῶς·
817 1819 1092 1897 ἐπιστομίσεις
1119 1813 1184 1900 γὰρ
1212 1816 1244 1879 δι
1271 1811 1397 1880 αὐτοῦ
1424 1813 1521 1890 τοός
1547 1817 1749 1896 λέγοντας
1774 1813 1826 1897 μὴ
1865 1816 2094 1894 ἐκτεθῆναι
2120 1817 2231 1902 παρὰ

363 1927 446 1990 τῶν
466 1922 599 2006 ἁγίων
618 1915 861 1988 ἀποστόλων
880 1913 1064 1990 κανόνας
1089 1911 1153 1980 πε’.
1197 1916 1242 1984 Ut
1262 1914 1396 2002 proinde
1423 1916 1508 1981 setis
1532 1921 1703 2001 appareat,
1730 1915 1816 1981 hunc
1842 1916 1929 2002 ttpud
1956 1915 2105 1984 Graecos
2130 1917 2233 1986 fuisse

364 2025 591 2113 pervulgatam
612 2022 813 2110 opinionem,
833 2023 869 2083 ut
889 2035 1047 2082 mnonnm
1063 2017 1313 2102 apostolicorum
1331 2014 1514 2081 αὐθεντιιιν
1534 2035 1594 2103 ρει
1608 2016 1795 2082 Trntlunnm
1813 2015 1971 2104 synodum
1991 2017 2163 2086 crederent
2183 2020 2232 2086 itu

369 2145 447 2194 esse
468 2126 622 2213 cgnitum,
643 2129 678 2187 ut
697 2119 740 2188 de
761 2138 802 2186 es
822 2138 860 2185 re
881 2117 1054 2184 deliberari
1073 2117 1212 2203 emplius
1236 2135 1300 2184 non
1322 2123 1449 2203 posset.
1496 2115 1645 2184 Eundem
1673 2119 1889 2184 coniecturum
1915 2117 2083 2186 ermeno
2109 2119 2131 2183 ι
2152 2118 2174 2184 i
2195 2139 2229 2206 p.

367 2225 432 2292 oo.
454 2233 552 2292 etex
574 2221 701 2290 concilii
723 2219 1004 2298 Carthaginiensis
1023 2216 1208 2286 adiectione
1228 2218 1440 2284 οοιιιιτιιιιιιιι.
1464 2218 1584 2304 Neque
1604 2220 1729 2286 unimus
1751 2225 1821 2297 est,
1850 2218 1944 2286 huius
1964 2220 2027 2286 viri
2049 2218 2230 2288 doctissimi

365 2328 488 2396 scrinio
509 2325 703 2411 compilare,
724 2340 829 2406 neque
850 2325 943 2386 tantu
963 2338 1034 2384 sum
1053 2317 1189 2385 sudumn
1210 2325 1366 2406 unoque
1388 2319 1583 2406 temeritste,
1609 2326 1655 2406 ut,
1681 2338 1766 2406 quoe
1792 2319 1835 2386 ub
1855 2319 1910 2386 ιιιο
1937 2327 2029 2388 recte
2056 2320 2231 2408 ordineque

365 2429 570 2514 dictasunt,
597 2445 619 2491 ν
646 2443 699 2490 me
725 2429 834 2508 putem
860 2422 978 2488 clarius
1006 2426 1041 2486 et
1067 2418 1237 2485 dilucidius
1258 2439 1359 2506 posse
1384 2421 1514 2506 exponi
1558 2421 1674 2507 Neque
1711 2439 1794 2488 vero
1821 2419 1941 2487 desunt
1968 2421 2054 2486 utine
2081 2439 2230 2510 caussae,

366 2549 469 2617 quere
488 2527 653 2612 antiquum
673 2526 771 2589 istum
798 2520 1026 2589 nomocanonis
1046 2522 1240 2606 scriptorem
1261 2521 1406 2586 Trulluni
1433 2519 1559 2587 concilii
1586 2527 1735 2606 temporo
1752 2521 1905 2606 attigisse
1924 2539 2091 2606 negemus.
2124 2521 2163 2588 ln
2190 2543 2231 2592 eo

365 2649 466 2716 supra
485 2629 594 2694 diotre
614 2623 828 2713 pruetntionis
853 2621 943 2708 loco,
986 2641 1048 2709 quo
1077 2621 1224 2706 singulos
1250 2622 1431 2707 regulorum
1451 2621 1748 2688 ecclesiasticarum
1768 2623 1896 2710 tontes,
1928 2621 2014 2688 unde
2033 2641 2231 2690 nomocnno-

223 2802 247 2822 1,
367 2751 442 2798 nem
463 2728 637 2796 deduxerit
656 2743 766 2810 mum,
794 2729 946 2790 accurate
966 2721 1162 2808 descripsit,
1181 2722 1265 2790 haec
1292 2721 1432 2790 rddidit:
1461 2719 1564 2787 καλὸν
1593 2719 1792 2804 ἡγησάμενος
1818 2728 1853 2788 ἐν
1879 2720 1988 2806 ταότῴ
2014 2746 2231 2804 μνημονευσαι

367 2835 426 2898 καὶ
446 2829 497 2895 τό
524 2825 637 2914 παρα
663 2849 782 2891 τινων
803 2817 934 2906 ἁγίων
954 2831 1141 2909 πατέρων
1169 2821 1414 2903 ἰδιαζόντως
1440 2828 1482 2888 ιν
1506 2826 1755 2899 ἐπιστολαῖς
1780 2821 1949 2889 πεόσεσί
1972 2847 2014 2888 τε
2042 2829 2112 2890 και
2137 2824 2230 2892 rino·

366 2936 560 3018 κρίσεσιν
580 2926 733 3011 εόσεβοῑ
743 2949 760 3002 ς
780 2931 991 3008 εἰρημένα,
1012 2929 1087 2988 καί
1103 2947 1197 2989 τινα
1217 2921 1367 3011 τρόπον
1386 2920 1564 2999 κανόνος
1584 2920 1709 2989 τόπον
1729 2925 1995 3008 παρέχεσθαι
2015 2924 2230 3008 δυνάμενα,

368 3031 430 3098 οὐκ
451 3029 581 3114 ἀγνοῶν
600 3031 658 3112 μιν
677 3024 721 3102 ὠς
741 3029 798 3092 και
819 3035 889 3100 τοῖς
908 3021 1061 3107 μεγάλοις
1081 3025 1245 3108 Βασιλείῳ
1272 3027 1329 3090 και
1355 3026 1523 3112 Γρηγοριιρ
1551 3025 1644 3089 δοκεῖ
1666 3029 1703 3090 et
1728 3025 1861 3111 relique
1915 3025 1984 3090 lum
2010 3026 2072 3092 hoe
2098 3028 2231 3111 reguloe

243 3190 289 3214 -··
367 3130 617 3221 (1110Ιιιοίιθίῑθῐί
637 3128 752 3216 imit»
772 3131 810 3192 ¹¹²
829 3126 1069 3212 mmmm
1089 3145 1256 3192 cottonem
1281 3127 1385 3191 τιοετι
1410 3127 1591 3210 proestare
1616 3124 1818 3213 dicerentur,
1847 3132 1906 3192 unt
1933 3127 1988 3212 qui
2014 3146 2096 3212 opus
2116 3129 2175 3194 tuit
2187 3130 2231 3196 ,η

240 3234 293 3309 ..3
367 3234 408 3300 s.
432 3233 557 3300 Βοιαιι
578 3227 801 3314 &reperitque
821 3227 1045 3293 σοοιοτιιιιεοι
1065 3226 1285 3314 descendere,
1313 3227 1429 3292 siinm
1450 3233 1546 3310 tunc,
1574 3245 1645 3292 cum
1667 3227 1719 3292 ιιιο
1739 3227 1822 3294 ιιιιει·
1836 3226 1979 3313 scriptus
1991 3237 2062 3316 est,
2083 3229 2168 3296 inter
2191 3251 2231 3295 0.

367 3355 460 3403 mnes
480 3332 694 3417 constitisset,
713 3329 796 3396 haee
816 3335 999 3395 sanctornm
1020 3335 1145 3414 potrum
1165 3347 1324 3414 responsu
1343 3327 1529 3394 uTruttsno
1549 3328 1685 3393 concilio
1706 3327 1892 3394 confirmatu
1912 3345 1991 3395 esse
2012 3335 2048 3395 ct
2068 3348 2151 3396 voce
2170 3354 2231 3395 κα-

367 3433 464 3512 νόνος
483 3431 730 3500 demonstrttst
756 3427 816 3496 Sic
839 3431 925 3498 enim
944 3448 1048 3496 conon
1075 3429 1237 3496 secundus
1257 3427 1404 3495 eiusdem
1425 3428 1550 3495 concilii
1571 3428 1593 3492 Ι.
1614 3429 1658 3494 t:
1686 3425 1773 3494 ἀλλὰ
1791 3427 1855 3509 μὴν
1876 3429 2007 3516 (supple
2027 3428 2124 3508 τοὺς
2150 3433 2231 3496 λοι-

367 3534 468 3612 ποός
488 3532 646 3607 πάντας
663 3529 858 3612 κανόνας)
879 3533 936 3596 καὶ
956 3533 1131 3596 Διονυσίου
1152 3527 1404 3615 όρχιεπισκόπου
1430 3535 1604 3613 γενομένου
1621 3525 1861 3616 mutassem
1887 3528 2142 3612 μεγαλοκόλεος,
2171 3535 2230 3597 και

367 3637 501 3722 Πέτρου
528 3641 701 3715 γενομένου
733 3629 985 3715 ἁρχιεπισκόπου
1009 3628 1248 3716 Ἀλεξανδραας
1274 3633 1331 3694 και
1357 3629 1535 3719 μα’ρτυρος,
1565 3633 1623 3694 και
1649 3632 1830 3716 Γρηγοριου
1856 3628 2032 3697 ἐπισκόπου
2058 3639 2231 3713 γενομένου

367 3737 630 3820 Νιοκαισαρειας
650 3735 710 3797 τοῦ
735 3731 1013 3817 θαυματουργοῡ,
1037 3727 1251 3795 Ἀθανασιου
1272 3728 1524 3813 ἁρχιεπισκόπου
1542 3727 1796 3811 Ἀλεξανδριιας,
1823 3732 2003 3797 Βαοιλείου
2023 3729 2229 3816 ἁρχιεπισκό-

368 3857 432 3903 που
444 3833 653 3921 Καισαρειας
672 3830 941 3910 Καππαδοκειας,
963 3833 1142 3944 Γρηγοριου
1162 3827 1337 3896 ἐπισκόπου
1357 3828 1509 3908 Νόσσης,
1537 3832 1719 3948 Γρηγοριιιυ
1738 3833 1799 3896 τοῦ
1819 3829 1996 3914 θεολόγον,
2014 3829 2230 3919 Ἀμφιλοχιιιο

367 3938 428 4003 τοῦ
447 3933 594 4012 Ἰκονίου,
629 3933 802 4015 Τιμοθεοό
830 3928 1080 4018 ἁρχισιισκὸπου
1104 3939 1278 4013 γενομένου
1295 3929 1589 4017 Ἀλεξανδρειας“
1556 3955 1595 4024 το
1622 3927 1793 4017 πρότερον,
1830 3930 2043 4019 Θεοφιλου’
2023 3929 2229 4020 αρχιεπισκό-

367 4059 432 4103 που
451 4037 509 4114 τῆς
529 4031 629 4113 αὐτῆς
647 4031 887 4148 Ἀλεξανδρειας
906 4027 1155 4120 μεγαλοπόλεως,
1175 4029 1385 4118 Κυρίλλου’
1365 4027 1618 4118 αρχιεπισκόπου
1636 4034 1693 4110 τῆς
1710 4030 1973 4158 Ἀλιξανδραας
1977 4035 2035 4099 και
2055 4035 2232 4100 Γενναδιιιυ

366 4132 570 4220 πατριάρχου
589 4141 762 4252 γενομένου
782 4133 838 4246 τῆς
859 4130 1094 4219 θεοφυλὰκτου
1113 4129 1233 4211 ταύτης
1252 4155 1309 4197 και
1300 4133 1487 4218 βασιλίδος
1500 4130 1627 4209 πόλεως.
1648 4137 1697 4198 ἔτι
1716 4132 1780 4216 μὴν
1799 4136 1857 4199 καὶ
1877 4133 1936 4199 τόν
1956 4130 2018 4200 imo
2005 4132 2230 4222 Κυπριανον

367 4238 427 4302 τοῦ
453 4241 627 4317 γενομένου
646 4230 898 4320 ἀρχιεκισκόπου
918 4235 975 4310 τῆς
990 4230 1122 4319 Ἄφρων
1138 4231 1250 4319 χωρας
1269 4237 1327 4298 και
1347 4230 1509 4319 μάρτυρος
1528 4236 1585 4298 και
1605 4235 1662 4312 τῆς
1681 4233 1751 4299 κατ’
1773 4233 1875 4300 αὐτόν
1894 4229 2034 4300 συνόδου
2054 4236 2232 4300 ἐπιτεθέντα

366 4333 574 4404 κανόνα-
594 4338 664 4401 καὶ
683 4335 828 4419 μηδενὶ
847 4332 1002 4412 ἐξεῖναι
1028 4332 1123 4410 τοός
1148 4334 1495 4416 προδηλωθέντας
1521 4333 1865 4422 παραχαράττειν
1891 4333 2072 4420 κανόνας
2091 4334 2112 4414 ἢ
2131 4333 2229 4400 ἀθε-

366 4447 462 4504 τεῖν.
507 4436 608 4524 Atqui
633 4437 670 4502 ιιι
689 4434 798 4501 stood
820 4441 949 4520 potres,
969 4453 1109 4520 quorum-
1127 4434 1170 4502 de
1198 4435 1331 4522 scriptis
1352 4435 1399 4523 ts,
1426 4433 1468 4501 de
1490 4453 1552 4520 quo
1573 4453 1680 4503 sermo
1710 4443 1776 4516 est,
1805 4455 2006 4504 nomocunon
2034 4437 2232 4523 compositus

366 4544 440 4626 est,
460 4537 515 4624 qui
535 4537 569 4603 in
597 4535 790 4602 bibliothece
818 4534 898 4600 iuris
920 4537 1066 4601 cononici
1087 4541 1164 4602 tom.
1191 4536 1237 4602 11.
1266 4556 1298 4621 p.
1329 4531 1420 4602 794.
1443 4540 1479 4602 et
1506 4553 1576 4622 seq.
1604 4546 1847 4625 enumerentur,
1872 4537 1966 4604 modo
1987 4555 2168 4624 perpuueos
2188 4535 2231 4604 de

366 4657 409 4708 eo
431 4655 563 4706 numero
584 4637 783 4725 detraxeris,
802 4641 881 4700 sunt
901 4635 971 4702 tere
992 4635 1099 4724 iidem,
1121 4655 1255 4723 quorum
1274 4637 1407 4722 regulae
1428 4635 1461 4702 in
1483 4655 1583 4722 sopra
1604 4636 1691 4704 dicto
1712 4639 1839 4706 concilii
1860 4639 2007 4706 Trnlloni
2033 4637 2106 4706 loco
2127 4634 2227 4702 κανό-

365 4762 420 4814 νες
439 4757 518 4806 esse
539 4737 777 4824 perhibeantur.
825 4733 974 4823 Deinde,
1007 4737 1093 4822 quod
1121 4747 1157 4804 et
1185 4737 1354 4804 Βιειιειια
1371 4737 1394 4802 Ι.
1416 4736 1438 4801 Ι.
1459 4757 1493 4823 p.
1516 4733 1580 4802 36.
1601 4738 1732 4806 videtur
1751 4741 1935 4828 monuisse,
1965 4739 2027 4806 vix
2048 4757 2088 4806 uc
2108 4757 2151 4806 ne
2172 4740 2231 4804 vix

367 4838 497 4927 quidem
517 4837 724 4908 dubitandum
744 4855 875 4924 censeo,
896 4838 974 4924 quin
993 4837 1081 4906 idem
1101 4839 1242 4926 scriptor
1261 4838 1297 4904 in
1318 4836 1475 4905 eiusmodi
1502 4855 1722 4906 nomocononc
1743 4841 1942 4908 conficiendo
1967 4837 2125 4906 Τιαιιοιιι
2144 4857 2231 4904 σοα-

369 4941 439 5006 citit
458 4958 602 5007 conones
623 4939 832 5026 expositurus
852 4938 978 5026 suisset,
998 4939 1029 5005 si
1049 4959 1090 5008 eo
1110 4946 1259 5027 temporo
1278 4939 1456 5024 attigisset.
1499 4937 1601 5025 Atqui
1625 4940 1728 5026 quinti
1746 4947 1871 5008 tuntum
1891 4942 2018 5008 concilii
2044 4941 2088 5006 ibi
2110 4939 2231 5006 mentio

368 5042 457 5106 tuctu
476 5047 541 5128 est,
563 5041 710 5106 'l'ruttuni
730 5039 856 5106 οοιιοιιιι
877 5059 942 5106 non
963 5041 1052 5108 item.
1095 5039 1155 5108 Sic
1176 5039 1263 5106 enim
1283 5037 1422 5105 Photius
1446 5039 1481 5105 in
1507 5039 1652 5107 secundo
1671 5041 1744 5107 eius
1771 5043 2000 5110 nomocenouis
2026 5041 2232 5128 praefatione

369 5139 392 5205 Ι.
411 5139 435 5203 1.
457 5145 532 5205 ιοιιι.
545 5141 590 5206 ll.
612 5161 645 5228 p.
659 5137 756 5206 792:
778 5137 797 5205 ό
816 5143 874 5222 μὲν
893 5139 1005 5226 παρόν
1024 5136 1193 5226 πρόλογος,
1215 5137 1272 5227 ἀφ’
1288 5131 1328 5206 οὖ
1349 5137 1387 5204 τό
1400 5141 1608 5228 Χριστιανῶν
1618 5139 1725 5224 δόγμα
1741 5155 1812 5221 τοῖς
1824 5145 1888 5209 τῶν
1900 5141 2105 5210 Ἀποστόλων
2116 5135 2231 5227 φθόγ-

367 5263 439 5322 γοις
458 5246 504 5316 τις
524 5239 582 5318 τὴν
603 5247 791 5324 οἰκουμένην
810 5238 1004 5320 διὴπλωται,
1032 5239 1067 5319 ἐξ
1086 5245 1209 5306 ἐκείνου
1229 5239 1307 5316 τοός
1332 5247 1426 5326 μέχρι
1446 5243 1503 5319 τῆς
1523 5249 1663 5324 πέμπτης
1682 5243 1822 5310 συνόδου
1849 5243 1990 5320 κανόνας
2009 5249 2055 5320 εις
2074 5243 2110 5308 δν
2128 5261 2231 5306 συνα-

368 5349 482 5422 γαγεῖν
501 5341 640 5421 θέμενος
659 5339 792 5431 σκοπόν,
811 5339 850 5406 τὸ
871 5349 968 5428 πέρας
999 5331 1045 5406 τόν
1066 5336 1219 5420 ι’πεέσχετο
1240 5343 1296 5420 τῆς
1316 5344 1509 5425 ἐπαγγελιιις
1528 5345 1665 5408 ἐπίθετο
1689 5343 1749 5410 οὐκ
1769 5344 1911 5426 ἀνάξιον.
1960 5344 2063 5432 Atqui
2082 5361 2124 5410 ee
2144 5359 2231 5426 syn·

369 5435 451 5506 odos
478 5447 611 5506 auctore
630 5441 707 5508 Nilo
733 5443 768 5510 in
794 5441 936 5525 διηγήσει
962 5442 1138 5523 συνοπτικῇ
1159 5444 1229 5528 περὶ
1255 5443 1321 5508 τῶν
1341 5437 1444 5524 ἁγίων
1469 5444 1527 5506 και
1554 5447 1786 5526 οίκουμενικών
1811 5445 1955 5513 συνόδων
1981 5447 2014 5512 ιιι
2035 5441 2231 5510 meminere

369 5539 450 5606 iuris
470 5541 618 5607 canonici
638 5548 715 5610 ιοιι.
734 5543 780 5626 11.
801 5563 836 5631 p.
863 5540 977 5610 rtet.
997 5557 1069 5626 seq.
1089 5539 1201 5608 hubitn
1221 5549 1276 5611 est
1296 5543 1491 5631 imperatore
1511 5541 1694 5613 Iustiniuno
1715 5563 1799 5616 anno
1820 5546 1929 5617 mundi
1952 5543 2071 5614 6645.
2103 5537 2230 5608 Christi

472 5825 501 5890 1)
517 5826 548 5880 tu
564 5828 722 5883 bttttottecs
736 5832 803 5883 tortu
818 5831 941 5884 montet
956 5835 1020 5884 ton.
1037 5831 1070 5884 u.
1087 5845 1113 5899 p.
1130 5830 1191 5883 7⁹⁰·
