4790 7064
965 495 1305 576 cheuvt'l.
1819 545 1825 557 ·
1987 521 2052 568 xcv
2124 452 2129 463 Ι

189 686 305 776 quihus
327 684 432 772 portio
460 685 604 770 legitima
633 683 823 770 deberetur,
859 683 1053 770 proterenda
1080 686 1163 769 sint,
1195 700 1310 752 necne.
1354 679 1496 770 Cumque
1518 685 1607 752 multi
1629 693 1663 754 at
1683 689 1738 754 alii
1759 687 1951 774 proterenda
1972 707 2051 756 esse

187 788 414 872 censuissent,
435 785 520 852 inter
541 805 624 870 qnos
644 785 708 850 viri
729 786 1004 870 praestantissimi
1025 781 1268 875 lul-maetam)
1291 793 1326 852 et
1347 785 1735 878 illuminarer-arciense),
1770 791 1822 856 vir
1843 789 2051 856 doctissimus

188 881 458 976 Mrmenolliua³J
479 887 512 954 in
534 886 598 952 alia
619 887 724 952 omnia
747 885 917 972 discessit,
939 887 992 971 qui
1014 905 1069 972 ea,
1090 907 1173 973 quae
1194 907 1293 973 sopra
1309 888 1532 974 recitavimus,
1552 890 1694 957 adsolas
1707 890 2051 976 reliquorumdescen-

187 991 331 1058 dentium
353 1005 512 1074 personas
534 987 659 1054 reterre
680 987 806 1066 rualoit,
829 1007 963 1074 eamque
986 989 1166 1073 opinionem
1187 1007 1229 1056 ex
1253 989 1366 1054 loliani
1387 992 1608 1056 antecessoris
1629 991 1768 1077 epitome
1791 992 1993 1061 confirmavit
2001 988 2050 1080 ⁴).

186 1093 298 1178 Atque
326 1089 590 1158 descendentium
620 1087 749 1173 quidem
779 1097 990 1173 personarum
1019 1089 1052 1156 in
1072 1088 1222 1172 genuinis
1243 1089 1408 1156 Novellae
1436 1088 1495 1154 18.
1519 1091 1630 1157 verbis
1655 1094 1774 1158 mentio
1796 1092 1932 1158 hahetur
1954 1094 2049 1158 nulla.

185 1195 302 1280 Itaque
325 1189 496 1258 credamus
517 1206 656 1254 necesse
678 1187 757 1268 crit,
792 1188 873 1257 haec
900 1189 1016 1257 Iuliani
1038 1192 1140 1256 verba
1162 1210 1206 1254 ex
1228 1177 1287 1276 ea,
1320 1209 1402 1275 quiae
1423 1192 1526 1275 ipsius
1549 1195 1746 1278 temporibus
1768 1192 2052 1280 Constantinopoli

185 1292 440 1377 observabatur,
468 1290 552 1356 hanc
573 1289 746 1356 Nouellum
769 1289 1006 1376 interpretandi
1026 1292 1153 1358 ratione
1175 1293 1320 1376 prolecta
1341 1309 1439 1376 esse,
1471 1293 1577 1377 (puelia
1597 1294 1696 1358 mrdta
1717 1301 1751 1360 et
1771 1295 1836 1360 alia
1856 1291 1942 1379 apud
1963 1313 2048 1360 eun-

184 1395 260 1462 dem
282 1394 473 1478 scriptorem
495 1387 719 1480 hahentur⁵);
741 1397 798 1456 aut
818 1398 998 1458 statuamus
1020 1393 1191 1479 oportebit,
1212 1393 1245 1456 in
1266 1393 1383 1458 loliani
1404 1393 1516 1458 codice
1538 1396 1755 1480 manuscripto
1777 1396 1859 1461 haee
1881 1396 1983 1462 inisse
2005 1396 2050 1458 ita

185 1499 364 1578 concepta:
385 1490 504 1556 τοῦτον
524 1494 721 1573 κρατοῦντος
741 1489 788 1576 ἐφ’
814 1487 1049 1558 ἁπάντωντῶν
1069 1491 1247 1558 κατιόντων
1261 1490 1445 1579 προσώπων.
1490 1493 1598 1578 Atque
1612 1513 1652 1560 ea
1667 1495 1804 1580 quidem,
1825 1517 1919 1581 quam
1941 1496 2050 1560 ultimo

185 1597 258 1662 lucu
281 1594 460 1678 posuimus,
494 1593 680 1658 coniectura
709 1592 806 1679 plane
834 1611 898 1658 non
924 1593 1072 1678 procedit
1099 1599 1164 1658 tum
1191 1601 1323 1679 propter
1349 1594 1493 1658 codicrun
1520 1595 1717 1660 Graecorum
1740 1617 1950 1684 consensum,
1984 1603 2050 1660 urm

185 1703 321 1783 propter
342 1694 496 1779 vulgatae
518 1693 681 1760 versionis
705 1694 947 1781 auctoritatem,
981 1700 1047 1760 tum
1074 1693 1214 1778 denique
1236 1699 1370 1780 propter
1395 1695 1570 1760 Athanasii
1592 1697 1803 1762 iureconsulti
1825 1697 2049 1762 testimoninm.

186 1798 223 1862 ls
246 1795 333 1862 enim
360 1795 411 1860 tit.
441 1790 478 1860 9.
515 1801 620 1860 const.
649 1793 686 1860 2.
708 1795 791 1862 haee
820 1794 930 1860 habet:
965 1797 1064 1881 φησὶν
1085 1796 1119 1857 δὲ
1140 1791 1159 1870 ἡ
1180 1791 1325 1874 διάταξις
1346 1793 1389 1859 ἐπ’
1415 1802 1541 1860 ἐκείνων
1562 1799 1625 1860 τῶν
1647 1795 1822 1881 προσώπων
1843 1809 1972 1880 κρατεῖν
1993 1795 2050 1859 τόν

185 1895 303 1978 νόμον,
339 1893 386 1982 ἐφ’
418 1884 463 1958 ὦν
484 1891 518 1971 ἐξ
544 1894 645 1976 ἀρχῆς
673 1891 691 1960 ὁ
719 1897 779 1960 τοῦ
805 1897 947 1960 παλαιοῦ
975 1892 1131 1980 τετάρτου
1152 1897 1208 1973 τῆς
1229 1897 1263 1959 δὲ
1284 1895 1473 1981 ittosfict'uau
1494 1899 1747 1978 νενομοθέτηται
1769 1897 1874 1980 λόγος.
1920 1897 2050 1962 Deinde

186 1998 273 2066 idem
292 1996 496 2062 Athanasius
517 2002 666 2062 vetereto
690 1995 773 2062 hanc
796 1996 1184 2068 esseiureconsultorum
1207 1995 1403 2062 Graecorum
1426 1997 1468 2062 de
1489 1997 1551 2062 hue
1565 1999 1639 2082 lege
1652 1999 1895 2084 interpretanda
1917 1998 2050 2064 dissen-

186 2101 312 2166 sionem
335 2097 540 2184 significans,
561 2097 634 2182 ipse
655 2095 696 2162 ad
718 2096 803 2162 hanc
824 2095 940 2164 adduci
961 2116 999 2164 se
1023 2098 1142 2182 patitur
1163 2099 1361 2186 opinionem,
1382 2103 1417 2162 nt
1438 2098 1503 2164 ista
1524 2100 1625 2166 verba
1646 2101 1688 2168 ad
1710 2101 1951 2168 adscendentes
1972 2119 2051 2184 pur·-

184 2199 323 2286 rigeuda
344 2217 421 2264 esse
449 2203 595 2264 censeat.
638 2194 697 2262 Sic
718 2197 803 2262 enim
824 2197 845 2261 l.
866 2197 907 2263 l.:
935 2199 993 2262 καὶ
1014 2196 1125 2262 σκόπει
1137 2195 1258 2280 μήποτε
1279 2203 1336 2264 καὶ
1358 2209 1426 2273 τοῖς
1447 2197 1594 2266 ἀνιοῦσιν
1615 2201 1754 2268 δννιιτόν
1776 2206 1876 2283 λέγειν
1897 2201 2050 2264 ἐντεῦθεν

184 2301 225 2368 τὸ
247 2299 383 2380 νόμιμον
404 2297 611 2378 αὐξάνεσθαι
631 2303 725 2378 μέρος
746 2295 827 2362 καθ’
859 2296 1036 2380 ὁμοιότητα
1064 2302 1128 2364 τών
1154 2297 1348 2364 κατιόντων·
1385 2302 1442 2364 καὶ
1470 2298 1535 2382 γάρ
1562 2308 1596 2366 έν
1622 2305 1662 2386 τῇ
1691 2307 1779 2390 περὶ
1807 2303 1886 2366 τών
1913 2300 2050 2365 uellera

184 2400 329 2480 διατάξει
352 2396 463 2490 (Nuv.
476 2395 540 2466 89.
564 2393 737 2486 εερ.12.)
760 2395 860 2475 οῦτως
882 2402 982 2486 φησιν
1002 2399 1022 2478 ἡ
1043 2396 1206 2478 διάταξις·
1229 2405 1288 2478 „el
1310 2402 1349 2464 δὲ·
1371 2401 1506 2477 ἔχοιεν
1529 2409 1567 2467 οἱ
1588 2405 1823 2486 ἔμπροσθεν
1845 2408 2050 2483 εἰρημένοι

184 2501 303 2579 τινάς
336 2503 412 2566 τῶν
439 2497 654 2578 ἀνιόντων,
682 2497 755 2578 τὴν
785 2496 957 2580 νόμιμον
983 2497 1129 2576 αὐτοῖς
1157 2503 1581 2582 καταλιμπανέτωσαν
1608 2516 1777 2592 μοῖραν,
1813 2503 1856 2581 ἢν
1883 2501 1901 2568 ὁ
1926 2501 2050 2581 νόμος

183 2605 256 2668 καὶ
296 2599 410 2682 ἡμεῖς
445 2597 683 2682 ετάξαμεν.“
723 2596 784 2673 ὥςε
810 2602 964 2666 ἐντεῦθεν
993 2605 1247 2686 τεκμαίρεσθαι,
1278 2598 1329 2666 ὅτι
1358 2604 1415 2666 καὶ
1440 2613 1508 2679 τοῖς
1529 2601 1674 2669 ἀνιοῦσιν
1695 2604 1733 2669 τὸ
1761 2602 1896 2686 νόμιμον
1921 2601 2050 2681 ηὐξήθη

180 2713 281 2792 μέρος
307 2711 343 2768 εκ
370 2705 426 2782 τῆς
453 2699 617 2790 παρούσης
645 2697 826 2778 διατάξεως.
857 2698 1002 2783 οὐδαμοῦ
1023 2702 1086 2791 γάρ
1109 2707 1260 2788 μαίνεται
1283 2700 1320 2766 τὸ
1343 2704 1406 2767 τεόν
1434 2701 1589 2768 ἀνιόντων
1610 2701 1745 2786 νόμιμον
1766 2713 1860 2786 μέρος
1881 2711 1914 2772 ἐν
1935 2705 2049 2776 ἄλλαις

181 2802 337 2880 τυπώσας
357 2801 540 2883 διατάξεσιν
561 2800 580 2868 ὁ
602 2805 783 2877 καλλίνικος
806 2798 893 2882 ἡμῶν
913 2801 1080 2886 βασιλεῦς,
1103 2808 1176 2882 καί,
1200 2801 1242 2879 oie
1264 2808 1382 2882 ἔοικεν,
1404 2801 1462 2882 τὴν
1483 2807 1651 2887 παροῦσαν
1663 2804 1810 2885 διάταξιν
1832 2803 2049 2886 αἰνιττόμενος

181 2907 228 2972 τά
257 2911 468 2990 προειρημένα
494 2901 663 2983 διεξῆλθεν
690 2909 724 2968 ἐν
749 2903 790 2986 τῇ
819 2906 888 2986 περὶ
916 2905 980 2968 τών
1004 2902 1118 2970 νόθων
1147 2907 1333 2987 νομοθεσία
1354 2907 1447 2970 τοῦδε
1468 2907 1526 2970 τοῦ
1548 2905 1780 2989 συντάγματος.
1825 2907 1864 2972 ln
1888 2925 1949 2990 quo
1971 2905 2050 2970 illud

181 3025 268 3074 saue
296 3007 463 3092 miramur,
501 3005 715 3070 Athanasium
741 3010 885 3070 nostrum
913 3005 946 3070 in
974 3005 1035 3072 hac
1067 3007 1292 3074 controversia
1320 3004 1501 3072 decidenda
1528 3006 1642 3072 eudem
1670 3008 1725 3074 via
1753 3027 1830 3073 esse
1858 3008 2050 3090 ingressum,

180 3129 281 3197 quam
301 3113 434 3174 nostrae
456 3107 628 3172 memoriae
651 3105 859 3172 iureconsulti
881 3113 994 3172 tenere
1015 3103 1242 3196 volueruntt).
1285 3107 1457 3174 Caeterum
1479 3128 1542 3172 rron
1565 3108 1734 3174 defuerunt
1748 3127 1790 3172 ex
1808 3109 1962 3193 Graecis,
1984 3108 2049 3192 urai,

181 3209 272 3297 quod
294 3209 334 3274 ab
357 3207 538 3272 Athanasio
561 3225 630 3271 cum
652 3204 789 3292 quadam
811 3205 1010 3274 dubitatione
1033 3207 1245 3294 dictumest,
1279 3208 1312 3276 id
1340 3209 1387 3275 ita
1414 3227 1492 3274 esse
1524 3229 1582 3294 pru
1609 3217 1698 3274 certo
1727 3217 1760 3273 et
1782 3209 1959 3274 indubitato
1989 3229 2049 3292 ρο-

182 3312 323 3378 sueriut.
366 3308 423 3378 Sic
450 3308 664 3374 Basilicarum
691 3307 908 3396 scholiastes,
942 3307 995 3394 qui
1023 3307 1109 3394 apud
1137 3309 1312 3376 Fahrutum
1341 3317 1416 3374 torn.
1446 3310 1485 3373 V.
1507 3331 1538 3394 p.
1561 3307 1651 3372 483.
1680 3309 1832 3374 habetur:
1869 3307 1906 3372 τὸ
1928 3299 2048 3384 riviro&

183 3409 296 3492 ,‚xcctc'c
316 3408 375 3488 τὴν
396 3406 423 3475 δ
427 3417 459 3474 .“
480 3413 556 3486 ἔχει,
577 3411 634 3474 καὶ
657 3419 862 3496 παρακρατεῖ
878 3411 976 3474 τοῦτο
997 3405 1132 3488 σχόλιον
1152 3409 1299 3476 παλαιόν.
1322 3413 1419 3474 τοῦτο
1440 3411 1474 3474 δὲ
1495 3409 1532 3474 τὸ
1554 3408 1690 3491 νόμιμον
1706 3417 1822 3494 μέτρον
1843 3409 1976 3488 ηὔξησεν
1998 3413 2048 3474 επὶ

181 3515 250 3578 τῶν
279 3510 435 3576 ἀνιόντων
455 3513 512 3574 καὶ
540 3507 718 3576 κατιόντων
744 3506 764 3588 ἡ
785 3508 835 3588 ιη’.
857 3507 957 3592 νεαρά
977 3517 1012 3575 έν
1034 3513 1080 3593 τῴ
1102 3509 1144 3577 α’.
1168 3514 1356 3598 κεφαλαίῳ,
1392 3507 1510 3594 ὁμοίως
1536 3514 1593 3577 καὶ
1618 3512 1669 3576 ἐπὶ
1690 3509 1847 3598 ἀδελφῶν.
1892 3507 1983 3592 Quae
2005 3529 2048 3575 ex

182 3614 320 3700 anhquo
341 3611 448 3698 aliquo
469 3610 680 3678 Novellarum
702 3610 883 3698 interprete
904 3610 1024 3678 haustu
1045 3611 1208 3679 videntur.

879 3777 950 3845 111.
993 3778 1082 3848 Nou.
1103 3777 1169 3848 22.
1190 3799 1264 3866 cap.
1287 3779 1355 3847 24.

314 3911 394 3982 Cum
421 3916 506 3982 iuter
527 3927 641 3981 omnes
668 3911 860 4005 constetl),
890 3915 1103 3983 filiislamilias
1131 3917 1163 3982 in
1192 3917 1337 3982 omnibus
1367 3917 1417 3982 his
1449 3917 1594 3998 casibus,
1629 3917 1796 4004 inquibus
1827 3934 1884 3982 res
1905 3917 2050 4004 patribus

182 4019 257 4087 suis
280 4037 343 4084 non
364 4017 541 4104 ampuisitas
563 4015 720 4104 habeant,
756 4017 872 4084 nullam
894 4017 1102 4103 temporalem
1132 4019 1420 4104 praescriptionem
1450 4019 1585 4106 opponi,
1618 4019 1701 4104 nisi,
1734 4037 1778 4084 ex
1805 4037 1867 4104 (pou
1889 4020 2050 4084 actionem

181 4139 321 4190 movere
342 4118 522 4206 potuerint,
544 4117 606 4182 hoc
627 4124 695 4204 est,
718 4128 888 4204 postquam
909 4120 1056 4206 parentis
1077 4125 1243 4205 potestate
1265 4113 1383 4184 suerint
1403 4119 1547 4196 liberati,
1570 4125 1676 4184 tamen
1698 4119 1873 4204 imperator
1893 4117 2049 4185 iustinia-

182 4243 248 4290 nus
269 4221 303 4286 in
324 4220 412 4286 Nuv.
436 4215 499 4283 22.
522 4237 594 4303 cap.
624 4216 689 4284 24.
719 4219 855 4306 aliquid,
890 4219 974 4307 quod
1002 4220 1068 4308 his,
1107 4238 1190 4306 quae
1218 4219 1374 4308 diximus,
1410 4221 1604 4286 eontrarium
1630 4221 1693 4308 sit,
1728 4221 1880 4284 sanxisse
1906 4219 2048 4286 videtur.

182 4321 268 4390 Cum
289 4321 372 4390 euim
395 4339 465 4406 cap.
479 4315 543 4384 22.
565 4337 625 4386 eas
647 4339 771 4406 poenas
791 4320 1042 4408 descripsisset,
1064 4339 1147 4406 quae
1169 4321 1217 4406 ei,
1239 4339 1331 4406 quae,
1353 4319 1461 4405 priore
1474 4322 1672 4386 matrimonio
1687 4320 1804 4408 soluto,
1824 4323 1910 4386 intra
1931 4339 2048 4387 ιιιιιιιιιιι

183 4427 294 4490 luctus
313 4423 355 4489 ad
378 4419 540 4516 secundas
561 4423 691 4506 nuptias
707 4423 906 4507 transisset,
928 4421 1051 4488 mulieri
1072 4421 1310 4508 infligerentur,
1333 4441 1466 4506 cumque
1487 4441 1557 4508 cap.
1575 4419 1638 4486 23.
1652 4440 1709 4503 ea,
1731 4439 1813 4507 quae
1836 4427 1912 4507 post
1932 4440 2049 4487 annuum

180 4528 292 4592 luctus
313 4525 459 4610 clapsum
479 4521 565 4588 idem
586 4521 737 4601 lecisset,
758 4523 788 4588 si
809 4523 892 4590 filios
914 4523 1066 4611 haberet,
1087 4521 1234 4587 omnibns
1255 4523 1381 4587 omuino
1397 4523 1511 4610 rebus,
1533 4542 1615 4609 quae
1638 4543 1681 4590 ex
1703 4523 1820 4610 prioris
1841 4521 1945 4587 meriti
1966 4519 2049 4584 libe-

182 4627 318 4694 ralitate
339 4624 381 4692 ad
403 4643 475 4690 eam
497 4625 742 4713 pervenissent,
774 4643 888 4690 carere
909 4625 1001 4690 iussa
1023 4627 1133 4708 esset,
1166 4623 1229 4686 nisi
1257 4622 1342 4708 quod
1371 4625 1575 4690 ususfructus
1597 4643 1704 4690 earum
1726 4644 1830 4690 rerum
1854 4641 1957 4709 penes
1977 4641 2048 4684 mu-

181 4730 302 4795 lierem
322 4731 432 4812 esset,
465 4725 667 4811 proprietate
688 4743 797 4792 earum
818 4745 923 4792 rernm
943 4724 985 4792 ud
1008 4724 1091 4790 hlios
1113 4723 1287 4804 redeunte,
1322 4745 1392 4790 cum
1415 4724 1555 4812 denique
1583 4725 1624 4794 ad
1646 4725 1742 4792 sunem
1764 4723 1910 4792 eiusdem
1932 4721 2049 4806 capitis

181 4829 274 4899 idem
293 4829 327 4894 in
346 4827 481 4916 marito,
512 4827 565 4913 qui
585 4826 746 4913 prioribus
765 4827 887 4913 nuptiis
915 4825 1076 4911 neglectis
1103 4823 1144 4891 od
1173 4823 1317 4892 secunda
1338 4831 1417 4894 vota
1438 4826 1615 4917 transiret,
1651 4827 1764 4896 valere
1792 4827 1912 4891 iussum
1941 4827 2050 4888 esset:

291 5167 317 5232 l)
331 5169 360 5224 la
378 5169 465 5220 libro:
492 5169 552 5219 Das
578 5165 665 5216 liecht
685 5165 736 5216 der
758 5163 914 5214 Notherbm
934 5163 993 5214 uad
1014 5161 1374 5229 Paorurauaoerecvuprm
1396 5179 1422 5229 p.
1446 5167 1511 5217 208.
1614 5166 1644 5231 2)
1667 5165 1698 5215 ln
1719 5163 1838 5213 doctrina
1859 5161 2048 5215 Pandectarum

179 5263 248 5311 tom.
268 5254 312 5304 111.
328 5269 353 5317 p.
371 5256 436 5304 223.
455 5253 497 5302 ed.
514 5256 541 5302 ³.
560 5257 588 5302 at
605 5253 632 5300 lu
650 5251 850 5300 cunutunatlone
867 5247 929 5297 llbrl
952 5248 1107 5298 elueolrouu
1134 5255 1197 5299 tom.
1223 5247 1334 5299 XXXV.
1353 5265 1378 5314 p.
1397 5250 1564 5302 248-256.
1665 5251 1694 5309 ³)
1712 5249 1741 5296 lu
1759 5247 1843 5308 llbro,
1868 5249 1941 5296 culus
1958 5248 2049 5296 titulus

177 5347 225 5396 hle
242 5345 302 5392 eat:
319 5339 479 5402 zeitschrift
493 5337 545 5401 sair
563 5335 713 5386 Civilrecht
727 5333 785 5383 und
801 5332 939 5398 Procnes,
964 5333 1179 5398 λιταιιεριριίιιιι
1196 5348 1249 5384 oon
1267 5334 1371 5400 Linde,
1394 5335 1534 5386 Murezoll
1542 5369 1552 5400 ,
1584 5331 1884 5394 iteratam-lapenheim
1903 5335 1966 5380 tom.
1983 5331 2004 5380 1.
2023 5347 2048 5394 p.

176 5429 245 5482 251.
266 5437 324 5487 seq.
408 5421 439 5486 4)
457 5421 549 5472 Currat.
566 5419 610 5475 ³4.
629 5431 687 5482 cap.
707 5417 783 5470 tlh:
801 5419 851 5468 boc
868 5419 979 5483 autem,
995 5418 1068 5482 quod
1083 5419 1116 5468 de
1131 5417 1198 5482 fillis
1214 5418 1376 5484 pellaturque
1394 5420 1527 5484 dicimus,
1547 5419 1638 5470 teneat
1654 5417 1736 5466 ιεὶοιιι
1753 5416 1781 5464 tu
1798 5415 1919 5465 οιιιιιλὺιιι
1935 5415 2048 5464 descra-

175 5513 308 5566 matium
327 5509 473 5573 persuum,
502 5504 598 5570 ριιέίιιιι
620 5505 724 5554 sellim
744 5503 778 5554 de
798 5500 950 5566 inofficiare
972 5515 1056 5566 apere
1076 5505 1237 5566 permissum
1261 5506 1311 5554 ert.
1412 5503 1441 5566 a)
1458 5503 1526 5552 vide
1548 5501 1694 5550 Loebrium
1716 5501 1743 5548 ln
1767 5499 1850 5548 llbro:
1874 5498 1976 5550 Arahtu
1997 5498 2049 5561 μέν·

174 5594 356 5650 εἰοελέεειιτλε
374 5590 478 5642 Prusia
496 5595 559 5640 tom.
576 5588 611 5637 V.
628 5601 653 5652 p.
671 5589 735 5638 89³.
838 5583 866 5649 6)
885 5586 952 5636 Vlda
976 5588 1124 5648 scriptores
1152 5587 1345 5637 ahlareaolllo
1369 5587 1386 5636 l.
1405 5587 1423 5636 l.
1441 5601 1466 5649 p.
1484 5587 1545 5634 279.
1564 5587 1620 5632 not.
1638 5582 1663 5632 1.
1681 5583 1802 5634 laudatos
1820 5589 1847 5634 et
1864 5583 2048 5634 Mrrshlenbru-

175 5685 270 5734 eblum
287 5677 307 5728 l.
326 5678 343 5726 l.
359 5690 385 5738 p.
399 5675 463 5728 293.
481 5678 537 5722 not.
554 5673 581 5722 2.
667 5671 697 5734 7)
715 5671 783 5721 vluo
807 5677 895 5721 const.
913 5670 937 5720 1.
956 5669 982 5730 S.
1000 5671 1027 5720 2.
1044 5669 1109 5720 cod.
1129 5669 1185 5720 Vll.
1208 5671 1254 5722 40.
1290 5671 1358 5722 Vlda
1381 5667 1587 5720 Unterbolznerl
1613 5665 1726 5718 llbrum:
1753 5666 1948 5734 Aussithrh'chc
1972 5666 2045 5717 Eat-

172 5763 338 5827 ιοίνίιεὶιιιιρ
355 5760 405 5812 uer
419 5757 586 5824 aerummtea
607 5751 873 5821 Verjetrunprleltre
890 5753 1014 5819 (hetpatg
1033 5751 1123 5818 1828.)
1141 5759 1204 5807 tom.
1223 5755 1244 5804 l.
1262 5770 1287 5819 p.
1307 5752 1470 5805 tlt-lle.
